4393 6299
1554 527 2020 597 QuAEs'rlo
2091 520 2303 582 xxxul
3305 522 3373 575 39
3482 601 3484 604 ⁴

330 689 425 745 tur
454 702 531 744 ex
567 681 898 744 homicidio
937 679 1314 757 voluntario,
1346 690 1405 743 et
1452 680 1715 761 exceptis
1751 677 1890 741 aliis

332 776 603 839 deductis
628 777 705 838 ad
734 776 937 837 forum
959 775 1432 848 contentiosum;
1464 793 1621 855 quae
1646 775 1889 854 dispen-

333 870 482 932 satio
508 881 712 934 tamen
762 871 997 951 prodest
1027 870 1091 931 in
1120 871 1252 932 foro
1296 868 1735 942 conscientiae;
1768 885 1893 948 quo

333 965 489 1027 circa
538 985 678 1026 cum
711 984 1023 1027 versemur
1059 964 1120 1025 in
1167 964 1531 1037 homicidit),
1554 974 1615 1025 et
1641 962 1706 1023 in
1735 961 1893 1024 facto

297 1060 603 1140 -exposito
635 1070 1042 1140 supponatur,
1091 1059 1246 1121 illud
1290 1059 1505 1130 fuisse,
1538 1067 1598 1120 et
1625 1076 1752 1119 esse
1792 1076 1892 1118 oc-

333 1155 601 1228 cultum,
639 1175 745 1217 nec
775 1173 1044 1236 unquam
1096 1154 1417 1216 deductum
1453 1152 1636 1214 fuisse
1675 1151 1753 1212 ad
1803 1149 1894 1212 so-

337 1269 474 1311 rum
516 1249 991 1323 contentiosum,
1025 1258 1083 1311 et
1117 1249 1216 1310 hic
1240 1294 1257 1322 ‚
1286 1258 1350 1310 et
1396 1267 1558 1309 nunc
1587 1245 1895 1307 moraliter

335 1364 460 1406 esse
500 1344 907 1424 impossibile,
939 1352 1008 1405 ut
1036 1344 1127 1405 ad·
1150 1344 1377 1406 dictum
1408 1343 1609 1405 forum
1637 1341 1895 1403 deduca-

337 1447 470 1513 tur,
506 1448 666 1501 totus
693 1438 1061 1501 difficultatis
1097 1448 1355 1520 punctus
1383 1438 1501 1500 erit
1529 1438 1590 1498 in
1619 1436 1733 1510 hoc
1754 1454 1897 1497 con·

339 1534 713 1608 stituendus,
761 1555 839 1598 an
868 1534 934 1595 in
960 1554 1099 1597 casu
1123 1543 1184 1596 01
1211 1533 1287 1596 ad
1330 1534 1608 1596 effectum
1657 1532 1733 1593 de
1775 1549 1899 1611 quo

339 1627 541 1710 agitur
565 1683 582 1706 ,
612 1629 1005 1691 homicidium
1033 1629 1150 1691 dici
1181 1628 1380 1691 valeat
1400 1625 1836 1690 voluntarium.

456 1725 764 1786 Adversus
807 1724 1163 1806 qualitatem
1210 1722 1522 1786 homicidii
1566 1718 1899 1783 voluntarii

340 1817 522 1893 facit,
571 1819 736 1899 quod
765 1819 829 1880 iu
858 1819 1137 1900 pluribus
1170 1838 1332 1880 mors
1362 1839 1479 1879 non
1521 1816 1796 1899 sequitur
1825 1835 1899 1877 ex

346 1914 632 1985 vulnere,
686 1933 793 1995 per
848 1933 1106 1996 parvum
1153 1913 1415 1976 cultrum
1466 1912 1670 1986 illat0,
1723 1913 1901 1993 juxta

342 2007 690 2070 Doctrinam
722 2006 988 2087 Cajctani
1005 2011 1079 2093 ‘in
1109 2006 1418 2069 comment.
1471 2008 1546 2068 ad
1575 2012 1636 2066 2.
1667 2011 1728 2066 2.
1766 2004 1904 2065 Divi

351 2102 590 2165 Thomac
617 2115 834 2182 quaest.
876 2108 973 2164 64.
999 2112 1115 2164 art.
1155 2108 1214 2165 8.
1257 2104 1334 2164 ad
1358 2105 1608 2163 tertium.
1646 2100 1903 2161 Homici-

348 2197 503 2257 diam
529 2217 645 2257 non
670 2199 821 2258 inter
859 2199 1153 2269 casualia,
1183 2198 1276 2257 scd
1305 2199 1637 2258 voluntaria
1675 2215 1902 2275 compa-

348 2292 581 2351 tandum
618 2292 871 2365 videtur,
910 2294 1179 2370 quoniam
1218 2293 1281 2351 in
1306 2300 1571 2371 prompta
1606 2291 1758 2351 ratio
1789 2298 1901 2360 cst,

344 2396 408 2445 at
447 2397 609 2446 actas
641 2388 758 2467 ipsc
788 2388 986 2446 occisio
1013 2388 1120 2458 sit,
1166 2388 1437 2464 quoniam
1477 2384 1611 2446 talis
1650 2394 1809 2444 actus
1842 2386 1908 2442 in

340 2481 607 2559 pluribus
634 2488 805 2540 natus
831 2490 907 2540 cst
937 2480 1117 2557 facere
1144 2481 1434 2552 abortum,
1460 2479 1685 2540 casuale
1718 2488 1906 2539 autom

345 2585 421 2634 cst
439 2621 457 2645 ‚
484 2585 549 2633 ιιι
574 2576 636 2633 in
663 2575 1046 2655 paucioribus.
1462 2626 1466 2631 .

464 2671 586 2730 Pro
614 2667 907 2749 qualitate
940 2687 1084 2730 vero
1125 2666 1412 2730 homicidi
1440 2665 1813 2737 voluntarii,
1849 2672 1909 2726 et

347 2763 659 2845 signanter
708 2764 785 2824 ad
840 2764 1116 2825 effectum
1164 2762 1238 2824 de
1278 2782 1402 2843 quo
1432 2762 1668 2844 agitur,
1722 2759 1904 2834 facit,

349 2859 513 2939 quod
549 2856 945 2919 homicidium
978 2857 1405 2933 voluntarium¹
1426 2865 1512 2918 est
1551 2876 1670 2916 non
1711 2854 1908 2917 solum

348 2954 597 3035 quando
646 2952 917 3015 occidens
952 2951 1232 3033 explicite
1280 2950 1411 3013 vult
1452 2951 1752 3023 occidere,
1805 2950 1906 3011 sed

350 3050 532 3111 etiam
581 3048 827 3129 quaudo
890 3047 1019 3129 ejus
1076 3046 1357 3108 voluntas
1410 3045 1599 3119 tendit
1653 3044 1715 3106 in
1767 3064 1908 3105 eum

352 3156 586 3216 actum,
620 3165 696 3205 ex
724 3162 846 3224 quo
884 3144 959 3204 de
986 3162 1093 3223 per
1129 3162 1223 3215 se,
1254 3161 1323 3203 ac
1358 3139 1703 3202 immediate
1750 3159 1911 3200 mors

353 3241 651 3320 sequitur,
679 3258 796 3300 non
821 3258 929 3319 per
953 3236 1225 3299 accidens
1246 3282 1263 3310 ‚
1291 3236 1379 3298 uti
1403 3235 1698 3317 contingit
1722 3235 1784 3294 in
1813 3253 1907 3305 00,

358 3337 459 3417 qui
488 3335 683 3396 alium
714 3332 1002 3414 percutit,
1032 3330 1238 3394 volens
1270 3331 1325 3392 ei
1360 3329 1647 3413 injuriam
1677 3329 1909 3409 irroga-

356 3450 420 3491 re
443 3475 461 3501 ‚
490 3431 595 3491 sed
628 3448 747 3489 non
792 3426 1085 3500 occidere,
1114 3426 1164 3487 si
1207 3426 1370 3487 enim
1413 3445 1490 3486 ex
1534 3423 1914 3504 percussione

357 3545 518 3586 mors
538 3531 829 3606 sequatur
852 3568 870 3595 ,
900 3521 1016 3584 dici
1026 3534 1123 3583 tur
1149 3520 1454 3583 homicida
1489 3519 1870 3581 voluntarius
1894 3563 1910 3590 ‚

356 3641 493 3681 cum
520 3619 799 3680 voluntas
821 3616 1209 3698 percutientis
1237 3615 1468 3678 feratur
1489 3614 1551 3676 in
1584 3612 1913 3694 percussio-

360 3735 496 3777 nem
516 3760 533 3789 ,
580 3725 642 3776 et
668 3714 731 3774 in
760 3732 941 3774 omne
965 3711 1030 3773 id
1052 3756 1071 3785 ‚
1119 3711 1283 3792 quod
1311 3709 1656 3772 immediate
1678 3755 1697 3784 ,
1723 3719 1783 3770 et
1810 3724 1917 3789 per

2434 678 2795 755 QUAESTIO
2828 670 3122 739 XXXIV.

2117 868 2187 929 In
2218 869 2410 931 Causa
2435 869 2809 941 Bononiensi,
2835 869 2924 929 dic
2946 873 3043 928 21.
3072 867 3231 945 Maji
3263 874 3436 931 1718.

1999 1002 2131 1120 Ex
2164 1068 2515 1121 testamento
2546 1059 2850 1138 periturae
2869 1078 3203 1138 numquam
3238 1058 3562 1123 memoriae

2003 1153 2344 1215 Cardinalis
2373 1153 2593 1233 AEgidii
2634 1152 2990 1213 Alburnozzi
3022 1153 3358 1223 Bononiae,
3385 1161 3444 1215 et
3475 1163 3564 1214 to·

2008 1249 2125 1311 tius
2176 1249 2385 1310 ltaliae
2414 1249 2486 1309 de
2516 1248 2728 1309 Latere
2778 1247 2979 1327 Legati
3012 1292 3028 1319 ,
3076 1247 3417 1309 institutum
3453 1246 3568 1311 fuit

2008 1342 2069 1404 in
2095 1342 2352 1405 Civitate
2381 1342 2687 1405 Bononiae
2709 1341 3171 1404 celeberrimum
3202 1343 3405 1404 Sancti
3434 1342 3568 1405 Cle·

2007 1438 2227 1499 mentis
2279 1436 2617 1516 Collegium
2679 1456 2788 1516 pro
2861 1435 3179 1499 Nobilibus
3236 1436 3562 1517 Hispanis,

2005 1533 2170 1613 quod
2195 1552 2411 1594 nomen
2443 1532 2625 1594 babet
2643 1530 2890 1613 Collegii
2914 1532 3195 1614 Majoris,
3220 1551 3357 1594 cum
3384 1531 3570 1596 suerit

2008 1646 2221 1687 norma
2253 1625 2512 1687 aliorum
2542 1624 2802 1686 subinde
2845 1614 3284 1707 Collegiorum',
3319 1645 3478 1707 quae
3505 1625 3569 1688 in

2011 1720 2325 1801 Hispaniis
2371 1728 2569 1782 erecta
2619 1718 2900 1792 fuerunt,
2940 1727 3010 1781 ut
3054 1718 3334 1802 pluribus
3388 1719 3574 1782 refert

2011 1818 2297 1876 Antonius
2314 1816 2607 1877 Masinius
2625 1816 2834 1876 Rerum
2851 1814 3296 1876 Bononiensium
3312 1814 3577 1898 Scriptqr

2008 1913 2470 1973 accuratissimus
2491 1931 2623 1990 paq.
2657 1915 2794 1972 529.

2131 2006 2220 2067 Ad
2251 2005 2366 2068 boc
2395 2005 2804 2087 Hispanorum
2832 2004 3166 2091 Collegium
3189 2051 3207 2079 ‚
3237 2008 3409 2087 cujus
3438 2004 3576 2067 sun·

2011 2101 2176 2163 datio
2196 2100 2313 2163 fuit
2332 2102 2513 2163 etiam
2552 2103 2830 2164 roborata
2855 2102 3210 2165 auctoritate
3228 2101 3576 2181 apostolica,

2018 2198 2352 2260 nonnullae
2376 2198 2806 2279 Hispaniarum
2831 2197 3151 2269 Ecclesiae,
3176 2207 3231 2259 et
3255 2196 3443 2259 illido
3466 2197 3580 2260 Do-

2007 2313 2115 2375 'mo
2168 2293 2536 2355 Fundatoris
2560 2295 2659 2375 jus
2688 2293 2912 2354 habent
2953 2292 3308 2354 nominandi
3349 2301 3582 2355 certum

2014 2406 2339 2448 numerum
2364 2386 2867 2449 scholasticorum
2894 2435 2909 2457 ,
2936 2387 3040 2466 qui
3064 2386 3459 2468 Theologiae‚
3483 2388 3576 2449 vel

2012 2482 2179 2543 Juris
2234 2481 2523 2557 Canonici
2572 2482 2943 2543 Professores
2995 2482 3204 2543 saltem
3260 2482 3582 2544 Baccalau·

2018 2586 2223 2637 reatus
2254 2575 2495 2637 titulum
2539 2577 2601 2637 in
2634 2596 2755 2638 una
2778 2625 2791 2646 ‚
2827 2575 2919 2637 vel
2945 2577 3132 2637 altera
3161 2576 3445 2638 facultate
3472 2577 3584 2638 oh-

2016 2671 2344 2745 tinuerint‚
2376 2670 2462 2732 uti
2502 2671 2724 2754 legitur
2756 2674 2821 2731 in
2854 2671 3088 2731 Statuto
3122 2671 3363 2750 Colloqii
3398 2691 3576 2744 nono,

2016 2778 2068 2828 ct
2091 2769 2301 2829 decimo
2326 2768 2459 2827 dist.
2493 2772 2552 2827 2.
2605 2776 2666 2829 01
2703 2767 2965 2848 quilibet
2998 2766 3343 2828 nominatus
3374 2769 3604 2829 coram‘

2015 2862 2344 2925 Ordinario
2373 2864 2514 2924 Loci
2545 2863 2802 2942 probare
2824 2870 3062 2923 tenetur
3094 2862 3415 2939 puritatem
3437 2881 3582 2923 suae

2016 2957 2287 3038 Originis
2311 3004 2327 3030 ,
2366 2959 2597 3038 absque
2624 2957 2751 3019 ulla
2781 2956 3015 3019 macula
3045 2956 3396 3018 Maurorum
3426 3001 3441 3028 ,
3472 2955 3582 3016 Ju-

2017 3053 2330 3124 daeorum,
2367 3051 2461 3113 vel
2513 3051 3006 3125 Haereticorum,
3038 3060 3097 3112 et
3131 3049 3249 3112 alia
3280 3050 3578 3130 quaedam

2017 3148 2306 3229 requisita
2325 3194 2341 3220 ,
2371 3167 2530 3228 quae
2559 3155 2701 3209 sunt
2742 3146 3039 3226 descripta
3069 3144 3132 3206 iu
3167 3144 3289 3206 line
3314 3143 3577 3207 Statuto-

2019 3262 2157 3303 rum
2184 3244 2287 3303 snb
2321 3244 2596 3304 versiculo
2641 3244 2900 3319 sequitur
2926 3242 3109 3318 sonna
3137 3241 3476 3310 commanis,
3522 3249 3582 3301 et
3647 3314 3651 3318 .

2018 3336 2169 3399 haec
2192 3338 2471 3417 probatio
2504 3334 2636 3397 fieri
2666 3336 2844 3398 debet
2875 3355 2978 3415 per
3013 3342 3187 3396 testes
3213 3333 3584 3406 catholicos,
3655 3325 3665 3345 '

2012 3441 2071 3495 et
2097 3432 2262 3494 omni
2295 3431 2644 3512 exceptione
2669 3433 2929 3511 majores
2954 3476 2972 3502 ,
2999 3428 3105 3510 qui
3134 3428 3260 3490 sint
3279 3426 3355 3490 ad
3384 3428 3587 3489 minus

2022 3528 2297 3607 quinque
2323 3547 2339 3597 ς
2376 3535 2436 3587 01
2465 3524 2684 3587 deinde
2714 3543 2821 3605 per
2846 3523 2997 3585 alios
3034 3531 3154 3584 tres
3186 3531 3362 3585 testes
3386 3521 3588 3604 legali·

2024 3628 2208 3682 tatem
2244 3619 2484 3681 testium
2515 3617 2999 3681 examinatorum
3020 3617 3501 3698 comprobantes.

2145 3712 2366 3775 Primis
2394 3712 2557 3774 hisce
2588 3712 3049 3793 probationibus
3075 3711 3414 3793 compilatis
3439 3755 3456 3784 ‚
3488 3729 3592 3774 ea·

361 3827 455 3882 se,
489 3828 612 3870 non
637 3826 745 3888 per
773 3803 1047 3867 accidens
1073 3824 1150 3868 ex
1188 3824 1260 3865 eo
1286 3803 1473 3866 suerit
1501 3813 1818 3876 secutum3
1859 3810 1921 3864 et
2024 3807 2161 3870 dem
2213 3807 2276 3868 in
2325 3806 2523 3869 forma
2562 3806 2906 3870 authentica
2932 3851 2948 3878 ,
3003 3826 3126 3867 una
3183 3826 3320 3867 cum
3372 3805 3590 3867 litteris

354 3904 437 3966 sic
471 3904 534 3964 in
590 3900 984 3963 homicidium
1019 3919 1097 3961 ex
1140 3899 1518 3980 percussione
1567 3918 1672 3979 per
1706 3916 1811 3969 se;
1860 3904 1920 3958 et

361 3997 709 4060 immediate
732 4003 1037 4066 secutum,
1069 3995 1156 4055 uti
1190 3994 1403 4073 probat
1428 3995 1653 4055 Textus
1693 3994 1758 4052 in
1790 4011 1916 4071 cap.

360 4093 468 4153 alt.
510 4093 576 4153 dc
624 4091 923 4151 home’cidio
968 4091 1031 4149 in
1065 4094 1123 4148 6.
1154 4097 1213 4149 et
1256 4087 1375 4150 late
1409 4096 1663 4150 exornat
1710 4085 1917 4149 Cocar.

362 4191 423 4249 in
450 4197 742 4249 comment.
774 4185 851 4247 ad
882 4183 1292 4247 clementinam
1318 4186 1369 4244 si
1394 4185 1643 4261 furiosas
1663 4183 1728 4244 dc
1750 4183 1923 4241 homi·

364 4285 511 4344 cidio
529 4303 661 4363 par.
698 4286 756 4341 2.
785 4283 886 4341 sub
914 4300 1072 4341 nuni.
1109 4280 1323 4358 prime,
1358 4277 1459 4338 ubi
1491 4278 1672 4339 etiam
1701 4275 1766 4358 §⁰
1798 4277 1924 4355 pri-

362 4397 450 4437 mo
470 4378 574 4437 sub
601 4396 761 4436 num.
791 4379 848 4435 2.
883 4374 1163 4435 observat
1180 4420 1197 4443 ‚
1224 4373 1386 4453 quod
1413 4371 1649 4432 habens
1679 4370 1924 4432 faculta-

368 4480 479 4534 tem
518 4468 900 4551 dispensandi
933 4469 995 4529 in
1049 4467 1373 4532 homicidio
1399 4463 1624 4527 casuali
1656 4512 1672 4535 ,
1707 4472 1766 4526 et
1803 4484 1924 4526 non

367 4563 431 4625 in
460 4563 808 4625 voluntario
838 4582 958 4623 non
990 4569 1178 4642 potest
1207 4560 1269 4622 in
1299 4558 1459 4623 dicto
1481 4557 1807 4621 homicidio
1835 4566 1926 4621 ta-

372 4657 510 4720 liter
541 4659 858 4721 commisso
900 4657 1266 4737 dispensare.

487 4753 599 4815 His
624 4762 828 4815 autem
847 4751 1180 4822 stantibus,
1215 4749 1530 4831 quaeritur
1549 4794 1566 4823 ,

487 4850 582 4907 An
610 4847 961 4909 Ordinarias
980 4848 1301 4927 dispensare
1328 4847 1515 4907 valcat
1545 4848 1608 4905 in
1638 4845 1924 4922 irrequla·

371 4944 540 5004 ritate
566 4962 639 5003 cm
662 4943 962 5003 homicidio
983 4952 1270 5002 contracto
1302 4942 1366 5002 in
1405 4960 1542 5003 casa
1566 4985 1583 5015 ,
1614 4952 1664 5002 cl
1693 4943 1770 5004 ad
1800 4939 1924 5020 effc-

372 5048 553 5109 ctum,
585 5040 648 5098 dc
676 5058 786 5117 qao
811 5039 1029 5116 ayitur.
1910 5031 1914 5036 ’

483 5231 617 5280 Sacc.
648 5229 847 5298 Congr.
878 5227 1175 5298 respoudit,

553 5316 833 5385 Νεὸαιίνσ.

2028 3901 2516 3964 nominationisa
2565 3902 2874 3962 nominato
2900 3900 3271 3962 exhibentur
3303 3899 3541 3962 Rectori
3568 3946 3586 3973 ,

2028 4007 2089 4062 et
2118 3997 2366 4075 Collegii
2402 3995 2833 4077 Collegialibus
2860 4041 2876 4069 ,
2907 3994 3011 4075 qui
3047 3995 3242 4074 ipsum
3285 3994 3347 4055 in
3399 3993 3589 4056 Colle-

2029 4094 2194 4174 gium
2220 4092 2586 4164 admittunt,
2620 4099 2934 4170 postquam
2960 4097 3437 4171 recognoverunt
3458 4109 3583 4151 om·

2031 4189 2135 4250 nia
2169 4188 2351 4249 fuisse
2386 4187 2499 4248 rite
2523 4231 2539 4257 ,
2572 4194 2633 4246 et
2661 4194 2819 4247 recte
2855 4194 3113 4264 peracta.

2152 4281 2312 4354 Quia
2345 4299 2486 4340 vero
2533 4278 2681 4339 baec
2708 4278 2905 4357 prima
2935 4276 3211 4357 probatio
3246 4296 3375 4339 esse
3401 4284 3593 4357 potest

2030 4376 2262 4446 errori,
2310 4383 2371 4435 et
2406 4372 2738 4453 deceptioni
2780 4371 3069 4444 obnoxia,
3124 4370 3237 4433 hac
3271 4370 3346 4432 de
3377 4388 3588 4444 causa,

2032 4471 2096 4532 in
2136 4469 2385 4549 Collegii
2413 4467 2665 4530 Statutis
2696 4487 2804 4545 per
2837 4466 3115 4528 Summos
3143 4464 3461 4526 Pontifices
3486 4484 3592 4544 ap—

2032 4565 2307 4647 probatis
2328 4610 2345 4637 ,
2377 4583 2534 4624 nova
2559 4572 2615 4623 et
2637 4561 2917 4623 distincta
2943 4559 3373 4640 praescribitur
3402 4557 3595 4620 forma

2031 4659 2110 4721 ad
2148 4658 2479 4730 secundum
2532 4674 2785 4717 examen
2822 4652 3178 4715 deveniendi
3209 4673 3227 4723 ς
3276 4671 3313 4714 a
3358 4659 3480 4714 toto
3511 4654 3593 4714 si-

2033 4752 2281 4833 quidem
2313 4749 2579 4832 Collegio
2631 4767 2736 4828 per
2783 4757 3006 4809 secreta
3059 4744 3387 4826 suffragia,
3440 4765 3596 4807 unus

2031 4866 2108 4908 ex
2143 4842 2573 4924 Collegialibus
2593 4842 2874 4921 eligitur,
2923 4840 3028 4918 qui
3053 4839 3180 4920 jam
3220 4836 3475 4918 peractis
3501 4858 3595 4899 se-

1977 4998 1983 5008 ,
2032 4938 2246 5002 cundis
2280 4936 2757 5018 probationibus,
2791 4934 2866 4994 de
2898 4931 3106 5012 aliquo
3135 4930 3434 4992 Beneficio
3457 4951 3597 5011 pro-

1976 5011 1984 5052 ²
2034 5034 2221 5104 visus,
2259 5032 2317 5091 in
2370 5030 2695 5109 Hispanias
2728 5026 2996 5099 redierit,
3026 5035 3091 5087 ut
3114 5025 3189 5086 de
3214 5026 3469 5087 veritate
3492 5069 3510 5097 ‚
3538 5033 3598 5087 et

2034 5124 2423 5187 subsistentia
2495 5122 2831 5203 primarum
2889 5118 3316 5200 probationum
3377 5137 3484 5197 per
3533 5138 3599 5179 se

2038 5219 2237 5300 ipsum
2260 5216 2554 5297 inquirat,
2579 5215 2984 5277 examinando
3008 5213 3227 5274 iterum
3256 5219 3465 5282 testes,
3490 5211 3598 5291 qui

2038 5333 2240 5377 coram
2273 5312 2413 5373 Loci
2441 5310 2768 5373 Ordinario
2798 5309 3204 5386 deposuerunt
3226 5351 3242 5378 ‚
3277 5304 3370 5365 vel
3400 5303 3553 5366 alios
3582 5354 3595 5374 ,

2040 5408 2089 5470 si
2129 5407 2218 5467 illi
2276 5406 2496 5467 mortui
2530 5405 2651 5466 sint
2678 5450 2696 5477 ,
2726 5412 2787 5465 et
2821 5409 3056 5483 praeter
3103 5400 3211 5461 hos
3240 5447 3255 5469 ,
3290 5398 3441 5460 alios
3463 5408 3597 5460 ,tres

2041 5503 2245 5565 Testes
2270 5519 2450 5582 super
2473 5499 2719 5564 illorum
2742 5544 2758 5571 ,
2790 5505 2848 5559 et
2869 5496 3099 5561 Notarii
3133 5495 3204 5558 dc
3235 5493 3431 5576 prima
3462 5512 3599 5573 pro-
