4393 6299
1600 483 1646 550 Q
1671 485 1792 537 uas
1814 486 1847 537 s
1877 487 1921 534 τ
1953 483 2050 542 10
2115 482 2381 539 Lxxxm.
3371 492 3435 543 on

411 640 556 700 enni
587 637 787 700 avanti
806 681 823 709 ,
871 656 898 696 ο
936 652 1005 696 ne
1040 637 1263 698 sarebbe
1278 644 1486 698 restuto
1523 637 1817 718 diffamato
1856 657 1965 695 non
2078 637 2315 715 quitur:
2343 637 2420 699 ad
2441 640 2716 718 primum,
2750 638 2864 701 hoc
2882 649 2970 703 est
2999 642 3198 722 quoad
3233 641 3497 723 legatum
3532 642 3624 705 1.-

408 736 529 793 ·solo
558 733 707 806 detto
731 730 847 793 Fra
874 730 1170 792 Domenico
1197 731 1500 793 Franeesco
1521 778 1540 803 ,
1580 750 1683 792 ma
1701 733 1876 794 anche
1909 734 1966 792 la

414 828 701 906 Famiqlia
726 829 782 886 d'
801 846 914 887 esso
939 824 1210 898 Oratore,
1240 847 1386 888 come
1419 830 1617 889 altresi
1636 876 1653 900 ,
1685 830 1879 907 perche
1905 832 1967 890 di

413 926 603 1003 quella
632 943 771 1003 poca
800 923 980 983 zenda
1010 967 1027 993 ,
1064 920 1147 982 eh'
1170 941 1283 981 esso
1302 925 1654 1003 supplicante
1685 944 1858 985 aveva
1900 925 1965 985 di

413 1022 542 1098 quel
572 1031 749 1099 tempo
770 1064 788 1089 ‚
819 1037 874 1077 se
898 1020 951 1076 si
977 1019 1212 1078 svestiva
1240 1019 1300 1076 di
1328 1020 1475 1078 detto
1507 1021 1660 1080 abito
1692 1039 1793 1079 suo
1835 1020 1958 1096 fra-

413 1116 545 1175 tello
571 1160 588 1187 ,
625 1136 694 1175 ne
725 1125 951 1175 restaoa
992 1132 1187 1191 pavero
1229 1115 1376 1174 colla
1417 1134 1525 1175 sua
1553 1117 1818 1193 samiqle‘a
1848 1137 1960 1176 esso

415 1211 772 1289 supplicante
796 1227 817 1268 .·
853 1216 914 1269 et
957 1216 1088 1288 post
1130 1206 1443 1268 deductam
1472 1255 1488 1278 ‚
1530 1216 1589 1269 et
1638 1209 1957 1289 allegatam

411 1304 814 1387 ignorantiam
835 1352 850 1372 ,
876 1304 1036 1383 quod
1064 1301 1337 1382 imposita
1373 1312 1525 1365 esset
1544 1304 1956 1364 excommuni-

411 1398 665 1462 cationis
698 1416 890 1478 poena
918 1398 1205 1458 adversus
1230 1416 1373 1467 eos,
1420 1397 1525 1476 qui
1577 1406 1798 1478 cogunt
1843 1398 1957 1459 ali-

409 1513 590 1575 quem
617 1493 692 1555 ad
722 1491 1109 1555 emittendam
1142 1490 1566 1570 professionem
1589 1492 1952 1573 regularem,

407 1589 491 1651 sic
516 1587 852 1650 concludit:
883 1597 1141 1668 portanto
1160 1598 1444 1666 prostrato
1461 1585 1514 1647 α’
1526 1589 1652 1647 suoi
1688 1590 1841 1667 piedi
1858 1636 1872 1657 ,
1925 1609 1958 1647 o

408 1687 530 1747 alla
553 1683 744 1745 Santa
755 1681 897 1743 Sede
912 1681 1256 1775 Apostolica,
1271 1683 1385 1742 alli
1406 1683 1570 1759 quali
1592 1703 1658 1742 ne
1676 1684 1958 1744 domanda

407 1779 456 1837 il
481 1778 746 1857 perdono,
776 1795 804 1837 e
829 1777 916 1855 qli
939 1772 1200 1859 supplica
1232 1775 1560 1851 perdonarli
1583 1777 1633 1835 il
1654 1798 1754 1837 suo
1781 1778 1954 1852 sallo,

409 1892 437 1934 e
464 1874 691 1951 quando
713 1872 852 1950 fosse
869 1857 1073 1931 eaduto
1104 1871 1168 1929 in
1189 1871 1401 1951 alcuna
1428 1890 1665 1932 cemura
1692 1918 1706 1942 ,
1740 1874 1792 1931 lo
1820 1891 1956 1952 eup-

405 1968 556 2048 pliea
585 1968 717 2028 dell·
731 1958 1079 2027 assoluzione
1101 1965 1167 2048 di
1182 1984 1320 2026 „essa
1340 2010 1358 2035 ‚
1388 1985 1490 2025 con
1517 1985 1650 2026 aver
1671 1968 1946 2027 commise-

405 2062 637 2121 razione
683 2061 746 2120 di
793 2079 907 2119 non
933 2077 1075 2119 esser
1130 2056 1155 2125 f
1251 2069 1305 2152 to
1350 2060 1849 2141 volontariamente
1891 2062 1957 2119 in

406 2156 614 2217 alcuna
646 2153 816 2235 offesa
843 2165 1036 2213 contro
1066 2153 1149 2220 te·
1245 2155 1521 2235 „animm

522 2249 858 2335 Adduntury
872 2228 1373 2332 depositiffiessdd
1393 2256 1741 2328 perpetuam
1768 2239 1967 2309 trium'

409 2343 668 2404 aliorum
721 2341 1159 2423 Religioeorum
1178 2385 1226 2424 9,
1254 2341 1372 2422 qui
1407 2344 1496 2402 die
1542 2347 1638 2407 31.
1698 2340 1957 2405 Octobris

411 2442 583 2497 1719.
620 2436 959 2498 retulerunt
986 2456 1049 2497 se
1085 2435 1312 2515 pluries
1340 2435 1643 2497 audivisse
1674 2436 1952 2499 Fratrem

409 2531 792 2593 Dominicum
847 2542 1309 2611 conquerentem
1363 2540 1487 2592 tam
1542 2530 1616 2591 de
1676 2533 1957 2596 nullitate

405 2625 828 2697 Profeesionis,
857 2644 1042 2705 quam
1091 2624 1528 2687 Ratiticationis
1547 2671 1564 2699 ,
1613 2626 1956 2704 quinimmo

403 2720 556 2784 alter
577 2741 653 2782 ex
684 2720 895 2781 iisdem
945 2719 1189 2790 subdit,
1220 2738 1284 2779 se
1310 2719 1636 2783 violentiae
1659 2721 1953 2784 lamenta-

408 2817 596 2875 tiones
630 2815 990 2873 intellexisse
1023 2815 1098 2873 ab
1138 2832 1244 2874 ore
1266 2813 1497 2875 Fratris
1525 2815 1824 2892 Dominici
1856 2815 1957 2877 die

402 2911 743 2971 immediate
765 2909 1057 2987 sequenti,
1075 2926 1255 2987 seque
1279 2916 1421 2972 tunc
1440 2908 1685 2971 obviam
1708 2909 1955 2972 habuis-

406 3027 462 3065 se
492 3005 879 3065 Laurentium
903 3006 1174 3064 Fratrem
1192 3048 1208 3072 ,
1235 3023 1264 3063 e
1289 3005 1563 3084 riprosoto
1587 3005 1738 3066 della
1764 3006 1951 3084 fou-za,

404 3104 492 3160 che
524 3122 694 3160 avem
723 3100 865 3176 fatto
887 3104 945 3158 al
969 3102 1113 3157 detto
1140 3096 1258 3159 Fra
1282 3097 1578 3160 Domestica
1601 3098 1905 3161 Francesco
1931 3143 1947 3172 ,

404 3218 510 3254 esso
540 3198 745 3272 risposc
771 3198 1221 3272 primiernmenle
1245 3240 1260 3263 ,
1277 3193 1381 3261 ‚che
1398 3213 1514 3253 non
1539 3213 1743 3274 sapeva
1765 3196 1953 3273 quello

402 3294 490 3348 che
516 3292 813 3352 dit-eumne,
843 3310 867 3346 e
895 3292 989 3369 poi
1013 3292 1065 3342 στ’
1083 3287 1324 3360 consent)
1349 3290 1398 3347 t‘l
1423 3298 1591 3356 lullo,
1613 3290 1950 3351 ‘semiulnae‘

400 3389 530 3463 pero
554 3431 568 3452 ,
597 3384 694 3442 che
715 3402 783 3441 ne
809 3381 875 3459 [u
902 3401 1076 3443 eausa
1098 3383 1145 3440 il
1168 3382 1316 3441 detto
1352 3380 1470 3443 Fra
1507 3381 1805 3444 Valentino
1833 3430 1847 3451 ,
1877 3382 1953 3444 de

399 3495 520 3555 quo
546 3494 728 3556 supra
749 3474 994 3535 habitus
1020 3485 1106 3534 est
1142 3494 1372 3547 sermo,
1409 3486 1622 3536 mentre
1662 3478 1716 3535 lo
1740 3477 1949 3538 mando

399 3590 437 3631 a
469 3571 755 3631 chiamare
782 3588 883 3649 per
908 3588 1073 3629 uomo
1095 3578 1329 3647 opposta
1346 3617 1363 3639 ,
1393 3588 1421 3630 e
1450 3571 1523 3629 ‘lo
1558 3572 1783 3630 etimolo
1806 3591 1844 3631 a
1863 3572 1951 3630 cio

401 3666 544 3744 fare.

513 3758 674 3821 Haec
699 3756 927 3819 suntin
959 3756 1149 3819 Causa
1165 3803 1183 3830 ‚
1209 3756 1481 3836 adeoque
1504 3757 1725 3819 iterum
1741 3776 1942 3838 quae·-

399 3854 592 3914 ritur:

509 3943 606 4005 An
632 3946 706 4005 sit
733 3943 1077 4006 concedenda
1122 3945 1407 4005 restitutio
1438 3938 1505 4004 in
1547 3946 1834 4024 inteqrum
1877 3948 1944 4007 in

399 4059 531 4102 casu
550 4082 569 4100 .

497 4233 637 4297 secr.
664 4230 864 4296 Congr.
892 4229 984 4283 die
1014 4231 1097 4281 1³.
1126 4229 1337 4299 Aprilis
1367 4231 1526 4284 1720.
1555 4233 1859 4301 respondit:

566 4315 947 4386 Affirmaeioe.

783 4509 1143 4584 QUAESTIO
1197 4510 1541 4572 LXXXIV.

482 4698 554 4760 In
584 4696 778 4760 Causa
799 4695 1086 4758 cremensi
1111 4697 1473 4757 Reductionis
1504 4697 1855 4772 Missurum,

803 4792 892 4852 die
924 4795 982 4852 4.
1012 4789 1316 4853 Februarii
1341 4796 1516 4854 1719.

398 4922 855 5061 supplicarunt
886 4979 1169 5041 Canonici
1213 4979 1540 5061 Regulares
1583 4981 1933 5044 Monasterii

390 5074 450 5136 S.
471 5074 774 5137 Benedicti
796 5073 1068 5136 Civitatis
1086 5073 1361 5135 Cremen.
1386 5074 1529 5137 huic
1553 5075 1769 5138 Sacrae
1787 5075 1937 5138 Con·

390 5168 720 5250 gregationi
759 5188 870 5250 pro
915 5169 1262 5230 reductione
1310 5167 1744 5230 nonnullorum
1790 5190 1934 5232 one-

392 5282 526 5325 rum
554 5262 915 5337 Missurum,
952 5271 1012 5325 et
1056 5262 1358 5344 proposita
1388 5281 1599 5323 eorum
1648 5263 1935 5326 instantia

392 5353 547 5418 inter
568 5355 897 5417 summaria
923 5375 1188 5435 precum,
1214 5374 1565 5435 responsum
1588 5355 1703 5418 suit
1723 5357 1812 5418 die
1830 5362 1930 5419 24.

2072 738 2236 793 ctum
2264 751 2425 793 anno
2451 737 2624 793 1632.
2654 731 2729 795 acl
2749 734 3114 796 Manualem:
3147 738 3439 816 agebatur
3457 738 3622 798 enim

2070 825 2146 886 de
2170 824 2363 906 legato
2388 826 2685 889 librarum
2711 830 2988 891 undecim
3022 832 3189 892 mille
3211 876 3227 904 ,
3260 832 3469 894 relicto
3509 833 3623 895 Ca·-

2073 922 2306 983 nonicis
2343 942 2479 983 cum
2514 942 2696 995 onere
2743 924 2960 985 Missae
2998 925 3390 1006 quotidianae
3417 976 3434 1000 ,
3474 927 3622 989 item

2070 1016 2363 1094 agebatur
2385 1017 2460 1076 de
2485 1017 2678 1096 legato
2706 1018 3032 1097 incipiente
3055 1041 3090 1082 a
3115 1022 3472 1101 quantitate,
3498 1044 3622 1085 non

2070 1113 2147 1172 ab
2189 1132 2373 1172 onere
2398 1158 2411 1181 ,
2447 1133 2675 1172 necnon
2727 1114 2801 1174 de
2846 1115 3040 1194 legato
3085 1116 3381 1178 dictarum
3432 1118 3619 1179 libra-

2069 1224 2202 1263 rum
2230 1250 2245 1276 ‚
2278 1225 2435 1284 quae
2456 1218 2629 1267 erant
2663 1207 2976 1270 investitae
3001 1209 3062 1269 in
3098 1212 3359 1289 quodam
3386 1231 3564 1272 censu
3600 1257 3618 1283 ,

2063 1300 2236 1381 cujus
2264 1299 2543 1362 hodierni
2571 1302 2800 1363 reditus
2834 1322 3133 1365 summam
3160 1324 3277 1365 non
3321 1306 3620 1368 excedunt

2061 1401 2372 1454 scutorum
2398 1398 2497 1454 45.
2526 1404 2800 1456 monetae
2822 1398 3126 1459 Romanae
3145 1398 3394 1459 omnino
3423 1399 3617 1480 impa-

2067 1504 2194 1545 rem
2249 1506 2356 1565 pro
2407 1487 2877 1565 adimplemento
2922 1489 3138 1551 Missae
3185 1491 3576 1569 quotidianae
3597 1538 3617 1567 ,

2068 1577 2275 1642 habita
2309 1583 2542 1641 ratione
2568 1581 3006 1665 eleemosynae,
3033 1603 3189 1664 quae
3207 1584 3339 1647 dari
3366 1605 3619 1648 consue-

2065 1671 2153 1734 vit
2191 1673 2254 1733 in
2281 1674 2537 1737 Civitate
2565 1675 2761 1762 Crem.
2791 1697 2901 1758 pro
2928 1671 3147 1740 Missae
3173 1678 3576 1742 celebratione
3596 1726 3617 1754 ,

2067 1765 2149 1827 ita
2171 1775 2240 1827 ut
2261 1766 2336 1828 de
2358 1769 2705 1841 reductione
2725 1771 2803 1835 ad
2827 1772 3172 1833 manualem
3205 1772 3617 1836 existimatum

2069 1859 2253 1923 fuerit
2267 1862 2533 1926 dubitari
2558 1884 2678 1925 non
2702 1884 2891 1944 posse.
2911 1864 3116 1939 Quoad
3131 1868 3434 1927 seeundum
3452 1888 3615 1939 onus,

2065 1953 2178 2017 hoc
2208 1964 2298 2017 est
2326 1958 2523 2036 quoad
2557 1965 2932 2019 contractum
2978 1958 3198 2021 initum
3241 1979 3404 2022 anno
3437 1966 3614 2023 1628.

2066 2067 2420 2129 responsum
2446 2050 2563 2112 fuit
2596 2052 2827 2113 Lectum
2852 2099 2869 2123 ,
2893 2064 2943 2122 et
2972 2063 3216 2114 utantur
3233 2055 3369 2131 jure
3394 2075 3496 2115 suo
3524 2076 3617 2116 co-

2064 2161 2192 2203 ram
2223 2142 2428 2204 Iudice
2476 2157 2846 2225 competente,
2904 2155 2964 2208 et
3017 2146 3321 2227 loquendo
3369 2147 3444 2209 de
3480 2147 3617 2211 aliis

2065 2237 2355 2299 oneribus
2381 2257 2733 2318 responsum
2757 2239 2873 2301 fuit
2897 2239 3123 2301 Lectum
3136 2263 3159 2309 ,·
3179 2241 3618 2323 impetrataque

2062 2331 2321 2393 subinde
2349 2354 2385 2395 a
2413 2333 2731 2395 Canonicis
2758 2353 2913 2396 nova
2954 2334 3264 2398 audientia
3310 2354 3433 2398 una
3472 2355 3614 2398 cum

2064 2424 2463 2506 descriptione
2486 2428 2547 2488 in
2569 2427 2747 2501 folin,
2781 2429 2981 2509 agitur
3004 2429 3071 2490 in
3091 2430 3390 2509 praesenti
3417 2430 3493 2492 de
3519 2431 3613 2492 vi·-

2064 2519 2237 2580 ribus
2264 2519 2624 2599 praeteritae
2654 2519 3056 2583 resolutionis.

2181 2614 2512 2694 Loquendo
2544 2626 2745 2677 autem
2792 2616 2867 2677 de
2905 2625 3215 2680 contractu
3253 2617 3405 2679 inito
3448 2637 3611 2681 anno

2067 2711 2244 2770 1628.
2282 2709 2345 2770 in
2376 2710 2590 2779 ordine
2630 2711 2706 2773 ad
2752 2730 2934 2790 quem
2974 2732 3325 2792 responsum
3359 2712 3475 2775 fuit
3505 2713 3614 2775 Le-

2061 2816 2247 2876 ctum,
2278 2816 2330 2866 et
2373 2816 2622 2866 utantur
2644 2807 2784 2885 jure!
2817 2826 2919 2867 suo
2944 2827 3134 2869 coram
3158 2807 3363 2871 Iudice
3397 2829 3613 2890 compe·
3737 2818 3739 2820 ’

2065 2911 2209 2961 tente
2234 2948 2249 2971 ,
2300 2901 2612 2963 sciendum
2650 2909 2777 2974 est,
2828 2901 2991 2981 quod
3037 2903 3278 2965 Marcus
3315 2904 3615 2965 Antonius

2065 2996 2407 3057 Bondentee
2440 2995 2767 3078 assignavit
2803 2996 2963 3059 dicto
2988 3016 3151 3060 anno
3182 3003 3355 3059 1628.
3391 2998 3613 3060 Abbati

2064 3091 2414 3155 Monasterii
2454 3091 2644 3155 libras
2671 3096 2848 3155 5400.
2890 3113 2999 3173 pro
3040 3093 3442 3156 celebratione
3467 3093 3614 3156 Mis-

2059 3205 2161 3254 sae
2208 3174 2630 3266 quotidianae,
2674 3187 2836 3267 quod
2878 3188 3071 3252 dictae
3096 3188 3292 3250 librae
3329 3197 3503 3251 erant
3547 3189 3610 3250 in

2059 3282 2339 3343 censibus
2366 3281 2715 3354 investitae,
2739 3289 2800 3342 et
2824 3282 3287 3361 quodhodierni
3311 3282 3608 3344 dictorum

2059 3395 2350 3439 censuum
2374 3376 2603 3439 reditus
2628 3396 2746 3437 non
2769 3377 3066 3439 excedunt
3093 3395 3296 3439 annua
3320 3385 3487 3439 scuta
3505 3382 3604 3438 23.

2060 3480 2337 3532 monetae
2362 3473 2686 3532 Romanae.

2175 3562 2451 3644 Cumque
2473 3609 2489 3636 ,
2522 3573 2666 3626 teste
2692 3564 2986 3645 Episcopo
3011 3565 3077 3625 in
3101 3583 3213 3627 sua
3236 3564 3609 3628 informatio·

1944 3686 1950 3692 ·
2050 3653 2133 3720 'ne
2155 3703 2172 3728 ,
2221 3657 2518 3721 hodierna
2557 3658 2938 3740 eleemosyna
2974 3659 3274 3722 manualis
3312 3660 3390 3721 sit
3424 3658 3607 3722 unius

2054 3752 2205 3813 Julii
2251 3772 2387 3813 cum
2432 3753 2687 3814 dimidio
2728 3773 2840 3834 pro
2880 3773 3002 3815 una
3047 3755 3225 3817 Missa
3265 3754 3504 3828 feriali,
3546 3762 3607 3817 et

2059 3844 2321 3907 duorum
2365 3845 2667 3907 Juliorum
2713 3866 2825 3927 pro
2869 3846 3114 3921 festiva,
3159 3848 3302 3910 hinc
3334 3849 3607 3912 inferunt

2055 3939 2376 4013 Canonici,
2416 3950 2689 4002 constare
2724 3941 2798 4001 de
2822 3941 3116 4016 laesione,
3151 3951 3211 4004 et
3251 3942 3335 4003 sic
3360 3962 3487 4004 esse
3514 3944 3607 4003 lo-

2053 4022 2189 4095 cum
2225 4033 2592 4108 reductioni,
2629 4054 2747 4095 non
2775 4035 3079 4108 obstante,
3112 4037 3270 4116 quod
3300 4056 3454 4096 onus
3481 4036 3605 4097 fue-

2054 4128 2136 4190 rit
2167 4137 2539 4209 acceptatum
2567 4128 2630 4189 in
2661 4138 3006 4203 contractu3
3050 4140 3108 4190 et
3142 4130 3334 4191 multo
3375 4132 3598 4212 magis,

2051 4242 2190 4285 cum
2220 4224 2548 4303 acceptatio
2588 4233 2787 4285 secuta
2820 4224 2998 4285 suerit
3033 4233 3164 4303 post
3203 4225 3424 4286 editam
3455 4226 3601 4286 Bul-

2051 4315 2174 4377 lam
2229 4316 2535 4378 Urbanam
2564 4362 2581 4389 ,
2636 4326 2695 4378 et
2724 4327 2934 4379 contra
2977 4316 3237 4380 formam
3273 4318 3337 4377 in
3389 4318 3597 4381 eadem

2050 4411 2514 4491 praescriptam3
2560 4419 2688 4472 tum
2732 4410 2876 4490 quia
2923 4410 3005 4472 in.
3031 4411 3434 4502 acceptatione
3476 4431 3598 4472 non

2050 4503 2250 4566 adfuit
2274 4504 2517 4567 licentia
2547 4504 2609 4565 in
2636 4504 2873 4585 scriptis
2894 4505 3236 4586 Superioris
3262 4504 3597 4579 Generalis,

2051 4607 2179 4660 tum
2216 4599 2360 4680 quia
2397 4599 2685 4680 pecuniae
2718 4608 2891 4662 erant
2936 4599 2999 4660 in
3032 4600 3312 4661 censibus
3349 4599 3598 4661 investi-

2051 4703 2144 4755 tae
2160 4739 2177 4766 ,
2203 4693 2447 4775 quando
2471 4694 2543 4754 ad
2578 4694 2845 4756 tramites
2866 4693 3078 4755 Bullae
3104 4693 3597 4756 investimentum

2045 4785 2180 4848 fieri
2216 4788 2464 4849 debebat
2502 4787 2563 4848 in
2593 4788 2770 4850 bonis
2799 4788 3237 4851 immobilibus.

2165 4882 2380 4957 Quoad
2421 4883 2544 4944 alia
2576 4902 2717 4943 vero
2755 4901 2973 4954 onera,
3010 4883 3073 4943 in
3120 4883 3344 4964 quibus
3380 4883 3595 4947 rescri-

2045 4982 2215 5056 ptum
2246 4975 2362 5037 fuit
2388 4976 2650 5048 Lectum,
2686 4977 2998 5039 sciendum
3038 4985 3128 5040 est
3160 4977 3389 5058 primo,
3430 4978 3600 5058 quod

2045 5071 2112 5131 in
2140 5069 2394 5150 antiqua
2425 5070 2645 5133 tabella
2680 5089 2940 5152 appensa
2976 5071 3039 5131 in
3070 5071 3347 5133 Sacrario
3372 5071 3591 5133 descri-

2044 5174 2217 5246 ptum
2269 5174 2357 5226 est
2411 5185 2564 5227 onus
2616 5167 2889 5246 quinque
2941 5166 3262 5229 Missurum
3318 5164 3594 5245 quolibet

2046 5279 2252 5322 mense
2280 5258 2779 5323 celebrandarum
2824 5259 2901 5322 ad
2927 5259 3137 5323 Altare
3160 5259 3221 5321 S.
3256 5257 3594 5322 Sebastiani

2044 5375 2156 5436 pro
2183 5355 2387 5417 anima
2413 5354 2660 5416 Antonii
2691 5354 2904 5417 Taffini
2926 5400 2942 5426 ,
2977 5373 3086 5433 pro
3114 5354 3290 5415 libris
3317 5352 3593 5433 imperia·

391 5448 729 5532 Septembris
751 5453 897 5512 anni
920 5452 1220 5531 praeteriti
1246 5456 1418 5511 1718.
1456 5451 1632 5513 modo
1656 5496 1674 5526 ,
1701 5452 1805 5532 qui
1841 5472 1932 5514 se-
2049 5451 2212 5513 libus
2247 5455 2384 5512 400.
2432 5469 2591 5531 quae
2627 5458 2770 5512 sunt
2811 5449 2874 5515 in
2921 5468 3101 5511 censu
3143 5448 3488 5523 investitae,
3534 5455 3594 5509 et

710 5574 910 5612 ιιιιο,
960 5576 1070 5613 xiv.
1110 5575 1254 5614 ron.
1298 5562 1407 5616 xu.

3201 5559 3268 5612 13
