4393 6299
1558 519 1817 605 omns
1843 537 1893 591 ‘r
1920 534 2016 590 10
2071 531 2293 589 ccciv.

396 682 752 841 giffiEeclosia
776 731 794 760 ,
824 694 883 748 et
924 685 1122 749 Choro
1144 731 1164 761 ,
1200 686 1346 787 dum
1392 686 1613 750 Divina
1644 694 1940 769 peragunt
1972 745 1975 748 ,

523 799 648 842 cta.
1784 809 1793 818 ·

2165 686 2331 750 Haec
2359 685 2918 751 sunofundaments
2933 731 2953 761 ,
2995 688 3219 769 quibus
3242 686 3591 749 innituntur

2043 779 2280 842 decreta
2303 779 2661 842 Pro-vicarii
2680 801 2697 854 ς
2719 773 2983 862 cumque
3003 780 3084 843 ab
3101 781 3231 862 ejus
3248 779 3443 843 edicto
3461 778 3589 840 fue-

517 873 727 947 Quoad
756 873 1128 955 sequentiam
1162 863 1292 934 Dies
1325 877 1449 936 irae
1474 921 1491 945 ,
1536 873 1834 955 quidquid
1860 872 1941 934 sit
2048 872 2129 934 rit
2155 872 2509 954 interposita
2535 873 2889 954 appellatio,
2917 874 3032 935 sub
3059 873 3308 936 obtentu
3354 870 3591 954 potissi-

395 966 471 1028 de
490 971 619 1049 ejus
645 969 922 1042 auctore,
948 989 1084 1030 cum
1116 969 1391 1030 nonnulli
1419 989 1550 1030 eam
1574 969 1837 1050 reserant
1861 969 1940 1030 ad
2050 987 2215 1027 mum
2260 968 2600 1028 contrariae
2646 967 3134 1038 consuetudinis,
3177 974 3240 1029 et
3276 967 3467 1030 Causa
3510 966 3592 1029 ab

396 1061 775 1124 Cardinalem
818 1064 1099 1125 Latinum
1148 1063 1432 1124 Ursinum
1458 1110 1474 1136 ,
1509 1063 1614 1125 alii
1641 1064 1715 1125 ad
1740 1064 1939 1144 Augu·
2048 1060 2341 1123 Auditore
2383 1061 2751 1124 sanctissimi
2795 1061 2982 1123 fuerit
3032 1061 3276 1130 remissa
3322 1062 3398 1124 ad
3435 1063 3593 1129 hanc

398 1156 621 1217 stinum
656 1157 731 1218 de
773 1155 963 1219 Biella
1002 1157 1252 1219 Ordinis
1277 1158 1686 1219 Eremitarum
1728 1156 1791 1217 S.
1822 1159 1941 1240 Au-

398 1250 646 1332 gustini,
676 1249 781 1312 alii
806 1252 879 1312 ad
906 1250 1312 1326 Humbertum
1334 1243 1640 1325 ‘Quintum
1675 1250 1940 1313 Genera-

401 1342 517 1404 lem
536 1343 784 1405 Ordinis
807 1343 1315 1419 Praedicatorum,
1341 1345 1444 1407 alii
1468 1345 1544 1406 ad
1558 1344 1849 1406 Thomam
1869 1344 1944 1406 de

398 1436 617 1498 Celano
665 1437 912 1499 Ordinis
955 1437 1017 1498 S.
1068 1438 1370 1501 Francisci
1418 1440 1593 1521 juxta
1635 1458 1746 1510 ea,
1780 1457 1942 1520 quae

400 1529 704 1592 habentur
743 1531 898 1614 apud
927 1527 1252 1593 Gavantum
1296 1536 1362 1592 in
1396 1533 1682 1596 Thesauro
1729 1532 1940 1595 Sacro·

396 1642 530 1684 rum
556 1625 797 1684 flauum
820 1643 954 1704 par.
980 1627 1047 1687 t..
1085 1626 1176 1685 tit.
1212 1630 1304 1687 18.
1335 1647 1473 1707 paq.
1504 1631 1643 1689 220.
1682 1647 1840 1687 num.
1877 1632 1935 1687 5.

387 1718 573 1796 juxta
629 1717 888 1778 Venetam
935 1719 1380 1799 impressionem,
1434 1720 1549 1782 hoc
1586 1740 1776 1782 unum
1811 1737 1940 1782 cer·

399 1820 529 1872 tum
556 1817 687 1882 est,
724 1812 885 1892 quod
918 1813 1094 1894 juxta
1141 1814 1436 1876 Rubricas
1466 1813 1749 1878 'Missalis
1785 1814 1942 1876 dicta

401 1905 728 1986 Sequentia
762 1904 877 1968 dici
920 1907 1094 1968 debet
1133 1907 1196 1968 in
1228 1907 1943 1971 dieVCommemorationis

400 1998 674 2059 omnium
710 1998 1467 2063 Fidelium'Desunctorum
1492 2048 1508 2076 ,
1535 2015 1594 2064 et
1617 1993 1940 2082 depositio-

398 2091 496 2152 nis
522 2092 796 2154 Defuncti
822 2138 838 2166 ,
868 2102 927 2155 et
958 2095 1445 2175 quandocunque
1478 2097 1542 2157 in
1584 2096 1764 2159 Missa
1793 2095 1941 2157 dici·

404 2194 502 2245 tur
543 2204 663 2246 una
692 2193 924 2247 tantum
971 2188 1164 2249 oratio
1189 2209 1206 2260 3
1232 2207 1493 2269 cumque
1522 2190 1702 2251 unica
1749 2189 1943 2251 oratio

396 2278 633 2341 dicatur
654 2280 716 2341 in
744 2280 1323 2362 Commemoratione
1343 2282 1617 2343 omnium
1644 2282 1944 2344 Fidelium

397 2372 874 2444 Defunctorum,
918 2375 979 2447 in
1022 2375 1121 2436 die
1157 2375 1543 2456 depositionis
1568 2421 1584 2449 ,
1630 2386 1688 2437 et
1725 2377 1901 2438 tertio
1923 2421 1941 2450 ‚

397 2466 651 2544 septimo
673 2513 691 2538 ,
724 2466 1026 2548 trigesimo
1042 2513 1058 2539 ,
1088 2475 1148 2529 et
1170 2468 1600 2532 Anniversario
1625 2469 1902 2531 Defuncti
1922 2515 1940 2544 ,

398 2557 545 2620 hinc
559 2567 685 2631 esu
713 2579 834 2620 non
858 2560 1049 2622 videri
1078 2608 1095 2632 ,
1133 2561 1296 2641 quod
1319 2561 1530 2623 eadem
1552 2581 1627 2623 ex
1649 2562 1950 2624 industria

399 2651 531 2713 sine
548 2664 787 2733 peccato
807 2653 1001 2714 omitti
1024 2655 1236 2734 possit,
1264 2655 1354 2717 uti
1377 2656 1494 2719 late
1509 2656 1774 2720 >habetur
1792 2658 1948 2737 apud

403 2744 694 2821 Quartum
728 2744 805 2808 ad
844 2748 1120 2809 Rubricas
1163 2745 1427 2815 Mis-salis
1448 2761 1604 2831 part.
1647 2753 1704 2810 1.
1749 2753 1857 2811 tit-
1886 2758 1945 2812 5.

397 2841 533 2901 dub.
574 2847 637 2903 ἱ1.
663 2861 823 2902 nunt.
855 2848 914 2903 5.
949 2854 999 2902 et
1024 2844 1158 2902 dub.
1186 2848 1246 2903 4.
1272 2863 1374 2923 per
1409 2855 1509 2905 tot.
1534 2843 1644 2905 ubi
1669 2844 1733 2905 in
1758 2839 1951 2926 specie

399 2932 703 3015 loquendo
726 2935 807 2997 de.
820 2935 1141 2997 omissione
1160 2936 1295 2997 Dies
1331 2939 1455 3000 irae
1473 2985 1491 3009 ,
1523 2938 1643 3012 ait,
1671 2949 1951 3000 caeterum

398 3029 466 3088 in
490 3032 706 3091 actione
727 3029 1016 3110 Sacrificii
1039 3041 1156 3091 tam
1175 3031 1446 3092 tremendi
1465 3052 1623 3093 omne
1641 3045 1946 3112 peccatum,

404 3126 665 3203 quamvis
700 3127 1000 3184 minimam
1025 3173 1040 3195 ‚
1070 3145 1263 3189 caure
1293 3128 1544 3189 debemus
1574 3176 1587 3197 ,
1622 3131 1953 3209 praesertim

400 3238 531 3280 cum
554 3221 619 3301 in
660 3219 760 3278 hoc
780 3239 914 3279 casu
948 3221 1137 3298 plures
1158 3222 1351 3283 dicant
1372 3225 1645 3283 committi
1664 3240 1950 3304 peccatam

402 3312 666 3373 mortale.
1344 3372 1347 3375 ,
1486 3326 1493 3330 ’
1738 3372 1741 3373 γ

524 3403 737 3478 Quoad
767 3402 1096 3485 Epistolam
1127 3406 1461 3470 canendam
1484 3415 1625 3471 ante
1646 3408 1853 3471 Altare
1873 3408 1952 3471 ab

408 3516 533 3560 uno
555 3497 632 3559 de
647 3496 846 3572 Clero,
873 3496 960 3560 sic
980 3497 1045 3559 in
1065 3498 1349 3563 Rubricis
1367 3500 1627 3580 Missalxis
1641 3502 1948 3565 statuitur:

405 3594 457 3653 si
500 3593 832 3672 quandoque
861 3591 1161 3655 Celebrans
1182 3605 1375 3656 cantat
1399 3596 1643 3659 Missam
1666 3599 1785 3659 sine
1806 3597 1953 3659 Dia·

405 3706 579 3759 cono,
622 3698 674 3749 et
709 3686 1103 3762 subdiacono,
1143 3687 1465 3770 Epistulam
1502 3703 1697 3754 cantat
1735 3694 1802 3752 in
1840 3694 1955 3753 loco

406 3794 664 3843 consueto
688 3783 903 3862 aliquis
942 3781 1142 3844 Lector
1161 3786 1555 3866 superpelliceo
1595 3789 1830 3848 indutus
1848 3805 1868 3846 .·
1897 3793 1956 3848 et

412 3874 672 3951 Quartus
723 3895 902 3957 opere
926 3876 1108 3940 citato
1162 3890 1324 3959 parte
1368 3885 1428 3942 2.
1477 3883 1570 3942 tit.
1612 3887 1671 3943 6.
1711 3884 1846 3943 dub.
1892 3888 1951 3944 6.

406 3970 611 4032 subdit
639 3989 810 4051 posse
837 3970 999 4033 licite
1036 3973 1268 4036 cantari
1308 3974 1637 4055 Epistolam
1664 3976 1729 4037 in
1776 3975 1956 4039 Missa

408 4062 667 4124 solemni
693 4082 729 4125 a
762 4062 992 4127 Clerico
1015 4065 1327 4129 Minorum
1355 4069 1657 4132 Ordinum
1679 4069 1809 4133 sine
1828 4070 1958 4134 Ma-

408 4157 627 4238 nipulo
654 4203 671 4230 ,
723 4158 772 4219 si
814 4158 930 4221 hoc
970 4160 1063 4222 illi
1104 4163 1516 4227 committatur
1545 4173 1788 4247 propter
1824 4165 1958 4228 ino-

410 4251 1032 4333 piamMinistrorum
1066 4253 1132 4316 in
1173 4256 1372 4319 Sacris
1398 4305 1416 4330 ‚
1453 4266 1512 4320 et
1553 4259 1716 4339 quod
1750 4258 1816 4320 in
1842 4258 1959 4341 hy·

411 4345 641 4427 pothesi
670 4393 688 4418 ‚
725 4346 794 4435 in
825 4366 948 4427 qua
980 4358 1254 4412 cantetur
1298 4352 1479 4415 Missa
1504 4354 1750 4435 absque
1776 4354 1958 4433 Mini-

411 4441 554 4503 stris
595 4440 876 4503 videlicet
916 4441 1048 4505 sine
1095 4444 1361 4508 Diacono
1383 4492 1401 4521 ,
1433 4457 1493 4509 et
1536 4448 1916 4511 Subdiacono
1939 4497 1957 4521 ‚

402 4540 556 4597 ‘tunc
597 4533 866 4616 Epistola
907 4538 1204 4603 cantanda
1260 4549 1349 4601 est
1393 4560 1430 4603 a
1464 4543 1729 4605 Lectore
1750 4538 1962 4607 induto

413 4638 652 4692 tantum
685 4628 1120 4710 superpelliceo
1145 4653 1164 4707 3
1192 4643 1254 4694 et
1303 4634 1368 4695 in
1403 4654 1513 4709 eo,
1554 4638 1715 4717 quod
1750 4639 1965 4701 attinet

413 4726 493 4787 ad
526 4725 724 4788 locum
756 4724 1061 4806 Epistolae
1099 4730 1471 4805 cantandae,
1503 4731 1589 4794 ait
1613 4730 1862 4795 Gaeant.
1887 4735 1965 4794 ad

414 4819 699 4881 {rubricas
719 4818 983 4880 Missalis
1006 4839 1139 4900 par.
1180 4826 1240 4880 2.
1266 4820 1363 4883 tit.
1386 4828 1444 4884 6.
1477 4844 1611 4904 paq.
1636 4818 1733 4886 93.
1764 4837 1961 4887 canta-

414 4922 513 4974 tur
525 4914 707 4992 juxta
730 4932 907 4973 coma
928 4913 1156 4975 Altaris
1178 4962 1195 4986 ,
1228 4916 1328 4974 ubi
1352 4914 1653 4979 celebrans
1672 4920 1801 4998 leqit
1821 4918 1964 5000 Epi·

415 5010 620 5070 stolam
666 5010 732 5068 in
764 5010 941 5088 plano
969 5006 1323 5091 Presbyterii
1343 5059 1360 5083 ,
1389 5023 1438 5072 et
1469 5022 1546 5073 est
1567 5013 1801 5079 dextera
1825 5032 1964 5094 pars

414 5102 701 5165 Ecclesiae
723 5104 1072 5164 intrantibus
1098 5106 1163 5164 in
1189 5125 1330 5166 eam.

416 5224 419 5225 ⁷
458 5206 489 5225 *⁴
508 5188 809 5278 -ssenique
858 5198 1056 5278 quoad
1106 5199 1501 5263 assistentiam
1557 5200 1770 5262 Clerici
1827 5220 1964 5263 cum

414 5286 586 5351 Cotta
618 5289 849 5364 induti,
897 5291 1142 5370 quando
1187 5293 1367 5355 Missa
1395 5302 1704 5367 cantatur,
1737 5292 1967 5356 faciunt

2043 1155 2286 1218 Sacram
2315 1155 2846 1237 Congregationem
2868 1203 2885 1227 ,
2918 1154 3266 1235 quaeritur:

2161 1248 2217 1309 1.
2246 1250 2342 1309 An
2375 1250 2697 1329 Presbyteri
2722 1248 3008 1310 Ecclesiae
3043 1247 3410 1310 Vulturariae
3444 1259 3590 1309 tene·

2044 1354 2224 1404 antur
2233 1364 2439 1405 -canere
2457 1344 2671 1407 Missas
2687 1390 2703 1413 ,
2726 1343 3139 1404 Anniversaria
3160 1342 3588 1420 Defunctorum,

2048 1448 2099 1496 et
2130 1438 2256 1498 alia
2290 1437 2506 1498 Divina
2539 1435 2742 1516 Officia
2766 1438 2830 1496 in
2852 1435 3108 1496 Ecclesia
3128 1481 3146 1508 ,
3176 1447 3225 1496 et
3258 1437 3443 1496 Choro
3466 1456 3594 1497 cnm

2051 1531 2219 1592 Cotta
2235 1580 2253 1603 ,
2277 1542 2418 1592 ceste
2445 1534 2655 1605 talari,
2679 1542 2730 1591 et
2751 1532 2924 1590 bireto
2950 1529 3223 1591 Clericali
3242 1531 3306 1589 in
3327 1549 3462 1590 casu
3485 1541 3587 1591 etc.

2134 1623 2248 1685 .11.
2280 1625 2375 1684 An
2413 1627 2478 1684 in
2504 1623 2703 1686 Missis
2732 1624 3154 1684 Annicersariis
3193 1624 3456 1684 canendis
3487 1644 3595 1703 pro

2048 1718 2343 1797 Defunctis
2370 1729 2666 1781 teneantur
2689 1737 2885 1780 carzere
2910 1719 3254 1796 sequentiam
3280 1717 3412 1779 Dies
3439 1720 3588 1792 irae,

2046 1816 2110 1873 in
2136 1834 2283 1875 casu⁴
2299 1825 2400 1874 etc.

2165 1907 2279 1967 ΙΙΙ.
2305 1907 2406 1967 An
2432 1910 2496 1967 in
2517 1906 2717 1969 Missis
2739 1907 3043 1987 praedictis
3068 1905 3321 1967 canenda
3348 1907 3422 1965 sit
3450 1903 3594 1986 Epi-

2045 2002 2193 2064 stola
2233 2003 2298 2061 in
2345 1999 2560 2075 Charo,
2603 2002 2691 2061 cel
2712 2002 2903 2080 potius
2929 2009 3060 2061 ante
3083 2000 3288 2060 Altare
3314 2002 3379 2058 in
3417 2018 3596 2059 cornu

2051 2095 2347 2177 Epistulae
2373 2096 2446 2155 ab
2470 2115 2585 2155 uno
2614 2097 2680 2155 de
2716 2093 2764 2155 C
2768 2095 2911 2167 lero,
2948 2094 3013 2153 in
3041 2113 3177 2154 casu
3204 2103 3308 2153 etc.

2166 2188 2275 2249 IV.
2321 2189 2417 2249 An
2462 2189 2650 2252 Missa
2696 2188 2948 2249 canenda
2993 2190 3069 2248 sit
3106 2206 3234 2247 cum
3272 2188 3593 2269 assistentia

2050 2283 2246 2358 saltem
2271 2280 2482 2343 Clerici
2506 2281 2670 2342 Cotta
2699 2281 2922 2351 induti,
2947 2280 3034 2340 vel
3054 2281 3238 2360 potins
3258 2281 3377 2338 sine
3403 2278 3591 2350 Cotta,

2052 2387 2104 2437 et
2133 2378 2353 2437 licitam
2392 2378 2468 2436 sit
2497 2374 2671 2438 Laico
2697 2376 2967 2436 inservire
3011 2371 3335 2435 Celebranti
3371 2373 3436 2432 in
3461 2391 3597 2435 casu

2051 2479 2154 2531 02⁶.

2162 2661 2318 2724 Sacra
2339 2659 2537 2727 Congr.
2566 2655 2873 2726 respondit=

2235 2746 2333 2800 Ad
2348 2745 2586 2815 primum
2623 2742 2979 2815 affirmative.
3004 2743 3101 2797 Aa
3118 2743 3410 2797 secundum
3447 2742 3604 2814 ffr-

2052 2834 2267 2889 maeive.
2288 2834 2386 2888 Ad
2400 2834 2619 2887 tertium
2645 2831 2830 2902 quoad
2844 2832 3082 2904 primam
3104 2843 3319 2902 partem
3343 2833 3607 2900 negative,

2052 2921 2128 2976 ad
2168 2921 2464 2994 secundam
2516 2918 2868 2990 ql'firmatioe.
2910 2918 3006 2972 Aa
3053 2930 3336 2989 quartum,
3381 2919 3610 2974 Missam

2028 3049 2029 3056 η
2052 3029 2163 3066 esse
2188 3009 2492 3063 canendam
2519 3028 2640 3063 cum
2667 3007 2977 3063 assistentia
2996 3008 3192 3061 saltem
3223 3007 3426 3080 Clerici
3453 3010 3612 3063 Cotta

2053 3098 2249 3153 induti.
2369 3107 2372 3108 ’

2515 3315 2875 3393 QUAESTIO
2917 3312 3135 3378 CCCV.

2096 3510 2169 3570 ln
2194 3507 2390 3569 Causa
2413 3468 3050 3566 Lunensi-Sarzanensi
3078 3502 3431 3564 Visitationis
3459 3478 3590 3565 Sit-2

2122 3672 2125 3675 Α
2159 3620 2384 3662 crorum
2412 3598 2738 3669 Liminum,
2767 3598 2857 3657 die
2886 3602 2982 3659 30.
3014 3595 3298 3658 Ianuarii
3327 3602 3501 3659 1723.
3577 3600 3578 3603 ’

2065 3740 2154 3855 In
2207 3786 2424 3850 ultima
2476 3784 2790 3847 Relatione
2835 3791 3025 3845 status
3074 3801 3218 3846 suae
3267 3783 3566 3871 Ecclesiae
3588 3826 3607 3859 ,

2063 3902 2248 3966 quam
2269 3881 2596 3962 Episcopus
2617 3880 2851 3940 Lunen.
2875 3878 3199 3939 Sarzanen.
3229 3878 3304 3940 ad
3334 3878 3493 3942 hanc
3510 3880 3624 3943 Sa·'

2061 3996 2229 4041 cram
2256 3973 2787 4056 congregationem
2826 3971 3155 4051 transmisit
3180 3973 3492 4035 occasione
3516 3975 3612 4036 vi-

2066 4070 2366 4136 sitationis
2391 4068 2713 4149 Sacrorum
2741 4066 3083 4139 Liminum,
3113 4065 3262 4129 haec
3285 4066 3613 4131 habentur.

2184 4165 2416 4229 Massae
2444 4163 2599 4225 adest
2624 4162 2850 4232 domas,
2878 4180 3051 4240 quam
3081 4172 3279 4221 vocant
3305 4163 3354 4222 il
3377 4159 3618 4224 Conser-

2066 4262 2286 4322 oatorio
2308 4256 2452 4319 delle
2474 4254 2745 4337 Beqltine.
2770 4253 2854 4314 De
2876 4254 2975 4314 ltoc
2998 4261 3065 4313 nt
3086 4253 3215 4313 bens
3239 4256 3370 4315 novi
3396 4274 3472 4317 ex
3491 4257 3619 4336 plu·

2065 4356 2223 4414 rium
2244 4353 2516 4413 relatione
2532 4396 2549 4420 ,
2574 4349 2742 4408 nulla
2770 4348 3012 4423 habetur
3027 4347 3290 4426 fundatio
3314 4349 3470 4427 facta
3487 4370 3619 4411 cnm

2064 4447 2405 4510 auctoritate
2444 4445 2530 4505 vel
2554 4441 2882 4529 pontificia,
2918 4442 3006 4502 vel
3044 4442 3344 4504 ordinaria
3370 4487 3386 4503 .
3425 4442 3618 4519 Quae-

2069 4545 2203 4603 dam
2251 4539 2530 4603 Mulieres
2570 4557 2608 4599 a
2654 4547 2876 4598 centum
2913 4536 3116 4606 annis,
3156 4546 3210 4597 et
3241 4539 3404 4599 ultra
3440 4541 3620 4598 vitans

2067 4636 2359 4705 coelibem,
2397 4632 2758 4692 ethonestatis
2784 4624 2981 4689 ducere
3006 4630 3286 4709 cupientes
3325 4639 3622 4710 coepmnt

2069 4735 2251 4791 vivere
2292 4728 2468 4787 simul
2504 4727 2583 4784 in·
2608 4723 2859 4804 quadam
2897 4722 3089 4794 domo,
3135 4736 3309 4802 qnam
3350 4726 3476 4785 licet
3504 4736 3619 4797 ter,

2069 4833 2173 4885 aut
2203 4833 2404 4902 quater
2424 4818 2868 4903 permittam-int
2881 4863 2900 4889 ,
2928 4835 3145 4900 semper·⁸
3166 4826 3360 4893 tamen?
3378 4820 3620 4893 honeste,

2070 4928 2125 4977 et
2151 4915 2553 4995 eoeeunplariter
2576 4914 2849 4972 vixerunt
2882 4928 3009 4971 cunt
3037 4911 3237 4971 habitu
3263 4914 3420 4973 tertii
3443 4909 3625 4973 Ordi-

2070 5011 2160 5069 nis
2205 5006 2276 5069 S.
2324 5005 2638 5069 Francisci.
2672 5002 2809 5067 Non
2839 5004 3128 5065 observant
3165 5005 3526 5080 clausuram,
3568 5016 3624 5069 et

2069 5121 2228 5183 saepe
2258 5100 2521 5165 videntur
2565 5101 2631 5158 in
2655 5096 2957 5167 Ecclesiis,
2987 5105 3039 5156 et
3073 5098 3138 5156 in
3163 5098 3293 5157 viis.
3327 5096 3627 5161 Emittant

2072 5207 2200 5258 vota
2224 5194 2510 5275 simplicia
2532 5203 2786 5262 tantum,
2819 5199 2871 5252 et
2898 5193 3068 5252 annis
3088 5194 3413 5272 praeteritis
3445 5198 3621 5256 1718.

2072 5302 2124 5353 et
2167 5294 2344 5351 1719.
2394 5289 2540 5349 duae
2588 5305 2662 5347 ecc
2710 5287 2798 5346 Itis
2846 5287 3042 5347 habita
3087 5287 3320 5347 licentia
3358 5305 3397 5347 a
3438 5286 3629 5351 Sacra

415 5381 652 5444 decreta
685 5385 751 5443 in
775 5381 1034 5445 Concilio
1053 5385 1467 5448 Mediolanensi
1494 5398 1699 5466 quarto
1719 5433 1737 5462 ,
1764 5390 1828 5448 in
1859 5387 1964 5448 To·
2077 5383 2530 5446 Paenitentiaria
2553 5381 2888 5461 quibusdam
2916 5379 3069 5441 Viris
3091 5381 3157 5441 de
3183 5382 3297 5442 loco
3316 5379 3631 5444 Carraria

419 5477 611 5538 losano
636 5497 787 5538 anno
821 5484 995 5540 1590.
1023 5499 1147 5561 cap.
1180 5486 1238 5542 6.
1271 5492 1323 5541 et
1343 5484 1556 5563 passim
1582 5485 1647 5543 in
1670 5484 1826 5546 aliis.

815 5604 1021 5644 nunno.
1064 5604 1178 5645 xlv.
1219 5607 1362 5645 ron.
1402 5593 1512 5649 ΧΠ.

2079 5486 2415 5562 nupserunt.
2449 5475 2532 5537 De
2578 5476 2667 5536 his
2688 5522 2707 5546 ‚
2749 5476 2892 5555 qnia
2928 5475 3205 5554 quasdam
3246 5476 3526 5539 libertates
3566 5479 3633 5536 in

3157 5588 3223 5640 51
