<?xml version="1.0" encoding="UTF-8"?>
<!DOCTYPE html PUBLIC "-//W3C//DTD XHTML 1.0 Transitional//EN"
    "http://www.w3.org/TR/xhtml1/DTD/xhtml1-transitional.dtd">
<html xmlns="http://www.w3.org/1999/xhtml" xml:lang="en" lang="en">
 <head>
  <title>
</title>
<meta http-equiv="Content-Type" content="text/html;charset=utf-8" />
  <meta name='ocr-system' content='tesseract 3.04.00' />
  <meta name='ocr-capabilities' content='ocr_page ocr_carea ocr_par ocr_line ocrx_word'/>
</head>
<body>
  <div class='ocr_page' id='page_1' title='image "benedictixivpon01xivgoog_0385.png"; bbox 0 0 4393 6299; ppageno 0'>
   <div class='ocr_carea' id='block_1_1' title="bbox 1628 474 2467 549">
    <p class='ocr_par' dir='ltr' id='par_1_1' title="bbox 1628 474 2467 549">
     <span class='ocr_line' id='line_1_1' title="bbox 1628 474 2467 549; baseline -0.011 -14"><span class='ocrx_word' id='word_1_1' title='bbox 1628 475 2103 549; x_wconf 73' lang='lat' dir='ltr'>QUAESTIQ</span> <span class='ocrx_word' id='word_1_2' title='bbox 2160 474 2467 532; x_wconf 67' lang='lat' dir='ltr'>ccum.</span> 
     </span>
    </p>
   </div>
   <div class='ocr_carea' id='block_1_2' title="bbox 416 630 1987 3241">
    <p class='ocr_par' dir='ltr' id='par_1_2' title="bbox 416 630 1974 1654">
     <span class='ocr_line' id='line_1_2' title="bbox 416 630 1959 713; baseline -0.004 -13"><span class='ocrx_word' id='word_1_3' title='bbox 416 633 591 700; x_wconf 80' lang='lat' dir='ltr'>rendi</span> <span class='ocrx_word' id='word_1_4' title='bbox 619 632 682 695; x_wconf 89' lang='lat' dir='ltr'>in</span> <span class='ocrx_word' id='word_1_5' title='bbox 698 630 974 713; x_wconf 57' lang='lat' dir='ltr'>‘quadam</span> <span class='ocrx_word' id='word_1_6' title='bbox 995 648 1173 693; x_wconf 88' lang='lat' dir='ltr'>causa</span> <span class='ocrx_word' id='word_1_7' title='bbox 1198 630 1456 694; x_wconf 83' lang='lat' dir='ltr'>Romana</span> <span class='ocrx_word' id='word_1_8' title='bbox 1480 678 1497 702; x_wconf 87' lang='lat'>‚</span> <span class='ocrx_word' id='word_1_9' title='bbox 1526 650 1624 692; x_wconf 80' lang='lat' dir='ltr'>seu</span> <span class='ocrx_word' id='word_1_10' title='bbox 1648 630 1959 713; x_wconf 73' lang='lat' dir='ltr'><strong><em>Sipontina</em></strong></span> 
     </span>
     <span class='ocr_line' id='line_1_3' title="bbox 425 724 1970 809; baseline -0.003 -18"><span class='ocrx_word' id='word_1_11' title='bbox 425 728 824 791; x_wconf 73' lang='lat' dir='ltr'>ordinationis</span> <span class='ocrx_word' id='word_1_12' title='bbox 843 773 858 795; x_wconf 90' lang='lat'><strong>.</strong></span> <span class='ocrx_word' id='word_1_13' title='bbox 894 736 957 789; x_wconf 90' lang='lat' dir='ltr'>et</span> <span class='ocrx_word' id='word_1_14' title='bbox 980 726 1162 789; x_wconf 85' lang='lat' dir='ltr'>Sacra</span> <span class='ocrx_word' id='word_1_15' title='bbox 1186 724 1582 809; x_wconf 86' lang='lat' dir='ltr'>Congregatio</span> <span class='ocrx_word' id='word_1_16' title='bbox 1603 727 1693 787; x_wconf 85' lang='lat' dir='ltr'>die</span> <span class='ocrx_word' id='word_1_17' title='bbox 1714 732 1813 787; x_wconf 83' lang='grc'>22.</span> <span class='ocrx_word' id='word_1_18' title='bbox 1844 725 1970 790; x_wconf 85' lang='lat' dir='ltr'>No·</span> 
     </span>
     <span class='ocr_line' id='line_1_4' title="bbox 418 820 1970 905; baseline -0.001 -19"><span class='ocrx_word' id='word_1_19' title='bbox 418 825 656 886; x_wconf 78' lang='lat' dir='ltr'>cembris</span> <span class='ocrx_word' id='word_1_20' title='bbox 688 827 862 886; x_wconf 91' lang='grc'><strong>1717.</strong></span> <span class='ocrx_word' id='word_1_21' title='bbox 889 820 1063 905; x_wconf 86' lang='lat' dir='ltr'>jussit</span> <span class='ocrx_word' id='word_1_22' title='bbox 1082 820 1245 902; x_wconf 92' lang='lat' dir='ltr'>quod</span> <span class='ocrx_word' id='word_1_23' title='bbox 1264 840 1446 903; x_wconf 89' lang='lat' dir='ltr'>super</span> <span class='ocrx_word' id='word_1_24' title='bbox 1467 820 1723 884; x_wconf 84' lang='lat' dir='ltr'>articulo</span> <span class='ocrx_word' id='word_1_25' title='bbox 1743 820 1970 884; x_wconf 89' lang='lat' dir='ltr'>scribe-</span> 
     </span>
     <span class='ocr_line' id='line_1_5' title="bbox 417 916 1967 1000; baseline -0.003 -18"><span class='ocrx_word' id='word_1_26' title='bbox 417 927 588 983; x_wconf 83' lang='lat' dir='ltr'>retur</span> <span class='ocrx_word' id='word_1_27' title='bbox 617 936 726 1000; x_wconf 88' lang='lat' dir='ltr'>pro</span> <span class='ocrx_word' id='word_1_28' title='bbox 753 917 1005 979; x_wconf 85' lang='lat' dir='ltr'>veritate</span> <span class='ocrx_word' id='word_1_29' title='bbox 1032 958 1049 976; x_wconf 88' lang='lat'><strong>.</strong></span> <span class='ocrx_word' id='word_1_30' title='bbox 1081 916 1194 978; x_wconf 90' lang='lat' dir='ltr'>Sed</span> <span class='ocrx_word' id='word_1_31' title='bbox 1224 916 1287 978; x_wconf 91' lang='lat' dir='ltr'>id</span> <span class='ocrx_word' id='word_1_32' title='bbox 1330 936 1449 978; x_wconf 86' lang='lat' dir='ltr'>nou</span> <span class='ocrx_word' id='word_1_33' title='bbox 1482 916 1598 978; x_wconf 84' lang='lat' dir='ltr'>fuit</span> <span class='ocrx_word' id='word_1_34' title='bbox 1630 916 1967 979; x_wconf 75' lang='lat' dir='ltr'>executioni</span> 
     </span>
     <span class='ocr_line' id='line_1_6' title="bbox 417 1010 1970 1093; baseline -0.004 -16"><span class='ocrx_word' id='word_1_35' title='bbox 417 1012 795 1084; x_wconf 84' lang='lat' dir='ltr'>mandatum,</span> <span class='ocrx_word' id='word_1_36' title='bbox 813 1011 957 1093; x_wconf 89' lang='lat' dir='ltr'>quia</span> <span class='ocrx_word' id='word_1_37' title='bbox 977 1010 1054 1073; x_wconf 92' lang='lat' dir='ltr'>ad</span> <span class='ocrx_word' id='word_1_38' title='bbox 1075 1011 1503 1091; x_wconf 88' lang='lat' dir='ltr'>amputandam</span> <span class='ocrx_word' id='word_1_39' title='bbox 1524 1029 1970 1092; x_wconf 73' lang='lat' dir='ltr'>quamcumque</span> 
     </span>
     <span class='ocr_line' id='line_1_7' title="bbox 421 1104 1971 1185; baseline -0.002 -15"><span class='ocrx_word' id='word_1_40' title='bbox 421 1106 890 1170; x_wconf 83' lang='lat' dir='ltr'>controversiam</span> <span class='ocrx_word' id='word_1_41' title='bbox 918 1105 1174 1180; x_wconf 88' lang='lat' dir='ltr'>Orator,</span> <span class='ocrx_word' id='word_1_42' title='bbox 1228 1114 1297 1167; x_wconf 93' lang='lat' dir='ltr'>ut</span> <span class='ocrx_word' id='word_1_43' title='bbox 1331 1104 1603 1167; x_wconf 89' lang='lat' dir='ltr'>ordinari</span> <span class='ocrx_word' id='word_1_44' title='bbox 1654 1112 1891 1185; x_wconf 86' lang='lat' dir='ltr'>posset,</span> <span class='ocrx_word' id='word_1_45' title='bbox 1933 1123 1971 1167; x_wconf 87' lang='lat' dir='ltr'>a</span> 
     </span>
     <span class='ocr_line' id='line_1_8' title="bbox 420 1199 1973 1280; baseline -0.003 -15"><span class='ocrx_word' id='word_1_46' title='bbox 420 1200 629 1265; x_wconf 79' lang='lat' dir='ltr'>valore</span> <span class='ocrx_word' id='word_1_47' title='bbox 648 1200 931 1268; x_wconf 88' lang='lat' dir='ltr'>Beneficii</span> <span class='ocrx_word' id='word_1_48' title='bbox 950 1200 1211 1264; x_wconf 76' lang='lat' dir='ltr'>detraxit</span> <span class='ocrx_word' id='word_1_49' title='bbox 1236 1218 1419 1262; x_wconf 90' lang='lat' dir='ltr'>onera</span> <span class='ocrx_word' id='word_1_50' title='bbox 1451 1199 1794 1274; x_wconf 83' lang='lat' dir='ltr'>Missarum,</span> <span class='ocrx_word' id='word_1_51' title='bbox 1821 1218 1973 1280; x_wconf 89' lang='lat' dir='ltr'>quas</span> 
     </span>
     <span class='ocr_line' id='line_1_9' title="bbox 421 1294 1973 1375; baseline -0.003 -16"><span class='ocrx_word' id='word_1_52' title='bbox 421 1315 545 1359; x_wconf 86' lang='lat' dir='ltr'>non</span> <span class='ocrx_word' id='word_1_53' title='bbox 571 1296 888 1359; x_wconf 88' lang='lat' dir='ltr'>tenebatur</span> <span class='ocrx_word' id='word_1_54' title='bbox 913 1294 1219 1357; x_wconf 90' lang='lat' dir='ltr'>celebrare</span> <span class='ocrx_word' id='word_1_55' title='bbox 1242 1314 1347 1375; x_wconf 91' lang='lat' dir='ltr'>per</span> <span class='ocrx_word' id='word_1_56' title='bbox 1366 1294 1649 1375; x_wconf 86' lang='lat' dir='ltr'>seipsum,</span> <span class='ocrx_word' id='word_1_57' title='bbox 1673 1303 1829 1356; x_wconf 82' lang='lat' dir='ltr'>etex</span> <span class='ocrx_word' id='word_1_58' title='bbox 1847 1294 1973 1356; x_wconf 90' lang='lat' dir='ltr'>suis</span> 
     </span>
     <span class='ocr_line' id='line_1_10' title="bbox 424 1388 1969 1472; baseline -0.001 -19"><span class='ocrx_word' id='word_1_59' title='bbox 424 1391 602 1454; x_wconf 88' lang='lat' dir='ltr'>bonis</span> <span class='ocrx_word' id='word_1_60' title='bbox 641 1388 1172 1472; x_wconf 75' lang='lat' dir='ltr'>patrimonialibus</span> <span class='ocrx_word' id='word_1_61' title='bbox 1226 1408 1523 1451; x_wconf 88' lang='lat' dir='ltr'>summam</span> <span class='ocrx_word' id='word_1_62' title='bbox 1590 1388 1969 1451; x_wconf 81' lang='lat' dir='ltr'>deficientem</span> 
     </span>
     <span class='ocr_line' id='line_1_11' title="bbox 422 1482 1974 1567; baseline -0.001 -20"><span class='ocrx_word' id='word_1_63' title='bbox 422 1483 746 1567; x_wconf 83' lang='lat' dir='ltr'>supplevit,</span> <span class='ocrx_word' id='word_1_64' title='bbox 781 1483 871 1546; x_wconf 88' lang='lat' dir='ltr'>uti</span> <span class='ocrx_word' id='word_1_65' title='bbox 899 1483 1120 1565; x_wconf 91' lang='lat' dir='ltr'>legitur</span> <span class='ocrx_word' id='word_1_66' title='bbox 1141 1486 1204 1544; x_wconf 89' lang='lat' dir='ltr'>in</span> <span class='ocrx_word' id='word_1_67' title='bbox 1226 1484 1363 1560; x_wconf 77' lang='lat' dir='ltr'>solio</span> <span class='ocrx_word' id='word_1_68' title='bbox 1382 1482 1848 1563; x_wconf 68' lang='lat' dir='ltr'>Conpreqationis</span> <span class='ocrx_word' id='word_1_69' title='bbox 1875 1486 1974 1545; x_wconf 77' lang='lat' dir='ltr'>hu·</span> 
     </span>
     <span class='ocr_line' id='line_1_12' title="bbox 426 1576 1968 1654; baseline -0.001 -15"><span class='ocrx_word' id='word_1_70' title='bbox 426 1578 573 1640; x_wconf 85' lang='lat' dir='ltr'>bitae</span> <span class='ocrx_word' id='word_1_71' title='bbox 588 1579 679 1639; x_wconf 84' lang='lat' dir='ltr'>die</span> <span class='ocrx_word' id='word_1_72' title='bbox 696 1583 796 1639; x_wconf 86' lang='grc'>23.</span> <span class='ocrx_word' id='word_1_73' title='bbox 819 1576 981 1638; x_wconf 73' lang='lat' dir='ltr'>Iulii</span> <span class='ocrx_word' id='word_1_74' title='bbox 1010 1581 1184 1639; x_wconf 89' lang='grc'><strong>1718.</strong></span> <span class='ocrx_word' id='word_1_75' title='bbox 1213 1578 1313 1637; x_wconf 83' lang='lat' dir='ltr'>lib.</span> <span class='ocrx_word' id='word_1_76' title='bbox 1341 1581 1439 1639; x_wconf 80' lang='grc'>68.</span> <span class='ocrx_word' id='word_1_77' title='bbox 1466 1578 1666 1638; x_wconf 80' lang='lat' dir='ltr'>decret.</span> <span class='ocrx_word' id='word_1_78' title='bbox 1698 1578 1799 1654; x_wconf 77' lang='lat' dir='ltr'>sol.</span> <span class='ocrx_word' id='word_1_79' title='bbox 1828 1582 1968 1638; x_wconf 88' lang='grc'><strong>290.</strong></span> 
     </span>
    </p>

    <p class='ocr_par' dir='ltr' id='par_1_3' title="bbox 424 1667 1987 3241">
     <span class='ocr_line' id='line_1_13' title="bbox 545 1667 1973 1750; baseline -0.002 -15"><span class='ocrx_word' id='word_1_80' title='bbox 545 1673 710 1735; x_wconf 80' lang='lat' dir='ltr'>Haec</span> <span class='ocrx_word' id='word_1_81' title='bbox 736 1678 823 1733; x_wconf 87' lang='lat' dir='ltr'>est</span> <span class='ocrx_word' id='word_1_82' title='bbox 853 1668 1038 1732; x_wconf 90' lang='lat' dir='ltr'>series</span> <span class='ocrx_word' id='word_1_83' title='bbox 1061 1667 1498 1732; x_wconf 85' lang='lat' dir='ltr'>resolutionum</span> <span class='ocrx_word' id='word_1_84' title='bbox 1525 1688 1705 1750; x_wconf 90' lang='lat' dir='ltr'>super</span> <span class='ocrx_word' id='word_1_85' title='bbox 1734 1669 1846 1732; x_wconf 87' lang='lat' dir='ltr'>boe</span> <span class='ocrx_word' id='word_1_86' title='bbox 1872 1688 1973 1732; x_wconf 91' lang='lat' dir='ltr'>ar-</span> 
     </span>
     <span class='ocr_line' id='line_1_14' title="bbox 425 1762 1973 1846; baseline -0.003 -16"><span class='ocrx_word' id='word_1_87' title='bbox 425 1765 614 1830; x_wconf 88' lang='lat' dir='ltr'>ticulo</span> <span class='ocrx_word' id='word_1_88' title='bbox 639 1765 940 1830; x_wconf 84' lang='lat' dir='ltr'>editarum</span> <span class='ocrx_word' id='word_1_89' title='bbox 969 1764 1051 1826; x_wconf 91' lang='lat' dir='ltr'>ab</span> <span class='ocrx_word' id='word_1_90' title='bbox 1077 1763 1193 1826; x_wconf 86' lang='lat' dir='ltr'>hac</span> <span class='ocrx_word' id='word_1_91' title='bbox 1239 1762 1420 1825; x_wconf 89' lang='lat' dir='ltr'>Sacra</span> <span class='ocrx_word' id='word_1_92' title='bbox 1458 1762 1931 1846; x_wconf 86' lang='lat' dir='ltr'>Cougregatione</span> <span class='ocrx_word' id='word_1_93' title='bbox 1955 1809 1973 1837; x_wconf 99' lang='lat'>,</span> 
     </span>
     <span class='ocr_line' id='line_1_15' title="bbox 426 1855 1977 1942; baseline -0.003 -19"><span class='ocrx_word' id='word_1_94' title='bbox 426 1879 507 1924; x_wconf 78' lang='lat' dir='ltr'>ex</span> <span class='ocrx_word' id='word_1_95' title='bbox 527 1859 752 1942; x_wconf 88' lang='lat' dir='ltr'>quibus</span> <span class='ocrx_word' id='word_1_96' title='bbox 771 1876 948 1938; x_wconf 87' lang='lat' dir='ltr'>saepe</span> <span class='ocrx_word' id='word_1_97' title='bbox 971 1857 1036 1919; x_wconf 92' lang='lat' dir='ltr'>in</span> <span class='ocrx_word' id='word_1_98' title='bbox 1059 1856 1232 1938; x_wconf 83' lang='lat' dir='ltr'>praxi</span> <span class='ocrx_word' id='word_1_99' title='bbox 1261 1855 1533 1938; x_wconf 88' lang='lat' dir='ltr'>contigit,</span> <span class='ocrx_word' id='word_1_100' title='bbox 1564 1866 1629 1918; x_wconf 91' lang='lat' dir='ltr'>ut</span> <span class='ocrx_word' id='word_1_101' title='bbox 1653 1858 1977 1918; x_wconf 89' lang='lat' dir='ltr'>sentientes</span> 
     </span>
     <span class='ocr_line' id='line_1_16' title="bbox 426 1950 1976 2033; baseline -0.003 -15"><span class='ocrx_word' id='word_1_102' title='bbox 426 1973 555 2018; x_wconf 86' lang='lat' dir='ltr'>esse</span> <span class='ocrx_word' id='word_1_103' title='bbox 583 1952 951 2016; x_wconf 85' lang='lat' dir='ltr'>detrahenda</span> <span class='ocrx_word' id='word_1_104' title='bbox 979 1970 1163 2013; x_wconf 88' lang='lat' dir='ltr'>onera</span> <span class='ocrx_word' id='word_1_105' title='bbox 1192 1950 1539 2023; x_wconf 83' lang='lat' dir='ltr'>Missarum,</span> <span class='ocrx_word' id='word_1_106' title='bbox 1559 1950 1804 2033; x_wconf 88' lang='lat' dir='ltr'>quando</span> <span class='ocrx_word' id='word_1_107' title='bbox 1822 1951 1976 2032; x_wconf 86' lang='lat' dir='ltr'>Cap-</span> 
     </span>
     <span class='ocr_line' id='line_1_17' title="bbox 424 2044 1971 2131; baseline -0.003 -21"><span class='ocrx_word' id='word_1_108' title='bbox 424 2047 704 2131; x_wconf 85' lang='lat' dir='ltr'>pellanus</span> <span class='ocrx_word' id='word_1_109' title='bbox 728 2066 847 2108; x_wconf 89' lang='lat' dir='ltr'>non</span> <span class='ocrx_word' id='word_1_110' title='bbox 876 2052 1112 2108; x_wconf 88' lang='lat' dir='ltr'>tenetur</span> <span class='ocrx_word' id='word_1_111' title='bbox 1153 2044 1461 2108; x_wconf 87' lang='lat' dir='ltr'>celebrare</span> <span class='ocrx_word' id='word_1_112' title='bbox 1504 2064 1609 2125; x_wconf 89' lang='lat' dir='ltr'>per</span> <span class='ocrx_word' id='word_1_113' title='bbox 1659 2044 1923 2125; x_wconf 86' lang='lat' dir='ltr'>seipsum</span> <span class='ocrx_word' id='word_1_114' title='bbox 1953 2089 1971 2116; x_wconf 89' lang='lat'>,</span> 
     </span>
     <span class='ocr_line' id='line_1_18' title="bbox 428 2137 1981 2224; baseline -0.005 -19"><span class='ocrx_word' id='word_1_115' title='bbox 428 2139 830 2224; x_wconf 70' lang='lat' dir='ltr'>allegaverint</span> <span class='ocrx_word' id='word_1_116' title='bbox 871 2138 1234 2200; x_wconf 85' lang='lat' dir='ltr'>Tiburtinam</span> <span class='ocrx_word' id='word_1_117' title='bbox 1281 2137 1679 2200; x_wconf 85' lang='lat' dir='ltr'>Ordinationis</span> <span class='ocrx_word' id='word_1_118' title='bbox 1722 2144 1782 2200; x_wconf 88' lang='grc'>8.</span> <span class='ocrx_word' id='word_1_119' title='bbox 1822 2138 1981 2201; x_wconf 84' lang='lat' dir='ltr'>Julii</span> 
     </span>
     <span class='ocr_line' id='line_1_19' title="bbox 430 2232 1976 2299; baseline -0.003 0"><span class='ocrx_word' id='word_1_120' title='bbox 430 2242 606 2299; x_wconf 82' lang='lat'><strong>1690.</strong></span> <span class='ocrx_word' id='word_1_121' title='bbox 636 2244 697 2297; x_wconf 93' lang='lat' dir='ltr'>et</span> <span class='ocrx_word' id='word_1_122' title='bbox 738 2254 774 2297; x_wconf 92' lang='lat' dir='ltr'>e</span> <span class='ocrx_word' id='word_1_123' title='bbox 820 2241 1029 2296; x_wconf 89' lang='lat' dir='ltr'>contra</span> <span class='ocrx_word' id='word_1_124' title='bbox 1074 2233 1399 2296; x_wconf 68' lang='lat' dir='ltr'>sentientes</span> <span class='ocrx_word' id='word_1_125' title='bbox 1436 2252 1621 2295; x_wconf 89' lang='lat' dir='ltr'>onera</span> <span class='ocrx_word' id='word_1_126' title='bbox 1653 2232 1976 2295; x_wconf 84' lang='lat' dir='ltr'>Missarum</span> 
     </span>
     <span class='ocr_line' id='line_1_20' title="bbox 431 2325 1977 2407; baseline -0.002 -14"><span class='ocrx_word' id='word_1_127' title='bbox 431 2349 553 2393; x_wconf 86' lang='lat' dir='ltr'>non</span> <span class='ocrx_word' id='word_1_128' title='bbox 582 2348 709 2392; x_wconf 87' lang='lat' dir='ltr'>esse</span> <span class='ocrx_word' id='word_1_129' title='bbox 739 2327 1108 2390; x_wconf 88' lang='lat' dir='ltr'>detrahenda</span> <span class='ocrx_word' id='word_1_130' title='bbox 1139 2372 1157 2400; x_wconf 89' lang='lat'>‚</span> <span class='ocrx_word' id='word_1_131' title='bbox 1189 2327 1317 2389; x_wconf 85' lang='lat' dir='ltr'>sive</span> <span class='ocrx_word' id='word_1_132' title='bbox 1342 2325 1741 2407; x_wconf 86' lang='lat' dir='ltr'>Cappellanus</span> <span class='ocrx_word' id='word_1_133' title='bbox 1778 2335 1977 2390; x_wconf 90' lang='lat' dir='ltr'>tenea-</span> 
     </span>
     <span class='ocr_line' id='line_1_21' title="bbox 429 2420 1981 2504; baseline -0.002 -17"><span class='ocrx_word' id='word_1_134' title='bbox 429 2434 534 2488; x_wconf 89' lang='lat' dir='ltr'>tur</span> <span class='ocrx_word' id='word_1_135' title='bbox 560 2442 661 2487; x_wconf 90' lang='lat' dir='ltr'>eas</span> <span class='ocrx_word' id='word_1_136' title='bbox 684 2442 790 2504; x_wconf 89' lang='lat' dir='ltr'>per</span> <span class='ocrx_word' id='word_1_137' title='bbox 812 2423 1072 2503; x_wconf 89' lang='lat' dir='ltr'>seipsum</span> <span class='ocrx_word' id='word_1_138' title='bbox 1094 2421 1421 2492; x_wconf 86' lang='lat' dir='ltr'>celebrare,</span> <span class='ocrx_word' id='word_1_139' title='bbox 1448 2420 1576 2482; x_wconf 85' lang='lat' dir='ltr'>sive</span> <span class='ocrx_word' id='word_1_140' title='bbox 1606 2439 1710 2499; x_wconf 88' lang='lat' dir='ltr'>per</span> <span class='ocrx_word' id='word_1_141' title='bbox 1732 2420 1884 2482; x_wconf 89' lang='lat' dir='ltr'>alios</span> <span class='ocrx_word' id='word_1_142' title='bbox 1909 2440 1981 2484; x_wconf 89' lang='lat' dir='ltr'>ea</span> 
     </span>
     <span class='ocr_line' id='line_1_22' title="bbox 428 2514 1973 2597; baseline -0.002 -15"><span class='ocrx_word' id='word_1_143' title='bbox 428 2518 735 2582; x_wconf 88' lang='lat' dir='ltr'>celebrare</span> <span class='ocrx_word' id='word_1_144' title='bbox 782 2516 1018 2589; x_wconf 85' lang='lat' dir='ltr'>valeat,</span> <span class='ocrx_word' id='word_1_145' title='bbox 1067 2515 1224 2577; x_wconf 90' lang='lat' dir='ltr'>inter</span> <span class='ocrx_word' id='word_1_146' title='bbox 1270 2533 1423 2596; x_wconf 90' lang='lat' dir='ltr'>quos</span> <span class='ocrx_word' id='word_1_147' title='bbox 1460 2533 1676 2597; x_wconf 88' lang='lat' dir='ltr'>agmen</span> <span class='ocrx_word' id='word_1_148' title='bbox 1720 2514 1973 2579; x_wconf 89' lang='lat' dir='ltr'>ducebat</span> 
     </span>
     <span class='ocr_line' id='line_1_23' title="bbox 432 2608 1981 2691; baseline -0.003 -16"><span class='ocrx_word' id='word_1_149' title='bbox 432 2612 631 2676; x_wconf 87' lang='lat' dir='ltr'>clarae</span> <span class='ocrx_word' id='word_1_150' title='bbox 655 2657 673 2685; x_wconf 99' lang='lat'>,</span> <span class='ocrx_word' id='word_1_151' title='bbox 715 2628 1070 2691; x_wconf 71' lang='lat' dir='ltr'>semperque</span> <span class='ocrx_word' id='word_1_152' title='bbox 1110 2608 1459 2671; x_wconf 81' lang='lat' dir='ltr'>recolendae</span> <span class='ocrx_word' id='word_1_153' title='bbox 1485 2608 1809 2672; x_wconf 74' lang='lat' dir='ltr'>memoriae</span> <span class='ocrx_word' id='word_1_154' title='bbox 1836 2608 1981 2672; x_wconf 90' lang='lat' dir='ltr'>Car-</span> 
     </span>
     <span class='ocr_line' id='line_1_24' title="bbox 431 2702 1975 2785; baseline -0.003 -16"><span class='ocrx_word' id='word_1_155' title='bbox 431 2705 654 2769; x_wconf 87' lang='lat' dir='ltr'>dinalis</span> <span class='ocrx_word' id='word_1_156' title='bbox 701 2703 1074 2768; x_wconf 83' lang='lat' dir='ltr'>Panciaticus</span> <span class='ocrx_word' id='word_1_157' title='bbox 1110 2702 1371 2785; x_wconf 80' lang='lat' dir='ltr'>Insignis</span> <span class='ocrx_word' id='word_1_158' title='bbox 1422 2702 1742 2764; x_wconf 74' lang='lat' dir='ltr'>Sacrorum</span> <span class='ocrx_word' id='word_1_159' title='bbox 1785 2702 1975 2765; x_wconf 89' lang='lat' dir='ltr'>Cano-</span> 
     </span>
     <span class='ocr_line' id='line_1_25' title="bbox 431 2796 1976 2877; baseline -0.002 -14"><span class='ocrx_word' id='word_1_160' title='bbox 431 2820 582 2864; x_wconf 88' lang='lat' dir='ltr'>num</span> <span class='ocrx_word' id='word_1_161' title='bbox 616 2799 954 2871; x_wconf 71' lang='lat' dir='ltr'>Professor,</span> <span class='ocrx_word' id='word_1_162' title='bbox 1003 2805 1065 2861; x_wconf 90' lang='lat' dir='ltr'>et</span> <span class='ocrx_word' id='word_1_163' title='bbox 1114 2796 1529 2860; x_wconf 75' lang='lat' dir='ltr'>meritissimus</span> <span class='ocrx_word' id='word_1_164' title='bbox 1557 2796 1806 2877; x_wconf 83' lang='lat' dir='ltr'>hujusce</span> <span class='ocrx_word' id='word_1_165' title='bbox 1845 2798 1976 2861; x_wconf 70' lang='lat' dir='ltr'>Sac-</span> 
     </span>
     <span class='ocr_line' id='line_1_26' title="bbox 430 2890 1978 2975; baseline -0.002 -18"><span class='ocrx_word' id='word_1_166' title='bbox 430 2893 650 2975; x_wconf 84' lang='lat' dir='ltr'>Congr.</span> <span class='ocrx_word' id='word_1_167' title='bbox 676 2892 1037 2965; x_wconf 75' lang='lat' dir='ltr'>Praefectus,</span> <span class='ocrx_word' id='word_1_168' title='bbox 1060 2890 1452 2974; x_wconf 75' lang='lat' dir='ltr'>allegaverint</span> <span class='ocrx_word' id='word_1_169' title='bbox 1474 2890 1804 2953; x_wconf 85' lang='lat' dir='ltr'>Firmanum</span> <span class='ocrx_word' id='word_1_170' title='bbox 1829 2891 1978 2975; x_wconf 87' lang='lat' dir='ltr'>Cup-</span> 
     </span>
     <span class='ocr_line' id='line_1_27' title="bbox 426 2985 1985 3072; baseline -0.001 -23"><span class='ocrx_word' id='word_1_171' title='bbox 426 2990 716 3072; x_wconf 77' lang='lat' dir='ltr'>pellonias</span> <span class='ocrx_word' id='word_1_172' title='bbox 744 2991 840 3049; x_wconf 68' lang='lat'>14.</span> <span class='ocrx_word' id='word_1_173' title='bbox 875 2986 1158 3048; x_wconf 77' lang='lat' dir='ltr'>Ianuarii</span> <span class='ocrx_word' id='word_1_174' title='bbox 1183 2990 1356 3046; x_wconf 89' lang='grc'><strong>1708.</strong></span> <span class='ocrx_word' id='word_1_175' title='bbox 1386 2985 1465 3047; x_wconf 86' lang='lat' dir='ltr'>Et</span> <span class='ocrx_word' id='word_1_176' title='bbox 1493 2985 1639 3047; x_wconf 88' lang='lat' dir='ltr'>haec</span> <span class='ocrx_word' id='word_1_177' title='bbox 1660 2986 1860 3066; x_wconf 90' lang='lat' dir='ltr'>quoad</span> <span class='ocrx_word' id='word_1_178' title='bbox 1886 2986 1985 3048; x_wconf 91' lang='lat' dir='ltr'>de-</span> 
     </span>
     <span class='ocr_line' id='line_1_28' title="bbox 434 3079 1987 3163; baseline -0.003 -17"><span class='ocrx_word' id='word_1_179' title='bbox 434 3091 595 3146; x_wconf 86' lang='lat' dir='ltr'>creta</span> <span class='ocrx_word' id='word_1_180' title='bbox 621 3131 639 3156; x_wconf 87' lang='lat'>,</span> <span class='ocrx_word' id='word_1_181' title='bbox 690 3090 753 3144; x_wconf 91' lang='lat' dir='ltr'>et</span> <span class='ocrx_word' id='word_1_182' title='bbox 799 3081 1192 3144; x_wconf 87' lang='lat' dir='ltr'>resolutiones</span> <span class='ocrx_word' id='word_1_183' title='bbox 1240 3080 1456 3144; x_wconf 87' lang='lat' dir='ltr'>Sacrae</span> <span class='ocrx_word' id='word_1_184' title='bbox 1497 3079 1987 3163; x_wconf 85' lang='lat' dir='ltr'>Congregationis</span> 
     </span>
     <span class='ocr_line' id='line_1_29' title="bbox 436 3175 958 3241; baseline -0.01 0"><span class='ocrx_word' id='word_1_185' title='bbox 436 3177 594 3241; x_wconf 88' lang='lat' dir='ltr'>dicta</span> <span class='ocrx_word' id='word_1_186' title='bbox 618 3175 958 3241; x_wconf 87' lang='lat' dir='ltr'>sufficiant.</span> 
     </span>
    </p>
   </div>
   <div class='ocr_carea' id='block_1_3' title="bbox 1108 3361 1316 3445">
    <p class='ocr_par' dir='ltr' id='par_1_4' title="bbox 1108 3361 1316 3445">
     <span class='ocr_line' id='line_1_30' title="bbox 1108 3361 1316 3445; baseline -0.005 -23"><span class='ocrx_word' id='word_1_187' title='bbox 1108 3361 1176 3445; x_wconf 72' lang='lat'>5.</span> <span class='ocrx_word' id='word_1_188' title='bbox 1233 3361 1316 3423; x_wconf 83' lang='grc' dir='ltr'>ιι.</span> 
     </span>
    </p>
   </div>
   <div class='ocr_carea' id='block_1_4' title="bbox 441 3605 1989 3970">
    <p class='ocr_par' dir='ltr' id='par_1_5' title="bbox 441 3605 1989 3970">
     <span class='ocr_line' id='line_1_31' title="bbox 441 3605 1986 3691; baseline -0.005 -19"><span class='ocrx_word' id='word_1_189' title='bbox 441 3610 514 3671; x_wconf 89' lang='lat' dir='ltr'>In</span> <span class='ocrx_word' id='word_1_190' title='bbox 538 3629 649 3691; x_wconf 84' lang='lat' dir='ltr'>quo</span> <span class='ocrx_word' id='word_1_191' title='bbox 676 3616 1040 3690; x_wconf 64' lang='lat' dir='ltr'>aperiuntur</span> <span class='ocrx_word' id='word_1_192' title='bbox 1079 3605 1345 3668; x_wconf 73' lang='lat' dir='ltr'>Rationes</span> <span class='ocrx_word' id='word_1_193' title='bbox 1363 3652 1381 3677; x_wconf 90' lang='lat'>‚</span> <span class='ocrx_word' id='word_1_194' title='bbox 1428 3606 1630 3685; x_wconf 82' lang='lat' dir='ltr'>quibus</span> <span class='ocrx_word' id='word_1_195' title='bbox 1674 3606 1986 3687; x_wconf 82' lang='lat' dir='ltr'>probatur,</span> 
     </span>
     <span class='ocr_line' id='line_1_32' title="bbox 517 3698 1988 3778; baseline -0.004 -12"><span class='ocrx_word' id='word_1_196' title='bbox 517 3725 632 3766; x_wconf 88' lang='lat' dir='ltr'>non</span> <span class='ocrx_word' id='word_1_197' title='bbox 652 3723 760 3765; x_wconf 87' lang='lat' dir='ltr'>esse</span> <span class='ocrx_word' id='word_1_198' title='bbox 798 3703 1142 3763; x_wconf 74' lang='lat' dir='ltr'>detrahenda</span> <span class='ocrx_word' id='word_1_199' title='bbox 1170 3719 1342 3762; x_wconf 89' lang='lat' dir='ltr'>onera</span> <span class='ocrx_word' id='word_1_200' title='bbox 1369 3698 1689 3762; x_wconf 75' lang='lat' dir='ltr'>Missurum</span> <span class='ocrx_word' id='word_1_201' title='bbox 1714 3747 1732 3771; x_wconf 91' lang='lat'>‚</span> <span class='ocrx_word' id='word_1_202' title='bbox 1762 3699 1988 3778; x_wconf 83' lang='lat' dir='ltr'>quando</span> 
     </span>
     <span class='ocr_line' id='line_1_33' title="bbox 518 3796 1989 3879; baseline -0.003 -20"><span class='ocrx_word' id='word_1_203' title='bbox 518 3801 647 3879; x_wconf 82' lang='lat' dir='ltr'>quis</span> <span class='ocrx_word' id='word_1_204' title='bbox 675 3807 893 3858; x_wconf 86' lang='lat' dir='ltr'>tenetur</span> <span class='ocrx_word' id='word_1_205' title='bbox 933 3797 1211 3858; x_wconf 86' lang='lat' dir='ltr'>celebrare</span> <span class='ocrx_word' id='word_1_206' title='bbox 1251 3814 1353 3875; x_wconf 86' lang='lat' dir='ltr'>per</span> <span class='ocrx_word' id='word_1_207' title='bbox 1384 3796 1624 3874; x_wconf 85' lang='lat' dir='ltr'>seipsum</span> <span class='ocrx_word' id='word_1_208' title='bbox 1646 3841 1663 3865; x_wconf 89' lang='lat'>‚</span> <span class='ocrx_word' id='word_1_209' title='bbox 1693 3803 1745 3853; x_wconf 88' lang='lat' dir='ltr'>et</span> <span class='ocrx_word' id='word_1_210' title='bbox 1785 3812 1852 3853; x_wconf 88' lang='lat' dir='ltr'>eu</span> <span class='ocrx_word' id='word_1_211' title='bbox 1880 3812 1989 3854; x_wconf 86' lang='lat' dir='ltr'>esse</span> 
     </span>
     <span class='ocr_line' id='line_1_34' title="bbox 521 3887 1982 3970; baseline -0.003 -18"><span class='ocrx_word' id='word_1_212' title='bbox 521 3890 886 3961; x_wconf 80' lang='lat' dir='ltr'>detrahenda,</span> <span class='ocrx_word' id='word_1_213' title='bbox 915 3889 1143 3969; x_wconf 82' lang='lat' dir='ltr'>quando</span> <span class='ocrx_word' id='word_1_214' title='bbox 1159 3897 1336 3970; x_wconf 86' lang='lat' dir='ltr'>potest</span> <span class='ocrx_word' id='word_1_215' title='bbox 1361 3888 1639 3948; x_wconf 86' lang='lat' dir='ltr'>celebrare</span> <span class='ocrx_word' id='word_1_216' title='bbox 1653 3906 1754 3967; x_wconf 88' lang='lat' dir='ltr'>per</span> <span class='ocrx_word' id='word_1_217' title='bbox 1777 3887 1982 3949; x_wconf 84' lang='lat' dir='ltr'>alium.</span> 
     </span>
    </p>
   </div>
   <div class='ocr_carea' id='block_1_5' title="bbox 442 4072 1996 5521">
    <p class='ocr_par' dir='ltr' id='par_1_6' title="bbox 442 4072 1996 5521">
     <span class='ocr_line' id='line_1_35' title="bbox 447 4072 1987 4206; baseline -0.001 -22"><span class='ocrx_word' id='word_1_218' title='bbox 447 4072 794 4187; x_wconf 84' lang='lat' dir='ltr'>Nonnulla</span> <span class='ocrx_word' id='word_1_219' title='bbox 818 4134 990 4198; x_wconf 88' lang='lat' dir='ltr'>sunt,</span> <span class='ocrx_word' id='word_1_220' title='bbox 1024 4144 1181 4206; x_wconf 89' lang='lat' dir='ltr'>quae</span> <span class='ocrx_word' id='word_1_221' title='bbox 1200 4126 1503 4206; x_wconf 85' lang='lat' dir='ltr'>proposito</span> <span class='ocrx_word' id='word_1_222' title='bbox 1530 4124 1735 4186; x_wconf 78' lang='lat' dir='ltr'>favent</span> <span class='ocrx_word' id='word_1_223' title='bbox 1759 4142 1987 4185; x_wconf 87' lang='lat' dir='ltr'>assum-</span> 
     </span>
     <span class='ocr_line' id='line_1_36' title="bbox 447 4219 1992 4302; baseline -0.003 -19"><span class='ocrx_word' id='word_1_224' title='bbox 447 4227 580 4302; x_wconf 86' lang='lat' dir='ltr'>pto:</span> <span class='ocrx_word' id='word_1_225' title='bbox 632 4219 901 4281; x_wconf 88' lang='lat' dir='ltr'>Primum</span> <span class='ocrx_word' id='word_1_226' title='bbox 933 4228 1021 4281; x_wconf 89' lang='lat' dir='ltr'>est</span> <span class='ocrx_word' id='word_1_227' title='bbox 1046 4265 1063 4292; x_wconf 90' lang='lat'>,</span> <span class='ocrx_word' id='word_1_228' title='bbox 1103 4219 1266 4301; x_wconf 91' lang='lat' dir='ltr'>quod</span> <span class='ocrx_word' id='word_1_229' title='bbox 1296 4228 1447 4281; x_wconf 85' lang='lat' dir='ltr'>esset</span> <span class='ocrx_word' id='word_1_230' title='bbox 1469 4219 1718 4281; x_wconf 90' lang='lat' dir='ltr'>omnino</span> <span class='ocrx_word' id='word_1_231' title='bbox 1743 4226 1992 4297; x_wconf 82' lang='lat' dir='ltr'>exopta-</span> 
     </span>
     <span class='ocr_line' id='line_1_37' title="bbox 442 4311 1992 4394; baseline -0.005 -17"><span class='ocrx_word' id='word_1_232' title='bbox 442 4313 590 4386; x_wconf 79' lang='lat' dir='ltr'>bile,</span> <span class='ocrx_word' id='word_1_233' title='bbox 623 4321 694 4375; x_wconf 91' lang='lat' dir='ltr'>ut</span> <span class='ocrx_word' id='word_1_234' title='bbox 721 4313 1063 4374; x_wconf 85' lang='lat' dir='ltr'>Sacerdotes</span> <span class='ocrx_word' id='word_1_235' title='bbox 1096 4312 1301 4373; x_wconf 81' lang='lat' dir='ltr'>vivere</span> <span class='ocrx_word' id='word_1_236' title='bbox 1327 4320 1564 4394; x_wconf 85' lang='lat' dir='ltr'>possent</span> <span class='ocrx_word' id='word_1_237' title='bbox 1587 4311 1992 4391; x_wconf 87' lang='lat' dir='ltr'>independen-</span> 
     </span>
     <span class='ocr_line' id='line_1_38' title="bbox 445 4393 1993 4487; baseline -0.003 -18"><span class='ocrx_word' id='word_1_238' title='bbox 445 4415 540 4469; x_wconf 91' lang='lat' dir='ltr'>ter</span> <span class='ocrx_word' id='word_1_239' title='bbox 587 4407 668 4468; x_wconf 90' lang='lat' dir='ltr'>ab</span> <span class='ocrx_word' id='word_1_240' title='bbox 715 4404 1090 4487; x_wconf 81' lang='lat' dir='ltr'>eleemosyna</span> <span class='ocrx_word' id='word_1_241' title='bbox 1135 4393 1454 4467; x_wconf 80' lang='lat' dir='ltr'>Missaruin</span> <span class='ocrx_word' id='word_1_242' title='bbox 1480 4451 1498 4479; x_wconf 91' lang='lat'>,</span> <span class='ocrx_word' id='word_1_243' title='bbox 1555 4403 1643 4466; x_wconf 91' lang='lat' dir='ltr'>uti</span> <span class='ocrx_word' id='word_1_244' title='bbox 1699 4404 1993 4485; x_wconf 88' lang='lat' dir='ltr'>ponderat</span> 
     </span>
     <span class='ocr_line' id='line_1_39' title="bbox 457 4497 1987 4580; baseline -0.005 -16"><span class='ocrx_word' id='word_1_245' title='bbox 457 4501 760 4580; x_wconf 78' lang='lat' dir='ltr'>Vunespen.</span> <span class='ocrx_word' id='word_1_246' title='bbox 788 4502 853 4559; x_wconf 87' lang='lat' dir='ltr'>in</span> <span class='ocrx_word' id='word_1_247' title='bbox 885 4498 995 4559; x_wconf 87' lang='lat' dir='ltr'>Jus</span> <span class='ocrx_word' id='word_1_248' title='bbox 1038 4497 1250 4559; x_wconf 83' lang='lat' dir='ltr'>Eccles.</span> <span class='ocrx_word' id='word_1_249' title='bbox 1290 4510 1421 4559; x_wconf 88' lang='lat' dir='ltr'>tom.</span> <span class='ocrx_word' id='word_1_250' title='bbox 1460 4504 1516 4559; x_wconf 93' lang='grc'>1.</span> <span class='ocrx_word' id='word_1_251' title='bbox 1552 4508 1708 4579; x_wconf 86' lang='lat' dir='ltr'>part.</span> <span class='ocrx_word' id='word_1_252' title='bbox 1755 4502 1814 4558; x_wconf 91' lang='grc'>2.</span> <span class='ocrx_word' id='word_1_253' title='bbox 1861 4517 1987 4576; x_wconf 86' lang='lat' dir='ltr'>cap.</span> 
     </span>
     <span class='ocr_line' id='line_1_40' title="bbox 452 4589 1993 4679; baseline -0.006 -22"><span class='ocrx_word' id='word_1_254' title='bbox 452 4601 511 4657; x_wconf 85' lang='grc'>9.</span> <span class='ocrx_word' id='word_1_255' title='bbox 536 4594 602 4679; x_wconf 72' lang='lat' dir='ltr'>S.</span> <span class='ocrx_word' id='word_1_256' title='bbox 632 4599 729 4655; x_wconf 81' lang='grc'>36.</span> <span class='ocrx_word' id='word_1_257' title='bbox 762 4592 873 4654; x_wconf 86' lang='lat' dir='ltr'>ibi:</span> <span class='ocrx_word' id='word_1_258' title='bbox 904 4611 1081 4672; x_wconf 86' lang='lat' dir='ltr'>quare</span> <span class='ocrx_word' id='word_1_259' title='bbox 1102 4593 1305 4672; x_wconf 82' lang='lat' dir='ltr'>procul</span> <span class='ocrx_word' id='word_1_260' title='bbox 1340 4613 1376 4653; x_wconf 91' lang='lat' dir='ltr'>a</span> <span class='ocrx_word' id='word_1_261' title='bbox 1404 4601 1581 4652; x_wconf 84' lang='lat' dir='ltr'>mente</span> <span class='ocrx_word' id='word_1_262' title='bbox 1605 4590 1830 4672; x_wconf 79' lang='lat' dir='ltr'>Synodi</span> <span class='ocrx_word' id='word_1_263' title='bbox 1863 4589 1993 4649; x_wconf 86' lang='lat' dir='ltr'>Tri-</span> 
     </span>
     <span class='ocr_line' id='line_1_41' title="bbox 449 4686 1991 4767; baseline -0.006 -17"><span class='ocrx_word' id='word_1_264' title='bbox 449 4691 710 4751; x_wconf 84' lang='lat' dir='ltr'>dentinae</span> <span class='ocrx_word' id='word_1_265' title='bbox 735 4689 1002 4749; x_wconf 86' lang='lat' dir='ltr'>aberrant</span> <span class='ocrx_word' id='word_1_266' title='bbox 1019 4686 1310 4767; x_wconf 84' lang='lat' dir='ltr'>Episcopi,</span> <span class='ocrx_word' id='word_1_267' title='bbox 1332 4688 1435 4764; x_wconf 88' lang='lat' dir='ltr'>qui</span> <span class='ocrx_word' id='word_1_268' title='bbox 1460 4688 1527 4745; x_wconf 89' lang='lat' dir='ltr'>in</span> <span class='ocrx_word' id='word_1_269' title='bbox 1549 4687 1991 4766; x_wconf 84' lang='lat' dir='ltr'>supplementum</span> 
     </span>
     <span class='ocr_line' id='line_1_42' title="bbox 449 4774 1996 4861; baseline -0.006 -17"><span class='ocrx_word' id='word_1_270' title='bbox 449 4784 609 4844; x_wconf 87' lang='lat' dir='ltr'>tituli</span> <span class='ocrx_word' id='word_1_271' title='bbox 635 4791 957 4861; x_wconf 86' lang='lat' dir='ltr'>computant</span> <span class='ocrx_word' id='word_1_272' title='bbox 1003 4779 1310 4839; x_wconf 80' lang='lat' dir='ltr'>honoraria</span> <span class='ocrx_word' id='word_1_273' title='bbox 1334 4825 1349 4847; x_wconf 93' lang='lat'>‚</span> <span class='ocrx_word' id='word_1_274' title='bbox 1381 4797 1524 4857; x_wconf 85' lang='lat' dir='ltr'>quae</span> <span class='ocrx_word' id='word_1_275' title='bbox 1565 4774 1885 4837; x_wconf 84' lang='lat' dir='ltr'>Ordinatus</span> <span class='ocrx_word' id='word_1_276' title='bbox 1932 4777 1996 4834; x_wconf 87' lang='lat' dir='ltr'>in</span> 
     </span>
     <span class='ocr_line' id='line_1_43' title="bbox 449 4870 1996 4956; baseline -0.006 -18"><span class='ocrx_word' id='word_1_277' title='bbox 449 4876 853 4956; x_wconf 81' lang='lat' dir='ltr'>Presbyterum</span> <span class='ocrx_word' id='word_1_278' title='bbox 886 4892 961 4934; x_wconf 77' lang='lat' dir='ltr'>ea:</span> <span class='ocrx_word' id='word_1_279' title='bbox 1007 4873 1369 4934; x_wconf 73' lang='lat' dir='ltr'>celebratione</span> <span class='ocrx_word' id='word_1_280' title='bbox 1408 4871 1728 4933; x_wconf 73' lang='lat' dir='ltr'>Missurum</span> <span class='ocrx_word' id='word_1_281' title='bbox 1777 4870 1996 4929; x_wconf 83' lang='lat' dir='ltr'>lucrari</span> 
     </span>
     <span class='ocr_line' id='line_1_44' title="bbox 444 4962 1995 5052; baseline -0.007 -19"><span class='ocrx_word' id='word_1_282' title='bbox 444 4973 652 5052; x_wconf 85' lang='lat' dir='ltr'>poterit</span> <span class='ocrx_word' id='word_1_283' title='bbox 674 4992 698 5039; x_wconf 88' lang='lat'>,·</span> <span class='ocrx_word' id='word_1_284' title='bbox 726 4989 851 5030; x_wconf 88' lang='lat' dir='ltr'>cum</span> <span class='ocrx_word' id='word_1_285' title='bbox 896 4969 1000 5029; x_wconf 80' lang='lat' dir='ltr'>hac</span> <span class='ocrx_word' id='word_1_286' title='bbox 1028 4968 1435 5046; x_wconf 87' lang='lat' dir='ltr'>computatione</span> <span class='ocrx_word' id='word_1_287' title='bbox 1472 4967 1588 5044; x_wconf 79' lang='lat' dir='ltr'>ipse</span> <span class='ocrx_word' id='word_1_288' title='bbox 1622 4962 1995 5025; x_wconf 72' lang='lat' dir='ltr'>Ordinanaelus</span> 
     </span>
     <span class='ocr_line' id='line_1_45' title="bbox 451 5059 1994 5144; baseline -0.006 -19"><span class='ocrx_word' id='word_1_289' title='bbox 451 5064 852 5144; x_wconf 81' lang='lat' dir='ltr'>quodammodo</span> <span class='ocrx_word' id='word_1_290' title='bbox 905 5063 1178 5141; x_wconf 67' lang='lat' dir='ltr'>adipatur</span> <span class='ocrx_word' id='word_1_291' title='bbox 1234 5059 1311 5121; x_wconf 81' lang='lat' dir='ltr'>ud</span> <span class='ocrx_word' id='word_1_292' title='bbox 1360 5059 1652 5119; x_wconf 83' lang='lat' dir='ltr'>sordidum</span> <span class='ocrx_word' id='word_1_293' title='bbox 1703 5066 1994 5137; x_wconf 86' lang='lat' dir='ltr'>quaestum</span> 
     </span>
     <span class='ocr_line' id='line_1_46' title="bbox 452 5152 1994 5233; baseline -0.005 -15"><span class='ocrx_word' id='word_1_294' title='bbox 452 5159 855 5226; x_wconf 66' lang='lat' dir='ltr'>exercendum:</span> <span class='ocrx_word' id='word_1_295' title='bbox 881 5177 1009 5218; x_wconf 88' lang='lat' dir='ltr'>cum</span> <span class='ocrx_word' id='word_1_296' title='bbox 1032 5156 1239 5216; x_wconf 81' lang='lat' dir='ltr'>scilicet</span> <span class='ocrx_word' id='word_1_297' title='bbox 1272 5156 1493 5233; x_wconf 76' lang='lat' dir='ltr'>coqitur</span> <span class='ocrx_word' id='word_1_298' title='bbox 1518 5172 1593 5213; x_wconf 69' lang='lat' dir='ltr'>esc</span> <span class='ocrx_word' id='word_1_299' title='bbox 1632 5152 1994 5213; x_wconf 74' lang='lat' dir='ltr'>celebratione</span> 
     </span>
     <span class='ocr_line' id='line_1_47' title="bbox 456 5246 1993 5331; baseline -0.005 -19"><span class='ocrx_word' id='word_1_300' title='bbox 456 5250 775 5312; x_wconf 77' lang='lat' dir='ltr'>Missurum</span> <span class='ocrx_word' id='word_1_301' title='bbox 794 5297 813 5325; x_wconf 91' lang='lat'>,</span> <span class='ocrx_word' id='word_1_302' title='bbox 842 5271 937 5311; x_wconf 88' lang='lat' dir='ltr'>seu</span> <span class='ocrx_word' id='word_1_303' title='bbox 981 5250 1223 5331; x_wconf 79' lang='lat' dir='ltr'>quodam</span> <span class='ocrx_word' id='word_1_304' title='bbox 1248 5250 1469 5330; x_wconf 80' lang='lat' dir='ltr'>opificio</span> <span class='ocrx_word' id='word_1_305' title='bbox 1501 5249 1651 5307; x_wconf 82' lang='lat' dir='ltr'>vitae</span> <span class='ocrx_word' id='word_1_306' title='bbox 1683 5246 1993 5305; x_wconf 81' lang='lat' dir='ltr'>necessaria</span> 
     </span>
     <span class='ocr_line' id='line_1_48' title="bbox 453 5339 1994 5424; baseline -0.005 -18"><span class='ocrx_word' id='word_1_307' title='bbox 453 5363 717 5424; x_wconf 79' lang='lat' dir='ltr'>quaerere</span> <span class='ocrx_word' id='word_1_308' title='bbox 741 5393 759 5417; x_wconf 88' lang='lat'>,</span> <span class='ocrx_word' id='word_1_309' title='bbox 804 5347 916 5405; x_wconf 72' lang='lat' dir='ltr'>sive</span> <span class='ocrx_word' id='word_1_310' title='bbox 960 5345 1025 5404; x_wconf 84' lang='lat' dir='ltr'>de</span> <span class='ocrx_word' id='word_1_311' title='bbox 1067 5344 1428 5404; x_wconf 83' lang='lat' dir='ltr'>celebratione</span> <span class='ocrx_word' id='word_1_312' title='bbox 1470 5339 1788 5402; x_wconf 80' lang='lat' dir='ltr'>Missurum</span> <span class='ocrx_word' id='word_1_313' title='bbox 1816 5339 1994 5415; x_wconf 74' lang='lat' dir='ltr'>facere</span> 
     </span>
     <span class='ocr_line' id='line_1_49' title="bbox 456 5438 1218 5521; baseline -0.003 -22"><span class='ocrx_word' id='word_1_314' title='bbox 456 5447 636 5499; x_wconf 87' lang='lat' dir='ltr'>artem</span> <span class='ocrx_word' id='word_1_315' title='bbox 657 5438 721 5499; x_wconf 80' lang='lat' dir='ltr'>de</span> <span class='ocrx_word' id='word_1_316' title='bbox 741 5458 889 5521; x_wconf 87' lang='lat' dir='ltr'>pune</span> <span class='ocrx_word' id='word_1_317' title='bbox 915 5438 1218 5500; x_wconf 78' lang='lat' dir='ltr'>lucrando.</span> 
     </span>
    </p>
   </div>
   <div class='ocr_carea' id='block_1_6' title="bbox 3341 484 3448 535">
    <p class='ocr_par' dir='ltr' id='par_1_7' title="bbox 3341 484 3448 535">
     <span class='ocr_line' id='line_1_50' title="bbox 3341 484 3448 535; baseline 0.009 -1"><span class='ocrx_word' id='word_1_318' title='bbox 3341 484 3448 535; x_wconf 71' lang='lat'>³07</span> 
     </span>
    </p>
   </div>
   <div class='ocr_carea' id='block_1_7' title="bbox 2071 628 3625 802">
    <p class='ocr_par' dir='ltr' id='par_1_8' title="bbox 2071 628 3625 802">
     <span class='ocr_line' id='line_1_51' title="bbox 2192 628 3625 714; baseline 0.005 -22"><span class='ocrx_word' id='word_1_319' title='bbox 2192 628 2479 712; x_wconf 79' lang='lat' dir='ltr'>Adeoque</span> <span class='ocrx_word' id='word_1_320' title='bbox 2497 632 2749 696; x_wconf 78' lang='lat' dir='ltr'>Alvurus</span> <span class='ocrx_word' id='word_1_321' title='bbox 2778 631 3048 712; x_wconf 75' lang='lat' dir='ltr'>Pelaqius</span> <span class='ocrx_word' id='word_1_322' title='bbox 3075 635 3140 694; x_wconf 83' lang='lat' dir='ltr'>de</span> <span class='ocrx_word' id='word_1_323' title='bbox 3168 636 3405 714; x_wconf 86' lang='lat' dir='ltr'>planctu</span> <span class='ocrx_word' id='word_1_324' title='bbox 3432 635 3625 699; x_wconf 77' lang='lat' dir='ltr'>Eccle-</span> 
     </span>
     <span class='ocr_line' id='line_1_52' title="bbox 2071 726 3622 802; baseline 0.003 -15"><span class='ocrx_word' id='word_1_325' title='bbox 2071 727 2189 787; x_wconf 80' lang='lat' dir='ltr'>siae</span> <span class='ocrx_word' id='word_1_326' title='bbox 2215 736 2331 787; x_wconf 87' lang='lat' dir='ltr'>art.</span> <span class='ocrx_word' id='word_1_327' title='bbox 2361 732 2421 787; x_wconf 88' lang='lat'>5.</span> <span class='ocrx_word' id='word_1_328' title='bbox 2468 726 2760 789; x_wconf 84' lang='lat' dir='ltr'>subdidit:</span> <span class='ocrx_word' id='word_1_329' title='bbox 2792 727 2996 787; x_wconf 79' lang='lat' dir='ltr'>Almus</span> <span class='ocrx_word' id='word_1_330' title='bbox 3025 727 3359 790; x_wconf 78' lang='lat' dir='ltr'>Franciscus</span> <span class='ocrx_word' id='word_1_331' title='bbox 3393 733 3573 791; x_wconf 81' lang='lat' dir='ltr'>votuit</span> <span class='ocrx_word' id='word_1_332' title='bbox 3602 776 3622 802; x_wconf 90' lang='lat'>,</span> 
     </span>
    </p>
   </div>
   <div class='ocr_carea' id='block_1_8' title="bbox 2074 821 3653 5508">
    <p class='ocr_par' dir='ltr' id='par_1_9' title="bbox 2074 821 3634 1184">
     <span class='ocr_line' id='line_1_53' title="bbox 2074 821 3627 900; baseline 0.005 -20"><span class='ocrx_word' id='word_1_333' title='bbox 2074 821 2224 900; x_wconf 81' lang='lat' dir='ltr'>quod</span> <span class='ocrx_word' id='word_1_334' title='bbox 2240 823 2307 880; x_wconf 87' lang='lat' dir='ltr'>in</span> <span class='ocrx_word' id='word_1_335' title='bbox 2327 842 2669 900; x_wconf 82' lang='lat' dir='ltr'>quocumque</span> <span class='ocrx_word' id='word_1_336' title='bbox 2694 824 2809 882; x_wconf 87' lang='lat' dir='ltr'>loco</span> <span class='ocrx_word' id='word_1_337' title='bbox 2826 821 3034 898; x_wconf 73' lang='lat' dir='ltr'>fratres</span> <span class='ocrx_word' id='word_1_338' title='bbox 3054 827 3298 884; x_wconf 81' lang='lat' dir='ltr'>contenti</span> <span class='ocrx_word' id='word_1_339' title='bbox 3317 836 3488 886; x_wconf 84' lang='lat' dir='ltr'>essent</span> <span class='ocrx_word' id='word_1_340' title='bbox 3511 846 3627 887; x_wconf 82' lang='lat' dir='ltr'>una</span> 
     </span>
     <span class='ocr_line' id='line_1_54' title="bbox 2075 915 3634 1001; baseline 0.003 -25"><span class='ocrx_word' id='word_1_341' title='bbox 2075 915 2265 977; x_wconf 83' lang='lat' dir='ltr'>Missa</span> <span class='ocrx_word' id='word_1_342' title='bbox 2292 963 2307 987; x_wconf 92' lang='lat'>,</span> <span class='ocrx_word' id='word_1_343' title='bbox 2338 919 2652 996; x_wconf 81' lang='lat' dir='ltr'>praesciens</span> <span class='ocrx_word' id='word_1_344' title='bbox 2677 917 2884 993; x_wconf 76' lang='lat' dir='ltr'>[ratres</span> <span class='ocrx_word' id='word_1_345' title='bbox 2919 937 2974 976; x_wconf 83' lang='lat' dir='ltr'>se</span> <span class='ocrx_word' id='word_1_346' title='bbox 3014 920 3152 977; x_wconf 80' lang='lat' dir='ltr'>velle</span> <span class='ocrx_word' id='word_1_347' title='bbox 3182 919 3498 1001; x_wconf 79' lang='lat' dir='ltr'>justificare</span> <span class='ocrx_word' id='word_1_348' title='bbox 3532 940 3634 1000; x_wconf 87' lang='lat' dir='ltr'>per</span> 
     </span>
     <span class='ocr_line' id='line_1_55' title="bbox 2079 1009 3631 1091; baseline 0.003 -19"><span class='ocrx_word' id='word_1_349' title='bbox 2079 1009 2326 1083; x_wconf 85' lang='lat' dir='ltr'>Missas,</span> <span class='ocrx_word' id='word_1_350' title='bbox 2357 1021 2408 1071; x_wconf 90' lang='lat' dir='ltr'>et</span> <span class='ocrx_word' id='word_1_351' title='bbox 2435 1011 2511 1072; x_wconf 83' lang='lat' dir='ltr'>ad</span> <span class='ocrx_word' id='word_1_352' title='bbox 2541 1022 2833 1091; x_wconf 84' lang='lat' dir='ltr'>quaestum</span> <span class='ocrx_word' id='word_1_353' title='bbox 2856 1030 2948 1072; x_wconf 88' lang='lat' dir='ltr'>eus</span> <span class='ocrx_word' id='word_1_354' title='bbox 2973 1014 3232 1074; x_wconf 82' lang='lat' dir='ltr'>reducere</span> <span class='ocrx_word' id='word_1_355' title='bbox 3255 1062 3273 1085; x_wconf 86' lang='lat'>,</span> <span class='ocrx_word' id='word_1_356' title='bbox 3298 1017 3444 1075; x_wconf 85' lang='lat' dir='ltr'>sicut</span> <span class='ocrx_word' id='word_1_357' title='bbox 3477 1017 3631 1077; x_wconf 82' lang='lat' dir='ltr'>vide-</span> 
     </span>
     <span class='ocr_line' id='line_1_56' title="bbox 2075 1105 2579 1184; baseline 0.002 -20"><span class='ocrx_word' id='word_1_358' title='bbox 2075 1124 2202 1164; x_wconf 81' lang='lat' dir='ltr'>mus</span> <span class='ocrx_word' id='word_1_359' title='bbox 2233 1105 2392 1164; x_wconf 78' lang='lat' dir='ltr'>hodie</span> <span class='ocrx_word' id='word_1_360' title='bbox 2411 1106 2540 1184; x_wconf 81' lang='lat' dir='ltr'>fieri</span> <span class='ocrx_word' id='word_1_361' title='bbox 2562 1148 2579 1165; x_wconf 87' lang='lat'><strong>.</strong></span> 
     </span>
    </p>

    <p class='ocr_par' dir='ltr' id='par_1_10' title="bbox 2079 1196 3640 2315">
     <span class='ocr_line' id='line_1_57' title="bbox 2196 1196 3633 1270; baseline 0.004 -12"><span class='ocrx_word' id='word_1_362' title='bbox 2196 1197 2579 1259; x_wconf 88' lang='lat' dir='ltr'>Procedendo</span> <span class='ocrx_word' id='word_1_363' title='bbox 2599 1216 2735 1260; x_wconf 90' lang='lat' dir='ltr'>cum</span> <span class='ocrx_word' id='word_1_364' title='bbox 2760 1197 2875 1260; x_wconf 90' lang='lat' dir='ltr'>boc</span> <span class='ocrx_word' id='word_1_365' title='bbox 2895 1196 3218 1270; x_wconf 79' lang='lat' dir='ltr'>sistemate,</span> <span class='ocrx_word' id='word_1_366' title='bbox 3238 1219 3274 1261; x_wconf 90' lang='lat' dir='ltr'>a</span> <span class='ocrx_word' id='word_1_367' title='bbox 3299 1199 3506 1262; x_wconf 84' lang='lat' dir='ltr'>valore</span> <span class='ocrx_word' id='word_1_368' title='bbox 3528 1202 3633 1264; x_wconf 85' lang='lat' dir='ltr'>Be-</span> 
     </span>
     <span class='ocr_line' id='line_1_58' title="bbox 2079 1289 3631 1374; baseline 0.003 -22"><span class='ocrx_word' id='word_1_369' title='bbox 2079 1289 2278 1353; x_wconf 82' lang='lat' dir='ltr'>neficii</span> <span class='ocrx_word' id='word_1_370' title='bbox 2303 1337 2320 1364; x_wconf 92' lang='lat'>,</span> <span class='ocrx_word' id='word_1_371' title='bbox 2351 1292 2427 1354; x_wconf 91' lang='lat' dir='ltr'>ad</span> <span class='ocrx_word' id='word_1_372' title='bbox 2462 1294 2633 1374; x_wconf 89' lang='lat' dir='ltr'>cujus</span> <span class='ocrx_word' id='word_1_373' title='bbox 2665 1292 2910 1354; x_wconf 89' lang='lat' dir='ltr'>titulum</span> <span class='ocrx_word' id='word_1_374' title='bbox 2941 1291 3077 1373; x_wconf 84' lang='lat' dir='ltr'>quis</span> <span class='ocrx_word' id='word_1_375' title='bbox 3104 1292 3442 1368; x_wconf 86' lang='lat' dir='ltr'>ordinatur,</span> <span class='ocrx_word' id='word_1_376' title='bbox 3473 1315 3631 1357; x_wconf 90' lang='lat' dir='ltr'>sem-</span> 
     </span>
     <span class='ocr_line' id='line_1_59' title="bbox 2080 1386 3634 1466; baseline 0.005 -21"><span class='ocrx_word' id='word_1_377' title='bbox 2080 1404 2188 1466; x_wconf 86' lang='lat' dir='ltr'>per</span> <span class='ocrx_word' id='word_1_378' title='bbox 2209 1393 2406 1447; x_wconf 87' lang='lat' dir='ltr'>essent</span> <span class='ocrx_word' id='word_1_379' title='bbox 2450 1386 2820 1449; x_wconf 83' lang='lat' dir='ltr'>detrabenda</span> <span class='ocrx_word' id='word_1_380' title='bbox 2860 1406 3045 1448; x_wconf 87' lang='lat' dir='ltr'>onera</span> <span class='ocrx_word' id='word_1_381' title='bbox 3095 1387 3415 1450; x_wconf 74' lang='lat' dir='ltr'>Missarum</span> <span class='ocrx_word' id='word_1_382' title='bbox 3442 1435 3460 1463; x_wconf 91' lang='lat'>,</span> <span class='ocrx_word' id='word_1_383' title='bbox 3504 1389 3634 1453; x_wconf 85' lang='lat' dir='ltr'>sive</span> 
     </span>
     <span class='ocr_line' id='line_1_60' title="bbox 2081 1479 3636 1566; baseline 0.003 -26"><span class='ocrx_word' id='word_1_384' title='bbox 2081 1479 2481 1542; x_wconf 80' lang='lat' dir='ltr'>Beneficiatus</span> <span class='ocrx_word' id='word_1_385' title='bbox 2523 1488 2799 1543; x_wconf 78' lang='lat' dir='ltr'>teneatur</span> <span class='ocrx_word' id='word_1_386' title='bbox 2844 1499 2946 1543; x_wconf 88' lang='lat' dir='ltr'>eas</span> <span class='ocrx_word' id='word_1_387' title='bbox 2984 1480 3292 1544; x_wconf 89' lang='lat' dir='ltr'>celebrare</span> <span class='ocrx_word' id='word_1_388' title='bbox 3332 1503 3439 1564; x_wconf 91' lang='lat' dir='ltr'>per</span> <span class='ocrx_word' id='word_1_389' title='bbox 3477 1484 3636 1566; x_wconf 90' lang='lat' dir='ltr'>seip-</span> 
     </span>
     <span class='ocr_line' id='line_1_61' title="bbox 2081 1575 3636 1657; baseline 0.003 -20"><span class='ocrx_word' id='word_1_390' title='bbox 2081 1594 2240 1647; x_wconf 89' lang='lat' dir='ltr'>sum,</span> <span class='ocrx_word' id='word_1_391' title='bbox 2261 1575 2388 1637; x_wconf 85' lang='lat' dir='ltr'>sive</span> <span class='ocrx_word' id='word_1_392' title='bbox 2410 1576 2593 1656; x_wconf 86' lang='lat' dir='ltr'>possit</span> <span class='ocrx_word' id='word_1_393' title='bbox 2608 1575 2916 1638; x_wconf 87' lang='lat' dir='ltr'>celebrare</span> <span class='ocrx_word' id='word_1_394' title='bbox 2939 1596 3045 1657; x_wconf 89' lang='lat' dir='ltr'>per</span> <span class='ocrx_word' id='word_1_395' title='bbox 3067 1575 3280 1637; x_wconf 87' lang='lat' dir='ltr'>alium.</span> <span class='ocrx_word' id='word_1_396' title='bbox 3308 1577 3468 1653; x_wconf 89' lang='lat' dir='ltr'>Quia</span> <span class='ocrx_word' id='word_1_397' title='bbox 3488 1599 3636 1642; x_wconf 79' lang='lat' dir='ltr'>vero</span> 
     </span>
     <span class='ocr_line' id='line_1_62' title="bbox 2088 1668 3640 1751; baseline 0.005 -21"><span class='ocrx_word' id='word_1_398' title='bbox 2088 1668 2153 1730; x_wconf 91' lang='lat' dir='ltr'>in</span> <span class='ocrx_word' id='word_1_399' title='bbox 2181 1669 2602 1751; x_wconf 87' lang='lat' dir='ltr'>praesentibus</span> <span class='ocrx_word' id='word_1_400' title='bbox 2631 1689 2834 1732; x_wconf 89' lang='lat' dir='ltr'>rerum</span> <span class='ocrx_word' id='word_1_401' title='bbox 2864 1669 3330 1734; x_wconf 87' lang='lat' dir='ltr'>circumstantiis</span> <span class='ocrx_word' id='word_1_402' title='bbox 3355 1717 3373 1744; x_wconf 94' lang='lat'>,</span> <span class='ocrx_word' id='word_1_403' title='bbox 3397 1672 3640 1737; x_wconf 85' lang='lat' dir='ltr'>difficile</span> 
     </span>
     <span class='ocr_line' id='line_1_63' title="bbox 2081 1763 3631 1846; baseline 0.003 -21"><span class='ocrx_word' id='word_1_404' title='bbox 2081 1763 2407 1825; x_wconf 88' lang='lat' dir='ltr'>admodum</span> <span class='ocrx_word' id='word_1_405' title='bbox 2434 1772 2587 1827; x_wconf 90' lang='lat' dir='ltr'>esset</span> <span class='ocrx_word' id='word_1_406' title='bbox 2612 1771 2897 1837; x_wconf 85' lang='lat' dir='ltr'>statuere,</span> <span class='ocrx_word' id='word_1_407' title='bbox 2914 1764 3079 1846; x_wconf 89' lang='lat' dir='ltr'>quod</span> <span class='ocrx_word' id='word_1_408' title='bbox 3101 1783 3287 1827; x_wconf 91' lang='lat' dir='ltr'>onera</span> <span class='ocrx_word' id='word_1_409' title='bbox 3309 1765 3631 1829; x_wconf 80' lang='lat' dir='ltr'>Missarum</span> 
     </span>
     <span class='ocr_line' id='line_1_64' title="bbox 2088 1858 3636 1940; baseline 0.003 -21"><span class='ocrx_word' id='word_1_410' title='bbox 2088 1876 2326 1939; x_wconf 89' lang='lat' dir='ltr'>semper</span> <span class='ocrx_word' id='word_1_411' title='bbox 2353 1906 2371 1930; x_wconf 87' lang='lat'>,</span> <span class='ocrx_word' id='word_1_412' title='bbox 2414 1859 2565 1922; x_wconf 90' lang='lat' dir='ltr'>etin</span> <span class='ocrx_word' id='word_1_413' title='bbox 2595 1866 2855 1940; x_wconf 90' lang='lat' dir='ltr'>utroque</span> <span class='ocrx_word' id='word_1_414' title='bbox 2881 1878 3020 1920; x_wconf 88' lang='lat' dir='ltr'>casu</span> <span class='ocrx_word' id='word_1_415' title='bbox 3048 1877 3083 1920; x_wconf 90' lang='lat' dir='ltr'>a</span> <span class='ocrx_word' id='word_1_416' title='bbox 3117 1858 3323 1921; x_wconf 81' lang='lat' dir='ltr'>valore</span> <span class='ocrx_word' id='word_1_417' title='bbox 3351 1861 3636 1924; x_wconf 83' lang='lat' dir='ltr'>Beneficii</span> 
     </span>
     <span class='ocr_line' id='line_1_65' title="bbox 2086 1950 3640 2033; baseline 0.003 -20"><span class='ocrx_word' id='word_1_418' title='bbox 2086 1950 2484 2014; x_wconf 89' lang='lat' dir='ltr'>detrahantur</span> <span class='ocrx_word' id='word_1_419' title='bbox 2508 1997 2527 2026; x_wconf 92' lang='lat'>,</span> <span class='ocrx_word' id='word_1_420' title='bbox 2574 1951 2719 2015; x_wconf 89' lang='lat' dir='ltr'>hinc</span> <span class='ocrx_word' id='word_1_421' title='bbox 2760 1959 2850 2015; x_wconf 87' lang='lat' dir='ltr'>est</span> <span class='ocrx_word' id='word_1_422' title='bbox 2872 1997 2889 2027; x_wconf 92' lang='lat'>,</span> <span class='ocrx_word' id='word_1_423' title='bbox 2920 1953 3084 2033; x_wconf 91' lang='lat' dir='ltr'>quod</span> <span class='ocrx_word' id='word_1_424' title='bbox 3111 1952 3161 2013; x_wconf 87' lang='lat' dir='ltr'>si</span> <span class='ocrx_word' id='word_1_425' title='bbox 3192 1952 3479 2017; x_wconf 88' lang='lat' dir='ltr'>detractio</span> <span class='ocrx_word' id='word_1_426' title='bbox 3518 1975 3640 2017; x_wconf 90' lang='lat' dir='ltr'>non</span> 
     </span>
     <span class='ocr_line' id='line_1_66' title="bbox 2084 2044 3640 2130; baseline 0.003 -22"><span class='ocrx_word' id='word_1_427' title='bbox 2084 2044 2201 2120; x_wconf 83' lang='lat' dir='ltr'>fit,</span> <span class='ocrx_word' id='word_1_428' title='bbox 2246 2066 2390 2109; x_wconf 87' lang='lat' dir='ltr'>casu</span> <span class='ocrx_word' id='word_1_429' title='bbox 2431 2064 2556 2130; x_wconf 86' lang='lat' dir='ltr'>quo</span> <span class='ocrx_word' id='word_1_430' title='bbox 2586 2044 2987 2108; x_wconf 83' lang='lat' dir='ltr'>Beneficiatus</span> <span class='ocrx_word' id='word_1_431' title='bbox 3030 2053 3305 2107; x_wconf 89' lang='lat' dir='ltr'>teneatur</span> <span class='ocrx_word' id='word_1_432' title='bbox 3332 2046 3640 2112; x_wconf 89' lang='lat' dir='ltr'>celebrare</span> 
     </span>
     <span class='ocr_line' id='line_1_67' title="bbox 2088 2140 3638 2224; baseline 0.002 -22"><span class='ocrx_word' id='word_1_433' title='bbox 2088 2160 2193 2221; x_wconf 90' lang='lat' dir='ltr'>per</span> <span class='ocrx_word' id='word_1_434' title='bbox 2227 2140 2513 2223; x_wconf 90' lang='lat' dir='ltr'>seipsum,</span> <span class='ocrx_word' id='word_1_435' title='bbox 2542 2159 2614 2204; x_wconf 85' lang='lat' dir='ltr'>ea</span> <span class='ocrx_word' id='word_1_436' title='bbox 2642 2149 2841 2203; x_wconf 89' lang='lat' dir='ltr'>tamen</span> <span class='ocrx_word' id='word_1_437' title='bbox 2869 2140 3003 2203; x_wconf 84' lang='lat' dir='ltr'>fleri</span> <span class='ocrx_word' id='word_1_438' title='bbox 3031 2140 3277 2202; x_wconf 87' lang='lat' dir='ltr'>debebit</span> <span class='ocrx_word' id='word_1_439' title='bbox 3297 2160 3439 2203; x_wconf 88' lang='lat' dir='ltr'>casu</span> <span class='ocrx_word' id='word_1_440' title='bbox 3459 2190 3478 2216; x_wconf 87' lang='lat'>,</span> <span class='ocrx_word' id='word_1_441' title='bbox 3514 2162 3638 2224; x_wconf 88' lang='lat' dir='ltr'>quo</span> 
     </span>
     <span class='ocr_line' id='line_1_68' title="bbox 2095 2233 3181 2315; baseline -0.001 -20"><span class='ocrx_word' id='word_1_442' title='bbox 2095 2233 2253 2297; x_wconf 88' lang='lat' dir='ltr'>idem</span> <span class='ocrx_word' id='word_1_443' title='bbox 2284 2234 2467 2315; x_wconf 89' lang='lat' dir='ltr'>possit</span> <span class='ocrx_word' id='word_1_444' title='bbox 2489 2233 2795 2297; x_wconf 86' lang='lat' dir='ltr'>celebrare</span> <span class='ocrx_word' id='word_1_445' title='bbox 2823 2253 2929 2315; x_wconf 89' lang='lat' dir='ltr'>per</span> <span class='ocrx_word' id='word_1_446' title='bbox 2958 2233 3181 2296; x_wconf 87' lang='lat' dir='ltr'>alium.</span> 
     </span>
    </p>

    <p class='ocr_par' dir='ltr' id='par_1_11' title="bbox 2086 2328 3643 3067">
     <span class='ocr_line' id='line_1_69' title="bbox 2204 2328 3639 2410; baseline 0.001 -19"><span class='ocrx_word' id='word_1_447' title='bbox 2204 2329 2546 2391; x_wconf 86' lang='lat' dir='ltr'>Secundum</span> <span class='ocrx_word' id='word_1_448' title='bbox 2563 2374 2581 2402; x_wconf 91' lang='lat'>,</span> <span class='ocrx_word' id='word_1_449' title='bbox 2604 2338 2727 2401; x_wconf 89' lang='lat' dir='ltr'>est,</span> <span class='ocrx_word' id='word_1_450' title='bbox 2750 2328 2913 2410; x_wconf 92' lang='lat' dir='ltr'>quod</span> <span class='ocrx_word' id='word_1_451' title='bbox 2938 2328 3200 2391; x_wconf 86' lang='lat' dir='ltr'>Ecclesia</span> <span class='ocrx_word' id='word_1_452' title='bbox 3229 2329 3639 2410; x_wconf 85' lang='lat' dir='ltr'>maximopere</span> 
     </span>
     <span class='ocr_line' id='line_1_70' title="bbox 2086 2422 3641 2505; baseline -0.001 -19"><span class='ocrx_word' id='word_1_453' title='bbox 2086 2422 2376 2486; x_wconf 82' lang='lat' dir='ltr'>abhorret</span> <span class='ocrx_word' id='word_1_454' title='bbox 2408 2444 2442 2487; x_wconf 91' lang='lat' dir='ltr'>a</span> <span class='ocrx_word' id='word_1_455' title='bbox 2472 2422 2842 2486; x_wconf 89' lang='lat' dir='ltr'>Clericorum</span> <span class='ocrx_word' id='word_1_456' title='bbox 2873 2423 3275 2496; x_wconf 85' lang='lat' dir='ltr'>mendicitate,</span> <span class='ocrx_word' id='word_1_457' title='bbox 3300 2432 3490 2505; x_wconf 91' lang='lat' dir='ltr'>utque</span> <span class='ocrx_word' id='word_1_458' title='bbox 3514 2443 3641 2486; x_wconf 62' lang='lat' dir='ltr'>ea«,-</span> 
     </span>
     <span class='ocr_line' id='line_1_71' title="bbox 2090 2517 3641 2599; baseline 0 -20"><span class='ocrx_word' id='word_1_459' title='bbox 2090 2527 2219 2581; x_wconf 89' lang='lat' dir='ltr'>tera</span> <span class='ocrx_word' id='word_1_460' title='bbox 2253 2517 2425 2581; x_wconf 77' lang='lat' dir='ltr'>facile</span> <span class='ocrx_word' id='word_1_461' title='bbox 2447 2518 2813 2581; x_wconf 88' lang='lat' dir='ltr'>cumulanda</span> <span class='ocrx_word' id='word_1_462' title='bbox 2857 2526 3310 2599; x_wconf 86' lang='lat' dir='ltr'>praetereantur</span> <span class='ocrx_word' id='word_1_463' title='bbox 3335 2563 3354 2592; x_wconf 92' lang='lat'>,</span> <span class='ocrx_word' id='word_1_464' title='bbox 3391 2518 3641 2580; x_wconf 86' lang='lat' dir='ltr'>Sacrum</span> 
     </span>
     <span class='ocr_line' id='line_1_72' title="bbox 2089 2611 3638 2696; baseline 0 -23"><span class='ocrx_word' id='word_1_465' title='bbox 2089 2611 2426 2673; x_wconf 90' lang='lat' dir='ltr'>Concilium</span> <span class='ocrx_word' id='word_1_466' title='bbox 2448 2611 2719 2674; x_wconf 86' lang='lat' dir='ltr'>Trident.</span> <span class='ocrx_word' id='word_1_467' title='bbox 2745 2630 2877 2696; x_wconf 51' lang='lat' dir='ltr'>sess.</span> <span class='ocrx_word' id='word_1_468' title='bbox 2906 2616 3007 2672; x_wconf 91' lang='grc'>21.</span> <span class='ocrx_word' id='word_1_469' title='bbox 3039 2630 3164 2692; x_wconf 88' lang='lat' dir='ltr'>cup.</span> <span class='ocrx_word' id='word_1_470' title='bbox 3191 2617 3251 2672; x_wconf 91' lang='grc'>2.</span> <span class='ocrx_word' id='word_1_471' title='bbox 3297 2613 3362 2674; x_wconf 84' lang='lat' dir='ltr'>de</span> <span class='ocrx_word' id='word_1_472' title='bbox 3392 2612 3638 2692; x_wconf 71' lang='lat' dir='ltr'>Reform.</span> 
     </span>
     <span class='ocr_line' id='line_1_73' title="bbox 2088 2703 3637 2786; baseline 0.001 -21"><span class='ocrx_word' id='word_1_473' title='bbox 2088 2704 2384 2778; x_wconf 86' lang='lat' dir='ltr'>decrevit,</span> <span class='ocrx_word' id='word_1_474' title='bbox 2435 2725 2554 2766; x_wconf 90' lang='lat' dir='ltr'>non</span> <span class='ocrx_word' id='word_1_475' title='bbox 2600 2724 2726 2767; x_wconf 86' lang='lat' dir='ltr'>esse</span> <span class='ocrx_word' id='word_1_476' title='bbox 2754 2704 2830 2768; x_wconf 91' lang='lat' dir='ltr'>ad</span> <span class='ocrx_word' id='word_1_477' title='bbox 2860 2704 3070 2766; x_wconf 88' lang='lat' dir='ltr'>Sacros</span> <span class='ocrx_word' id='word_1_478' title='bbox 3104 2703 3366 2768; x_wconf 88' lang='lat' dir='ltr'>Ordines</span> <span class='ocrx_word' id='word_1_479' title='bbox 3398 2724 3637 2786; x_wconf 90' lang='lat' dir='ltr'>promo·</span> 
     </span>
     <span class='ocr_line' id='line_1_74' title="bbox 2091 2798 3639 2880; baseline -0.001 -18"><span class='ocrx_word' id='word_1_480' title='bbox 2091 2799 2354 2862; x_wconf 71' lang='lat' dir='ltr'>rendum</span> <span class='ocrx_word' id='word_1_481' title='bbox 2386 2799 2651 2880; x_wconf 89' lang='lat' dir='ltr'>aliquem</span> <span class='ocrx_word' id='word_1_482' title='bbox 2676 2798 2817 2862; x_wconf 89' lang='lat' dir='ltr'>licet</span> <span class='ocrx_word' id='word_1_483' title='bbox 2857 2799 3141 2861; x_wconf 86' lang='lat' dir='ltr'>idoneum</span> <span class='ocrx_word' id='word_1_484' title='bbox 3168 2848 3185 2872; x_wconf 89' lang='lat'>‚</span> <span class='ocrx_word' id='word_1_485' title='bbox 3225 2800 3339 2862; x_wconf 88' lang='lat' dir='ltr'>nisi</span> <span class='ocrx_word' id='word_1_486' title='bbox 3369 2808 3592 2863; x_wconf 88' lang='lat' dir='ltr'>constet</span> <span class='ocrx_word' id='word_1_487' title='bbox 3620 2845 3639 2873; x_wconf 93' lang='lat'>,</span> 
     </span>
     <span class='ocr_line' id='line_1_75' title="bbox 2090 2891 3643 2975; baseline 0 -21"><span class='ocrx_word' id='word_1_488' title='bbox 2090 2911 2229 2954; x_wconf 90' lang='lat' dir='ltr'>eum</span> <span class='ocrx_word' id='word_1_489' title='bbox 2259 2891 2626 2955; x_wconf 81' lang='lat' dir='ltr'>Beneficium</span> <span class='ocrx_word' id='word_1_490' title='bbox 2673 2892 3173 2963; x_wconf 87' lang='lat' dir='ltr'>ecclesiasticum,</span> <span class='ocrx_word' id='word_1_491' title='bbox 3204 2893 3364 2975; x_wconf 88' lang='lat' dir='ltr'>quod</span> <span class='ocrx_word' id='word_1_492' title='bbox 3405 2893 3522 2955; x_wconf 90' lang='lat' dir='ltr'>sibi</span> <span class='ocrx_word' id='word_1_493' title='bbox 3564 2893 3643 2956; x_wconf 89' lang='lat' dir='ltr'>ad</span> 
     </span>
     <span class='ocr_line' id='line_1_76' title="bbox 2092 2985 3558 3067; baseline -0.001 -18"><span class='ocrx_word' id='word_1_494' title='bbox 2092 2985 2318 3049; x_wconf 79' lang='lat' dir='ltr'>victum</span> <span class='ocrx_word' id='word_1_495' title='bbox 2349 2985 2595 3049; x_wconf 83' lang='lat' dir='ltr'>honeste</span> <span class='ocrx_word' id='word_1_496' title='bbox 2620 2986 2918 3059; x_wconf 85' lang='lat' dir='ltr'>sufficiat,</span> <span class='ocrx_word' id='word_1_497' title='bbox 2954 2985 3201 3067; x_wconf 87' lang='lat' dir='ltr'>pacifice</span> <span class='ocrx_word' id='word_1_498' title='bbox 3230 2987 3558 3067; x_wconf 85' lang='lat' dir='ltr'>possidere.</span> 
     </span>
    </p>

    <p class='ocr_par' dir='ltr' id='par_1_12' title="bbox 2093 3080 3648 4088">
     <span class='ocr_line' id='line_1_77' title="bbox 2214 3080 3645 3155; baseline 0.001 -12"><span class='ocrx_word' id='word_1_499' title='bbox 2214 3082 2402 3144; x_wconf 89' lang='lat' dir='ltr'>Porro</span> <span class='ocrx_word' id='word_1_500' title='bbox 2428 3130 2445 3155; x_wconf 89' lang='lat'>,</span> <span class='ocrx_word' id='word_1_501' title='bbox 2476 3082 2524 3143; x_wconf 88' lang='lat' dir='ltr'>si</span> <span class='ocrx_word' id='word_1_502' title='bbox 2553 3100 2590 3143; x_wconf 90' lang='lat' dir='ltr'>a</span> <span class='ocrx_word' id='word_1_503' title='bbox 2619 3081 2826 3145; x_wconf 84' lang='lat' dir='ltr'>valore</span> <span class='ocrx_word' id='word_1_504' title='bbox 2848 3080 3130 3143; x_wconf 88' lang='lat' dir='ltr'>Beneficii</span> <span class='ocrx_word' id='word_1_505' title='bbox 3172 3100 3291 3142; x_wconf 91' lang='lat' dir='ltr'>non</span> <span class='ocrx_word' id='word_1_506' title='bbox 3320 3082 3645 3144; x_wconf 89' lang='lat' dir='ltr'>detrabun-</span> 
     </span>
     <span class='ocr_line' id='line_1_78' title="bbox 2096 3176 3647 3258; baseline 0 -20"><span class='ocrx_word' id='word_1_507' title='bbox 2096 3183 2198 3238; x_wconf 91' lang='lat' dir='ltr'>tur</span> <span class='ocrx_word' id='word_1_508' title='bbox 2224 3198 2411 3240; x_wconf 90' lang='lat' dir='ltr'>onera</span> <span class='ocrx_word' id='word_1_509' title='bbox 2453 3178 2808 3250; x_wconf 81' lang='lat' dir='ltr'>Missarum,</span> <span class='ocrx_word' id='word_1_510' title='bbox 2831 3177 3075 3257; x_wconf 88' lang='lat' dir='ltr'>quando</span> <span class='ocrx_word' id='word_1_511' title='bbox 3116 3176 3512 3238; x_wconf 84' lang='lat' dir='ltr'>Beneficiatus</span> <span class='ocrx_word' id='word_1_512' title='bbox 3539 3196 3647 3258; x_wconf 88' lang='lat' dir='ltr'>po·</span> 
     </span>
     <span class='ocr_line' id='line_1_79' title="bbox 2094 3268 3638 3352; baseline 0 -17"><span class='ocrx_word' id='word_1_513' title='bbox 2094 3279 2207 3335; x_wconf 89' lang='lat' dir='ltr'>test</span> <span class='ocrx_word' id='word_1_514' title='bbox 2236 3272 2540 3334; x_wconf 86' lang='lat' dir='ltr'>celebrare</span> <span class='ocrx_word' id='word_1_515' title='bbox 2562 3291 2668 3352; x_wconf 90' lang='lat' dir='ltr'>per</span> <span class='ocrx_word' id='word_1_516' title='bbox 2702 3270 2893 3333; x_wconf 85' lang='lat' dir='ltr'>alium</span> <span class='ocrx_word' id='word_1_517' title='bbox 2920 3314 2938 3342; x_wconf 91' lang='lat'>,</span> <span class='ocrx_word' id='word_1_518' title='bbox 2969 3269 3042 3330; x_wconf 94' lang='lat' dir='ltr'>de</span> <span class='ocrx_word' id='word_1_519' title='bbox 3066 3268 3227 3331; x_wconf 83' lang='lat' dir='ltr'>facili</span> <span class='ocrx_word' id='word_1_520' title='bbox 3269 3269 3517 3333; x_wconf 89' lang='lat' dir='ltr'>dabitur</span> <span class='ocrx_word' id='word_1_521' title='bbox 3543 3291 3638 3335; x_wconf 82' lang='lat' dir='ltr'>ca·</span> 
     </span>
     <span class='ocr_line' id='line_1_80' title="bbox 2093 3361 3642 3446; baseline -0.001 -17"><span class='ocrx_word' id='word_1_522' title='bbox 2093 3385 2195 3430; x_wconf 92' lang='lat' dir='ltr'>sus</span> <span class='ocrx_word' id='word_1_523' title='bbox 2217 3412 2234 3439; x_wconf 96' lang='lat'>,</span> <span class='ocrx_word' id='word_1_524' title='bbox 2261 3366 2423 3446; x_wconf 89' lang='lat' dir='ltr'>quod</span> <span class='ocrx_word' id='word_1_525' title='bbox 2445 3364 2776 3427; x_wconf 86' lang='lat' dir='ltr'>Ordinatus</span> <span class='ocrx_word' id='word_1_526' title='bbox 2795 3363 2871 3425; x_wconf 88' lang='lat' dir='ltr'>ad</span> <span class='ocrx_word' id='word_1_527' title='bbox 2903 3362 3144 3425; x_wconf 88' lang='lat' dir='ltr'>titulum</span> <span class='ocrx_word' id='word_1_528' title='bbox 3186 3361 3331 3426; x_wconf 90' lang='lat' dir='ltr'>dicti</span> <span class='ocrx_word' id='word_1_529' title='bbox 3362 3364 3642 3427; x_wconf 83' lang='lat' dir='ltr'>Beneficii</span> 
     </span>
     <span class='ocr_line' id='line_1_81' title="bbox 2094 3457 3639 3538; baseline 0 -17"><span class='ocrx_word' id='word_1_530' title='bbox 2094 3459 2422 3521; x_wconf 88' lang='lat' dir='ltr'>reducatur</span> <span class='ocrx_word' id='word_1_531' title='bbox 2450 3460 2526 3520; x_wconf 89' lang='lat' dir='ltr'>ad</span> <span class='ocrx_word' id='word_1_532' title='bbox 2554 3457 3040 3529; x_wconf 67' lang='lat' dir='ltr'>mendicitatemz</span> <span class='ocrx_word' id='word_1_533' title='bbox 3078 3465 3269 3538; x_wconf 88' lang='lat' dir='ltr'>potest</span> <span class='ocrx_word' id='word_1_534' title='bbox 3310 3458 3532 3520; x_wconf 89' lang='lat' dir='ltr'>etenim</span> <span class='ocrx_word' id='word_1_535' title='bbox 3575 3460 3639 3522; x_wconf 89' lang='lat' dir='ltr'>in</span> 
     </span>
     <span class='ocr_line' id='line_1_82' title="bbox 2094 3549 3648 3635; baseline 0.001 -21"><span class='ocrx_word' id='word_1_536' title='bbox 2094 3552 2533 3635; x_wconf 86' lang='lat' dir='ltr'>aegritudinem</span> <span class='ocrx_word' id='word_1_537' title='bbox 2588 3550 2710 3612; x_wconf 90' lang='lat' dir='ltr'>labi</span> <span class='ocrx_word' id='word_1_538' title='bbox 2736 3595 2755 3623; x_wconf 95' lang='lat'>,</span> <span class='ocrx_word' id='word_1_539' title='bbox 2801 3557 2860 3613; x_wconf 89' lang='lat' dir='ltr'>et</span> <span class='ocrx_word' id='word_1_540' title='bbox 2913 3557 3101 3631; x_wconf 85' lang='lat' dir='ltr'>potest</span> <span class='ocrx_word' id='word_1_541' title='bbox 3146 3549 3326 3633; x_wconf 89' lang='lat' dir='ltr'>longo</span> <span class='ocrx_word' id='word_1_542' title='bbox 3381 3560 3648 3633; x_wconf 87' lang='lat' dir='ltr'>tempore</span> 
     </span>
     <span class='ocr_line' id='line_1_83' title="bbox 2095 3645 3639 3728; baseline -0.001 -19"><span class='ocrx_word' id='word_1_543' title='bbox 2095 3654 2406 3728; x_wconf 83' lang='lat' dir='ltr'>aegrotare</span> <span class='ocrx_word' id='word_1_544' title='bbox 2432 3691 2450 3719; x_wconf 91' lang='lat'>,</span> <span class='ocrx_word' id='word_1_545' title='bbox 2480 3655 2539 3707; x_wconf 92' lang='lat' dir='ltr'>et</span> <span class='ocrx_word' id='word_1_546' title='bbox 2566 3645 2630 3706; x_wconf 91' lang='lat' dir='ltr'>in</span> <span class='ocrx_word' id='word_1_547' title='bbox 2674 3664 2744 3707; x_wconf 92' lang='lat' dir='ltr'>eo</span> <span class='ocrx_word' id='word_1_548' title='bbox 2775 3663 2978 3707; x_wconf 88' lang='lat' dir='ltr'>rerum</span> <span class='ocrx_word' id='word_1_549' title='bbox 3030 3652 3188 3705; x_wconf 89' lang='lat' dir='ltr'>statu</span> <span class='ocrx_word' id='word_1_550' title='bbox 3237 3645 3639 3719; x_wconf 86' lang='lat' dir='ltr'>mendicabit,</span> 
     </span>
     <span class='ocr_line' id='line_1_84' title="bbox 2093 3737 3646 3822; baseline -0.001 -20"><span class='ocrx_word' id='word_1_551' title='bbox 2093 3740 2240 3822; x_wconf 90' lang='lat' dir='ltr'>quia</span> <span class='ocrx_word' id='word_1_552' title='bbox 2264 3739 2368 3801; x_wconf 91' lang='lat' dir='ltr'>ille</span> <span class='ocrx_word' id='word_1_553' title='bbox 2389 3784 2407 3812; x_wconf 91' lang='lat'>,</span> <span class='ocrx_word' id='word_1_554' title='bbox 2438 3740 2545 3820; x_wconf 91' lang='lat' dir='ltr'>qui</span> <span class='ocrx_word' id='word_1_555' title='bbox 2566 3746 2756 3820; x_wconf 87' lang='lat' dir='ltr'>potest</span> <span class='ocrx_word' id='word_1_556' title='bbox 2781 3737 3087 3799; x_wconf 86' lang='lat' dir='ltr'>celebrare</span> <span class='ocrx_word' id='word_1_557' title='bbox 3108 3757 3213 3817; x_wconf 88' lang='lat' dir='ltr'>per</span> <span class='ocrx_word' id='word_1_558' title='bbox 3240 3738 3454 3815; x_wconf 88' lang='lat' dir='ltr'>alium,</span> <span class='ocrx_word' id='word_1_559' title='bbox 3481 3747 3646 3801; x_wconf 89' lang='lat' dir='ltr'>tene-</span> 
     </span>
     <span class='ocr_line' id='line_1_85' title="bbox 2098 3831 3648 3915; baseline -0.002 -17"><span class='ocrx_word' id='word_1_560' title='bbox 2098 3846 2194 3898; x_wconf 91' lang='lat' dir='ltr'>tur</span> <span class='ocrx_word' id='word_1_561' title='bbox 2221 3884 2237 3906; x_wconf 92' lang='lat'>,</span> <span class='ocrx_word' id='word_1_562' title='bbox 2272 3854 2391 3898; x_wconf 91' lang='lat' dir='ltr'>non</span> <span class='ocrx_word' id='word_1_563' title='bbox 2417 3834 2691 3895; x_wconf 88' lang='lat' dir='ltr'>obstante</span> <span class='ocrx_word' id='word_1_564' title='bbox 2718 3831 3094 3915; x_wconf 86' lang='lat' dir='ltr'>aegritudine</span> <span class='ocrx_word' id='word_1_565' title='bbox 3117 3877 3134 3905; x_wconf 93' lang='lat'>,</span> <span class='ocrx_word' id='word_1_566' title='bbox 3183 3832 3257 3894; x_wconf 91' lang='lat' dir='ltr'>ad</span> <span class='ocrx_word' id='word_1_567' title='bbox 3301 3832 3648 3896; x_wconf 84' lang='lat' dir='ltr'>faciendum</span> 
     </span>
     <span class='ocr_line' id='line_1_86' title="bbox 2094 3926 3637 4009; baseline -0.002 -16"><span class='ocrx_word' id='word_1_568' title='bbox 2094 3931 2400 3994; x_wconf 88' lang='lat' dir='ltr'>celebrare</span> <span class='ocrx_word' id='word_1_569' title='bbox 2428 3929 2640 3991; x_wconf 84' lang='lat' dir='ltr'>Missas</span> <span class='ocrx_word' id='word_1_570' title='bbox 2668 3947 2774 4009; x_wconf 92' lang='lat' dir='ltr'>per</span> <span class='ocrx_word' id='word_1_571' title='bbox 2803 3926 2993 3989; x_wconf 88' lang='lat' dir='ltr'>alium</span> <span class='ocrx_word' id='word_1_572' title='bbox 3017 3971 3036 4001; x_wconf 88' lang='lat'>,</span> <span class='ocrx_word' id='word_1_573' title='bbox 3086 3934 3154 3988; x_wconf 92' lang='lat' dir='ltr'>ut</span> <span class='ocrx_word' id='word_1_574' title='bbox 3181 3926 3344 3989; x_wconf 80' lang='lat' dir='ltr'>infra</span> <span class='ocrx_word' id='word_1_575' title='bbox 3385 3927 3637 3990; x_wconf 90' lang='lat' dir='ltr'>demon-</span> 
     </span>
     <span class='ocr_line' id='line_1_87' title="bbox 2095 4024 2428 4088; baseline -0.012 0"><span class='ocrx_word' id='word_1_576' title='bbox 2095 4024 2387 4088; x_wconf 85' lang='lat' dir='ltr'>strabitur</span> <span class='ocrx_word' id='word_1_577' title='bbox 2411 4066 2428 4084; x_wconf 88' lang='lat'><strong>.</strong></span> 
     </span>
    </p>

    <p class='ocr_par' dir='ltr' id='par_1_13' title="bbox 2097 4113 3653 5039">
     <span class='ocr_line' id='line_1_88' title="bbox 2203 4113 3652 4200; baseline -0.004 -19"><span class='ocrx_word' id='word_1_578' title='bbox 2203 4120 2476 4200; x_wconf 88' lang='lat' dir='ltr'>Cumque</span> <span class='ocrx_word' id='word_1_579' title='bbox 2496 4136 2667 4180; x_wconf 87' lang='lat' dir='ltr'>casus</span> <span class='ocrx_word' id='word_1_580' title='bbox 2686 4115 2786 4177; x_wconf 91' lang='lat' dir='ltr'>hic</span> <span class='ocrx_word' id='word_1_581' title='bbox 2806 4113 3205 4177; x_wconf 87' lang='lat' dir='ltr'>mendicitatis</span> <span class='ocrx_word' id='word_1_582' title='bbox 3226 4114 3356 4176; x_wconf 89' lang='lat' dir='ltr'>dari</span> <span class='ocrx_word' id='word_1_583' title='bbox 3380 4133 3499 4176; x_wconf 90' lang='lat' dir='ltr'>non</span> <span class='ocrx_word' id='word_1_584' title='bbox 3521 4134 3652 4197; x_wconf 86' lang='lat' dir='ltr'>pos-</span> 
     </span>
     <span class='ocr_line' id='line_1_89' title="bbox 2097 4208 3643 4291; baseline -0.004 -14"><span class='ocrx_word' id='word_1_585' title='bbox 2097 4215 2217 4289; x_wconf 90' lang='lat' dir='ltr'>sit,</span> <span class='ocrx_word' id='word_1_586' title='bbox 2241 4212 2474 4275; x_wconf 90' lang='lat' dir='ltr'>etiamsi</span> <span class='ocrx_word' id='word_1_587' title='bbox 2513 4210 2800 4274; x_wconf 90' lang='lat' dir='ltr'>Sacerdos</span> <span class='ocrx_word' id='word_1_588' title='bbox 2829 4209 3070 4272; x_wconf 89' lang='lat' dir='ltr'>labatur</span> <span class='ocrx_word' id='word_1_589' title='bbox 3093 4208 3158 4271; x_wconf 91' lang='lat' dir='ltr'>in</span> <span class='ocrx_word' id='word_1_590' title='bbox 3182 4208 3643 4291; x_wconf 86' lang='lat' dir='ltr'>aegritudinem,</span> 
     </span>
     <span class='ocr_line' id='line_1_90' title="bbox 2097 4303 3650 4389; baseline -0.003 -20"><span class='ocrx_word' id='word_1_591' title='bbox 2097 4316 2157 4369; x_wconf 90' lang='lat' dir='ltr'>et</span> <span class='ocrx_word' id='word_1_592' title='bbox 2186 4308 2367 4389; x_wconf 86' lang='lat' dir='ltr'>longo</span> <span class='ocrx_word' id='word_1_593' title='bbox 2399 4313 2664 4386; x_wconf 88' lang='lat' dir='ltr'>tempore</span> <span class='ocrx_word' id='word_1_594' title='bbox 2688 4312 2984 4385; x_wconf 86' lang='lat' dir='ltr'>aegrotet,</span> <span class='ocrx_word' id='word_1_595' title='bbox 3019 4303 3264 4382; x_wconf 87' lang='lat' dir='ltr'>quando</span> <span class='ocrx_word' id='word_1_596' title='bbox 3296 4311 3531 4363; x_wconf 92' lang='lat' dir='ltr'>tenetur</span> <span class='ocrx_word' id='word_1_597' title='bbox 3552 4322 3650 4365; x_wconf 89' lang='lat' dir='ltr'>ce-</span> 
     </span>
     <span class='ocr_line' id='line_1_91' title="bbox 2098 4396 3652 4481; baseline -0.003 -18"><span class='ocrx_word' id='word_1_598' title='bbox 2098 4400 2339 4463; x_wconf 89' lang='lat' dir='ltr'>lebrare</span> <span class='ocrx_word' id='word_1_599' title='bbox 2361 4419 2468 4481; x_wconf 91' lang='lat' dir='ltr'>per</span> <span class='ocrx_word' id='word_1_600' title='bbox 2499 4398 2763 4479; x_wconf 87' lang='lat' dir='ltr'>seipsum</span> <span class='ocrx_word' id='word_1_601' title='bbox 2790 4418 2809 4472; x_wconf 72' lang='grc' dir='ltr'>ς</span> <span class='ocrx_word' id='word_1_602' title='bbox 2854 4396 3161 4479; x_wconf 86' lang='lat' dir='ltr'>obligatus</span> <span class='ocrx_word' id='word_1_603' title='bbox 3185 4396 3345 4459; x_wconf 89' lang='lat' dir='ltr'>enim</span> <span class='ocrx_word' id='word_1_604' title='bbox 3380 4397 3455 4458; x_wconf 85' lang='lat' dir='ltr'>ad</span> <span class='ocrx_word' id='word_1_605' title='bbox 3495 4396 3652 4459; x_wconf 87' lang='lat' dir='ltr'>cele-</span> 
     </span>
     <span class='ocr_line' id='line_1_92' title="bbox 2097 4488 3648 4573; baseline -0.005 -16"><span class='ocrx_word' id='word_1_606' title='bbox 2097 4494 2401 4557; x_wconf 88' lang='lat' dir='ltr'>brandum</span> <span class='ocrx_word' id='word_1_607' title='bbox 2428 4511 2535 4573; x_wconf 91' lang='lat' dir='ltr'>per</span> <span class='ocrx_word' id='word_1_608' title='bbox 2567 4490 2826 4571; x_wconf 87' lang='lat' dir='ltr'>seipsum</span> <span class='ocrx_word' id='word_1_609' title='bbox 2856 4507 2975 4549; x_wconf 89' lang='lat' dir='ltr'>non</span> <span class='ocrx_word' id='word_1_610' title='bbox 3001 4496 3237 4550; x_wconf 87' lang='lat' dir='ltr'>tenetur</span> <span class='ocrx_word' id='word_1_611' title='bbox 3261 4496 3530 4569; x_wconf 89' lang='lat' dir='ltr'>tempore</span> <span class='ocrx_word' id='word_1_612' title='bbox 3555 4488 3648 4550; x_wconf 89' lang='lat' dir='ltr'>in-</span> 
     </span>
     <span class='ocr_line' id='line_1_93' title="bbox 2100 4576 3652 4664; baseline -0.004 -15"><span class='ocrx_word' id='word_1_613' title='bbox 2100 4576 2447 4660; x_wconf 57' lang='lat' dir='ltr'>firmitatis,</span> <span class='ocrx_word' id='word_1_614' title='bbox 2479 4584 2573 4647; x_wconf 88' lang='lat' dir='ltr'>vel</span> <span class='ocrx_word' id='word_1_615' title='bbox 2596 4584 2846 4646; x_wconf 90' lang='lat' dir='ltr'>alterius</span> <span class='ocrx_word' id='word_1_616' title='bbox 2860 4582 3008 4664; x_wconf 86' lang='lat' dir='ltr'>justi</span> <span class='ocrx_word' id='word_1_617' title='bbox 3038 4580 3451 4662; x_wconf 85' lang='lat' dir='ltr'>impedimenti</span> <span class='ocrx_word' id='word_1_618' title='bbox 3496 4600 3652 4644; x_wconf 76' lang='lat' dir='ltr'>ontis</span> 
     </span>
     <span class='ocr_line' id='line_1_94' title="bbox 2100 4674 3653 4761; baseline -0.005 -19"><span class='ocrx_word' id='word_1_619' title='bbox 2100 4680 2434 4761; x_wconf 89' lang='lat' dir='ltr'>adimplere</span> <span class='ocrx_word' id='word_1_620' title='bbox 2476 4678 2658 4739; x_wconf 89' lang='lat' dir='ltr'>etiam</span> <span class='ocrx_word' id='word_1_621' title='bbox 2689 4695 2796 4755; x_wconf 90' lang='lat' dir='ltr'>per</span> <span class='ocrx_word' id='word_1_622' title='bbox 2823 4674 3013 4736; x_wconf 90' lang='lat' dir='ltr'>alium</span> <span class='ocrx_word' id='word_1_623' title='bbox 3041 4719 3059 4748; x_wconf 92' lang='lat'>,</span> <span class='ocrx_word' id='word_1_624' title='bbox 3086 4676 3261 4755; x_wconf 85' lang='lat' dir='ltr'>juxta</span> <span class='ocrx_word' id='word_1_625' title='bbox 3289 4675 3543 4736; x_wconf 85' lang='lat' dir='ltr'>Textum</span> <span class='ocrx_word' id='word_1_626' title='bbox 3586 4678 3653 4735; x_wconf 86' lang='lat' dir='ltr'>in</span> 
     </span>
     <span class='ocr_line' id='line_1_95' title="bbox 2100 4768 3651 4854; baseline -0.003 -19"><span class='ocrx_word' id='word_1_627' title='bbox 2100 4794 2227 4854; x_wconf 86' lang='lat' dir='ltr'>cap.</span> <span class='ocrx_word' id='word_1_628' title='bbox 2265 4774 2647 4853; x_wconf 67' lang='lat' dir='ltr'>significatum</span> <span class='ocrx_word' id='word_1_629' title='bbox 2685 4771 2751 4830; x_wconf 84' lang='lat' dir='ltr'>de</span> <span class='ocrx_word' id='word_1_630' title='bbox 2773 4768 3116 4830; x_wconf 85' lang='lat' dir='ltr'>Praebendis</span> <span class='ocrx_word' id='word_1_631' title='bbox 3139 4815 3156 4839; x_wconf 88' lang='lat'>,</span> <span class='ocrx_word' id='word_1_632' title='bbox 3185 4775 3247 4829; x_wconf 90' lang='lat' dir='ltr'>et</span> <span class='ocrx_word' id='word_1_633' title='bbox 3279 4769 3432 4830; x_wconf 90' lang='lat' dir='ltr'>bene</span> <span class='ocrx_word' id='word_1_634' title='bbox 3461 4769 3651 4830; x_wconf 90' lang='lat' dir='ltr'>dedu-</span> 
     </span>
     <span class='ocr_line' id='line_1_96' title="bbox 2100 4860 3645 4947; baseline -0.003 -18"><span class='ocrx_word' id='word_1_635' title='bbox 2100 4878 2195 4929; x_wconf 89' lang='lat' dir='ltr'>cta</span> <span class='ocrx_word' id='word_1_636' title='bbox 2219 4886 2324 4947; x_wconf 88' lang='lat' dir='ltr'>per</span> <span class='ocrx_word' id='word_1_637' title='bbox 2348 4865 2673 4927; x_wconf 84' lang='lat' dir='ltr'>Leundrum</span> <span class='ocrx_word' id='word_1_638' title='bbox 2704 4860 2875 4943; x_wconf 82' lang='lat' dir='ltr'>Oper.</span> <span class='ocrx_word' id='word_1_639' title='bbox 2902 4863 3108 4923; x_wconf 86' lang='lat' dir='ltr'>moral.</span> <span class='ocrx_word' id='word_1_640' title='bbox 3142 4870 3273 4923; x_wconf 88' lang='lat' dir='ltr'>tom.</span> <span class='ocrx_word' id='word_1_641' title='bbox 3299 4867 3358 4922; x_wconf 91' lang='grc'>2.</span> <span class='ocrx_word' id='word_1_642' title='bbox 3392 4871 3559 4923; x_wconf 89' lang='lat' dir='ltr'>tract.</span> <span class='ocrx_word' id='word_1_643' title='bbox 3586 4868 3645 4925; x_wconf 89' lang='lat'>8.</span> 
     </span>
     <span class='ocr_line' id='line_1_97' title="bbox 2102 4960 2743 5039; baseline -0.006 -19"><span class='ocrx_word' id='word_1_644' title='bbox 2102 4963 2249 5039; x_wconf 84' lang='lat' dir='ltr'>disp.</span> <span class='ocrx_word' id='word_1_645' title='bbox 2296 4965 2357 5020; x_wconf 92' lang='grc'>7.</span> <span class='ocrx_word' id='word_1_646' title='bbox 2393 4966 2608 5038; x_wconf 82' lang='lat' dir='ltr'>quaest.</span> <span class='ocrx_word' id='word_1_647' title='bbox 2648 4960 2743 5017; x_wconf 85' lang='grc'>19.</span> 
     </span>
    </p>

    <p class='ocr_par' dir='ltr' id='par_1_14' title="bbox 2096 5046 3653 5508">
     <span class='ocr_line' id='line_1_98' title="bbox 2222 5046 3649 5122; baseline -0.003 -9"><span class='ocrx_word' id='word_1_648' title='bbox 2222 5051 2489 5114; x_wconf 83' lang='lat' dir='ltr'>Infertur</span> <span class='ocrx_word' id='word_1_649' title='bbox 2510 5068 2585 5110; x_wconf 84' lang='lat' dir='ltr'>ex</span> <span class='ocrx_word' id='word_1_650' title='bbox 2613 5047 2710 5108; x_wconf 89' lang='lat' dir='ltr'>his</span> <span class='ocrx_word' id='word_1_651' title='bbox 2732 5092 2751 5122; x_wconf 91' lang='lat'>,</span> <span class='ocrx_word' id='word_1_652' title='bbox 2774 5065 2901 5109; x_wconf 86' lang='lat' dir='ltr'>esse</span> <span class='ocrx_word' id='word_1_653' title='bbox 2931 5066 2966 5109; x_wconf 89' lang='lat' dir='ltr'>a</span> <span class='ocrx_word' id='word_1_654' title='bbox 2988 5046 3195 5108; x_wconf 84' lang='lat' dir='ltr'>valore</span> <span class='ocrx_word' id='word_1_655' title='bbox 3217 5046 3498 5109; x_wconf 82' lang='lat' dir='ltr'>Beneficii</span> <span class='ocrx_word' id='word_1_656' title='bbox 3524 5093 3541 5121; x_wconf 93' lang='lat'>,</span> <span class='ocrx_word' id='word_1_657' title='bbox 3569 5047 3649 5110; x_wconf 90' lang='lat' dir='ltr'>ad</span> 
     </span>
     <span class='ocr_line' id='line_1_99' title="bbox 2099 5139 3645 5228; baseline -0.003 -19"><span class='ocrx_word' id='word_1_658' title='bbox 2099 5148 2272 5228; x_wconf 87' lang='lat' dir='ltr'>cujus</span> <span class='ocrx_word' id='word_1_659' title='bbox 2292 5143 2535 5207; x_wconf 87' lang='lat' dir='ltr'>titulum</span> <span class='ocrx_word' id='word_1_660' title='bbox 2555 5142 2693 5223; x_wconf 90' lang='lat' dir='ltr'>quis</span> <span class='ocrx_word' id='word_1_661' title='bbox 2713 5141 3054 5212; x_wconf 88' lang='lat' dir='ltr'>ordinatur,</span> <span class='ocrx_word' id='word_1_662' title='bbox 3078 5139 3446 5205; x_wconf 85' lang='lat' dir='ltr'>detrahenda</span> <span class='ocrx_word' id='word_1_663' title='bbox 3463 5161 3645 5205; x_wconf 90' lang='lat' dir='ltr'>onera</span> 
     </span>
     <span class='ocr_line' id='line_1_100' title="bbox 2099 5233 3653 5318; baseline -0.003 -16"><span class='ocrx_word' id='word_1_664' title='bbox 2099 5241 2445 5312; x_wconf 83' lang='lat' dir='ltr'>Missamm,</span> <span class='ocrx_word' id='word_1_665' title='bbox 2458 5235 2702 5318; x_wconf 87' lang='lat' dir='ltr'>quando</span> <span class='ocrx_word' id='word_1_666' title='bbox 2721 5233 3117 5297; x_wconf 80' lang='lat' dir='ltr'>Beneficiatus</span> <span class='ocrx_word' id='word_1_667' title='bbox 3138 5243 3328 5315; x_wconf 87' lang='lat' dir='ltr'>potest</span> <span class='ocrx_word' id='word_1_668' title='bbox 3345 5235 3653 5298; x_wconf 86' lang='lat' dir='ltr'>celebrare</span> 
     </span>
     <span class='ocr_line' id='line_1_101' title="bbox 2102 5329 3651 5416; baseline -0.003 -20"><span class='ocrx_word' id='word_1_669' title='bbox 2102 5353 2209 5416; x_wconf 89' lang='lat' dir='ltr'>per</span> <span class='ocrx_word' id='word_1_670' title='bbox 2231 5333 2420 5396; x_wconf 86' lang='lat' dir='ltr'>alium</span> <span class='ocrx_word' id='word_1_671' title='bbox 2443 5376 2461 5405; x_wconf 91' lang='lat'>,</span> <span class='ocrx_word' id='word_1_672' title='bbox 2487 5347 2654 5392; x_wconf 87' lang='lat' dir='ltr'>secus</span> <span class='ocrx_word' id='word_1_673' title='bbox 2679 5337 2879 5392; x_wconf 90' lang='lat' dir='ltr'>autem</span> <span class='ocrx_word' id='word_1_674' title='bbox 2909 5374 2928 5403; x_wconf 95' lang='lat'>,</span> <span class='ocrx_word' id='word_1_675' title='bbox 2960 5329 3204 5408; x_wconf 88' lang='lat' dir='ltr'>quando</span> <span class='ocrx_word' id='word_1_676' title='bbox 3236 5335 3471 5392; x_wconf 90' lang='lat' dir='ltr'>tenetur</span> <span class='ocrx_word' id='word_1_677' title='bbox 3497 5329 3651 5392; x_wconf 87' lang='lat' dir='ltr'>cele-</span> 
     </span>
     <span class='ocr_line' id='line_1_102' title="bbox 2096 5424 2741 5508; baseline -0.016 -14"><span class='ocrx_word' id='word_1_678' title='bbox 2096 5432 2279 5496; x_wconf 83' lang='lat' dir='ltr'>brare</span> <span class='ocrx_word' id='word_1_679' title='bbox 2302 5446 2408 5508; x_wconf 87' lang='lat' dir='ltr'>per</span> <span class='ocrx_word' id='word_1_680' title='bbox 2436 5424 2696 5506; x_wconf 88' lang='lat' dir='ltr'>seipsum</span> <span class='ocrx_word' id='word_1_681' title='bbox 2723 5466 2741 5484; x_wconf 91' lang='lat'><strong>.</strong></span> 
     </span>
    </p>
   </div>
  </div>
 </body>
</html>
