4393 6299
1030 540 1137 588 ΓΕΒ

846 691 1073 755 lanensi
1094 736 1110 765 ,
1142 690 1205 752 in
1244 710 1367 772 qua
1396 689 1730 752 Canonicns
1755 685 2093 770 Theologus
2136 707 2254 749 sac.
2287 707 2393 749 ex-

2014 537 2460 604 QUAESTtoNES
2500 537 2856 595 CANONICAE

2503 689 2901 754 Scholasticae
2946 689 3121 752 lectio
3147 689 3507 770 Theologiae
3538 688 3783 752 moralis
3824 689 4047 754 babea-

848 788 1108 867 plirabat
1137 786 1542 866 Scripturam,
1584 783 1646 844 S.
1692 783 1942 850 Carolus
1997 784 2396 844 Borromaeus
2503 791 2604 846 tur
2628 833 2647 858 ‚
2679 794 2749 848 ut
2773 785 2839 845 in
2868 784 3064 865 specie
3091 784 3338 847 firmant
3373 785 3529 845 Re‘cc.
3566 785 3733 844 decis.
3774 789 3908 845 101.
3943 802 4047 865 par

845 881 1181 944 distinctam
1217 880 1542 962 assignavit
1560 877 1971 941 Praebendam
1996 876 2300 941 Canonico
2330 880 2394 939 in
2504 890 2603 940 tot.
2631 900 2760 960 par.
2789 884 2849 941 4.
2893 878 3167 959 Ventriql.
3199 882 3265 939 in
3285 899 3464 959 pram.
3498 899 3610 940 rer.
3653 878 3864 939 Eccles.
3890 889 4041 959 part.

839 975 978 1055 jure
997 975 1258 1046 Ductori,
1284 974 1391 1055 qui
1416 975 1547 1036 Sac.
1574 973 1843 1034 Canones
1865 972 1959 1034 bis
1977 972 2040 1032 in
2062 971 2394 1033 hebdoma-

844 1069 917 1129 da
947 1067 1272 1149 explicaret
1298 1114 1315 1141 ,
1346 1076 1414 1129 ut
1440 1089 1513 1130 ex
1541 1068 1836 1129 Giussano
1863 1065 1927 1127 in
1952 1068 2080 1148 ejus
2103 1067 2227 1127 vita
2258 1085 2392 1146 per·

844 1161 1050 1242 pendit
1077 1161 1422 1223 Thema-ssia.
1467 1163 1581 1222 loco
1600 1163 1773 1221 citato
1798 1180 1958 1220 aum.
1983 1164 2043 1221 4.
2072 1169 2291 1221 etcum
2317 1160 2395 1220 le-

841 1255 1023 1316 ctioni
1059 1255 1418 1337 Theologiae
1443 1254 1841 1317 Scholasticae
1865 1253 2051 1315 fuerit
2073 1255 2392 1334 subrogata

844 1348 1018 1410 lectio
1036 1349 1294 1411 Casuum
1307 1349 1735 1422 Conscientiae,
1757 1349 1883 1409 sive
1892 1347 2252 1430 Theologiae
2267 1349 2393 1408 Mo·

2501 978 2559 1032 2.
2606 984 2802 1033 annot.
2838 977 2932 1032 12.
2980 972 3046 1054 §.
3083 977 3139 1033 1.
3171 993 3231 1033 n.
3269 977 3363 1033 13.
3409 972 3485 1032 R.
3529 971 3603 1039 P.
3645 971 3715 1031 D.
3764 971 3938 1033 Petra
3971 971 4049 1032 ad

2504 1064 2745 1128 Constit.
2767 1067 3018 1147 Apostol.
3048 1077 3179 1127 tom.
3201 1070 3260 1127 4.
3277 1087 3336 1148 p.
3355 1070 3493 1127 252.
3518 1085 3578 1125 n.
3600 1071 3698 1126 35.
3722 1075 3771 1126 ct
3791 1067 4048 1145 sequitur

2504 1161 2652 1222 Rota
2676 1164 2742 1221 in
2773 1161 3110 1222 Forolivien.
3146 1159 3528 1222 Canonicatus
3564 1158 3909 1237 Theoloqalis
3943 1163 4045 1220 25.

2502 1255 2675 1316 lunii
2721 1261 2893 1317 1700.
2921 1255 2985 1337 §-
3025 1260 3079 1317 1.
3110 1274 3298 1317 coram
3338 1256 3464 1315 bon.
3512 1273 3672 1315 mm.
3703 1253 3976 1314 Amaldo.

2623 1350 2784 1412 Haec
2811 1350 3011 1430 quoad
3041 1348 3259 1430 placita
3288 1350 3613 1410 Doctorum
3638 1393 3656 1421 ,
3704 1357 3763 1408 et
3805 1346 4045 1427 praxim

845 1443 1019 1517 ralis,
1042 1443 1185 1506 0100
1212 1452 1420 1526 aperta
1439 1454 1527 1505 est
1547 1444 1646 1505 via
1671 1443 2028 1504 Doctoribus
2048 1443 2181 1503 Jur.
2211 1443 2396 1503 Cano·
2505 1442 2938 1505 nonnullarum
2987 1442 3388 1504 Ecclesiamm
3418 1463 3436 1516 ;
3470 1462 3633 1504 nuuc
3674 1452 3873 1505 autem
3918 1459 4048 1503 ser-

843 1537 961 1599 0101
990 1539 1067 1599 ad
1094 1539 1482 1601 obtinendam
1519 1537 1927 1600 Praebeudam
1949 1536 2390 1618 Theologalem.

960 1632 1381 1694 Descendendo
1409 1633 1616 1711 itaque
1637 1631 1713 1692 ad
1747 1630 1967 1692 dictam
2007 1629 2386 1711 subrogatio·

844 1742 981 1783 nem
1011 1769 1028 1796 ,
1062 1723 1195 1784 fieri
1219 1725 1366 1786 haec
1390 1727 1583 1805 coepit
1605 1723 1972 1785 cumulative
1997 1743 2132 1785 cum
2157 1723 2286 1803 ipsa
2309 1723 2391 1784 le—

843 1817 1040 1878 ctione
1065 1837 1184 1879 sac.
1217 1818 1582 1900 Scripturae.
1611 1819 1688 1879 Et
1719 1818 2062 1899 exemplum
2090 1817 2275 1899 hujus
2295 1837 2393 1879 cu·

844 1910 1170 1973 mulativae
1197 1912 1646 1994 subrogationis
1670 1922 1836 1974 extat
1863 1913 1927 1972 10
1965 1932 2092 1992 cap.
2139 1918 2198 1974 5.
2238 1911 2392 1974 cele-

842 2005 1147 2067 berrimae
1193 2005 1420 2088 Synodi
1467 2006 1711 2068 Farfen.
1757 2005 1905 2068 clar.
1961 2025 2146 2067 mem.
2203 2005 2382 2072 Card.

845 2098 1041 2161 Caroli
1064 2099 1415 2161 Barbarini:
1444 2101 1556 2163 ibi:
1587 2102 1966 2162 praebendam
1995 2100 2394 2162 canonicalem
2442 2173 2449 2203 ⁸

838 2196 1025 2272 primo
1053 2205 1387 2257 vacaturam
1411 2240 1427 2267 ‚
1457 2197 1532 2257 ad
1560 2216 1724 2256 usum
1759 2198 2005 2256 lectionis
2035 2195 2107 2256 S.
2130 2194 2391 2277 Scriptu-

843 2304 941 2346 rac
964 2334 980 2356 ,
1015 2298 1066 2346 cl
1095 2286 1417 2366 Theoloqiae
1438 2290 1689 2351 Moralis
1716 2301 1779 2349 ut
1812 2310 1989 2369 supra
2013 2292 2294 2353 habendae
2315 2311 2390 2352 eat

842 2400 995 2440 nunc
1017 2429 1033 2451 ,
1058 2393 1227 2461 prout
1254 2395 1483 2443 extunc
1503 2385 1578 2444 ad
1596 2385 1839 2462 [ormam
1856 2382 1991 2446 Sac.
2018 2386 2189 2446 Cone.
2223 2385 2384 2445 Trid.

838 2486 1101 2553 perpetuo
1142 2480 1529 2538 constituimus
1549 2527 1564 2549 ,
1595 2489 1645 2537 ct
1674 2479 2042 2558 deputarunt-33
2072 2489 2133 2541 et
2172 2479 2238 2539 in
2274 2481 2387 2561 Sy-

843 2568 999 2628 nodo
1050 2570 1270 2630 Montis
1320 2571 1532 2632 Falisci
1585 2570 1790 2632 habita
1841 2591 2002 2633 anno
2048 2579 2220 2635 1710.
2258 2596 2381 2654 cap.

842 2665 898 2718 6.
973 2661 1116 2722 0000
1175 2662 1474 2725 habentur
1528 2664 1602 2725 de
1656 2664 2001 2726 Praebenda
2063 2667 2386 2748 Theologa·

843 2753 881 2812 li
909 2773 923 2812 t
957 2758 1058 2832 qui
1105 2759 1284 2833 ἐρίων
1317 2759 1386 2817 dc
1426 2778 1490 2818 m
1527 2760 1740 2838 prom‘si
1778 2759 1993 2836 suerint
2020 2805 2037 2831 ,
2067 2765 2234 2821 stalis
2266 2764 2382 2822 dic-

842 2849 941 2906 bus
984 2862 1102 2928 post
1159 2847 1417 2930 Vesperas
1447 2854 1512 2910 in
1556 2850 1830 2913 Sacrario
1857 2872 2024 2931 super
2064 2856 2261 2932 aliquo
2313 2875 2387 2917 cx

839 2944 1119 3000 cononicis
1158 2945 1318 3002 libris
1367 2946 1652 3003 lectionem
1683 2946 1998 3021 habebunt,
2024 2949 2170 3023 quod
2196 2951 2251 3007 si
2280 2969 2384 3028 pro

838 3054 901 3093 ea
923 3038 1237 3114 scripturae
1261 3039 1487 3097 lectione
1519 3058 1593 3097 cx
1614 3057 1675 3097 re
1699 3042 1875 3116 maqis
1893 3059 2000 3099 csse
2023 3042 2302 3103 videbitur
2318 3046 2382 3105 dc

836 3146 1055 3187 morum
1081 3128 1353 3191 Doctrina
1384 3131 1648 3191 disserere
1669 3178 1685 3201 ,
1718 3132 1821 3211 fiat
1846 3177 1863 3204 ,
1890 3133 2046 3192 nobis
2069 3143 2256 3196 tamen
2292 3158 2382 3197 rc—

842 3223 1149 3299 liaquimm
1174 3268 1191 3295 ,
1224 3224 1373 3301 quod
1416 3226 1784 3284 maluerimus
1826 3245 1900 3284 aa:
1933 3228 2222 3307 scriptura
2246 3278 2262 3300 ,
2294 3233 2382 3292 vel

838 3319 1046 3376 ‚norati
1090 3330 1482 3395 arqumemum
1524 3319 1814 3396 desiynarc
1836 3339 1858 3377 .·
1898 3329 1955 3380 et
1995 3320 2382 3385 cohaerenter

837 3408 913 3470 ad
950 3408 1095 3469 baec
1125 3410 1440 3470 Monaccll.
1484 3412 1549 3469 in
1591 3410 1825 3487 formul.
1876 3434 2031 3474 num.
2082 3419 2138 3475 1.
2170 3418 2263 3477 tit.
2314 3423 2375 3479 2.

835 3502 1081 3579 formula
1106 3510 1164 3562 5.
1186 3524 1318 3583 pay.
1346 3508 1442 3564 110.
1479 3515 1531 3564 ct
1558 3524 1706 3583 seqq.
1743 3515 1873 3584 post
1898 3510 2227 3587 expositam
2253 3511 2377 3573 for-

839 3593 1065 3655 mulam
1126 3596 1443 3657 erectionis
1502 3597 1885 3659 praebendae
1947 3600 2327 3685 Theologalis
2351 3653 2369 3681 ,

836 3689 1045 3750 scribit
1066 3710 1227 3750 num.
1260 3697 1319 3750 5.
1351 3701 1403 3750 ct
1428 3710 1578 3770 seqq.
1610 3691 1978 3754 Canonicum
2006 3696 2227 3760 debere
2251 3721 2378 3764 esse

839 3794 1114 3862 paratum
1157 3785 1231 3845 ad
1276 3793 1643 3865 utrumque,
1682 3786 1795 3846 boc
1833 3797 1921 3849 est
1953 3790 2029 3850 ad
2063 3790 2374 3857 lectionem

836 3877 967 3938 Sac.
994 3878 1338 3959 Scripturae
1359 3924 1377 3952 ,
1407 3887 1467 3940 et
1494 3880 1573 3940 ad
1590 3879 2046 3959 explicationem
2074 3889 2373 3965 quaestio-

840 3990 987 4030 num
1035 3971 1360 4033 Moralium
1384 4017 1402 4045 ,
1444 3982 1506 4034 et
1551 3991 1744 4033 unum
1778 3974 1996 4036 debere
2036 3976 2273 4054 facere,
2317 3992 2377 4046 01

833 4064 1001 4126 01100
1025 4084 1143 4127 000
1169 4066 1464 4128 0111111010.

952 4157 1335 4224 Cumulativa
1396 4159 1572 4222 lectio
1637 4178 1757 4221 sac.
1823 4160 2169 4243 Scripturas
2232 4188 2371 4232 cum

832 4250 1153 4333 Theologia
1201 4251 1413 4321 morali
1464 4254 1752 4325 cessavit,
1805 4263 1867 4316 et
1909 4257 2026 4319 sub
2076 4261 2326 4326 obtentu
2350 4309 2369 4339 ,

833 4346 997 4425 quod
1030 4346 1238 4408 utilior
1281 4355 1429 4407 esset
1475 4365 1584 4426 pro
1628 4347 1802 4408 Claro
1844 4349 1907 4409 in
1944 4351 2088 4415 locis
2134 4358 2370 4435 potissi·

832 4458 999 4501 mum
1030 4487 1044 4510 ,
1075 4441 1180 4520 qni
1210 4439 1398 4501 dissiti
1426 4449 1566 4501 sunt
1592 4441 1671 4502 ab
1693 4440 2009 4506 haereticis
2030 4492 2047 4518 ,
2079 4446 2254 4511 lectio
2275 4470 2370 4512 so-

830 4533 950 4595 lius
979 4534 1337 4616 Theologiae
1362 4534 1611 4596 Moralis
1627 4583 1643 4605 ,
1679 4535 2016 4601 Canonicus
2036 4541 2372 4628 Theologus

830 4625 989 4695 solos
1029 4627 1438 4690 Conscientiae
1489 4627 1672 4689 Casus
1707 4630 2074 4710 explicavit;
2111 4656 2372 4720 cumque

832 4738 1008 4780 nemo
1054 4739 1174 4781 000
1205 4721 1352 4783 80101
1398 4723 1724 4784 maximam
1763 4743 1891 4787 esse
1933 4726 2367 4795 connexionem

830 4813 988 4874 inter
1008 4815 1113 4895 jus
1137 4816 1531 4888 Canonicum,
1560 4827 1620 4878 et
1636 4818 2021 4902 Theologiam
2052 4827 2364 4902 moralem,

826 4907 973 4969 11010
990 4909 1381 4970 fundamento
1409 4910 1604 4971 innixi
1628 4922 1768 4975 sunt
1785 4926 2083 4996 quotquot
2103 4938 2369 4985 asserue-

824 5012 991 5075 runt,
1011 5002 1155 5065 satis
1175 5022 1301 5064 esse
1328 5023 1437 5084 pro
1459 5004 1786 5070 obtinenda
1816 5011 2162 5076 Praebenda
2181 5016 2371 5080 Theo-

824 5093 1004 5175 logali
1033 5138 1051 5167 ‚
1081 5095 1244 5174 quod
1272 5094 1493 5177 aliquis
1515 5099 1594 5160 sit
1621 5100 1838 5163 Doctor
1862 5103 1922 5164 in
1944 5107 2086 5186 jure
2108 5108 2368 5173 Canoni-

823 5207 895 5250 00
919 5236 936 5260 ,
982 5188 1120 5251 11001
1156 5190 1570 5272 Magisterium
1600 5193 1662 5254 iu
1694 5213 1859 5257 sacra
1892 5198 2216 5283 Theologia
2245 5222 2367 5265 non

823 5283 1132 5369 receperit,
1158 5294 1302 5345 0100
1323 5283 1538 5347 fortius
1556 5289 1801 5367 quando
1822 5289 1886 5350 in
1907 5293 2368 5375 Metropolitana

824 5378 919 5439 vel
958 5376 1283 5457 Collegiata
1307 5423 1325 5451 ‚
1357 5388 1466 5440 aut
1511 5379 1852 5451 Cathedrali
1907 5407 2032 5449 mos
2074 5389 2363 5465 inolevit,

826 5480 893 5532 ut
922 5469 1051 5531 loco
1075 5469 1346 5534 lectionis
1369 5491 1488 5536 sac.
1514 5474 1860 5556 5011010100
1881 5492 1988 5542 aut
2010 5482 2370 5565 Theologiae

2506 1555 2741 1597 monem
2767 1536 3182 1599 transferendo
3202 1537 3279 1599 ad
3301 1535 3694 1598 resolutiones
3713 1535 3892 1617 hujus
3907 1535 4043 1597 Sac.

2502 1629 2997 1712 Congregationis
3019 1677 3037 1705 ,
3068 1631 3246 1693 Card.
3300 1629 3566 1693 Alciatus
3600 1630 3865 1702 notavit,
3915 1647 4038 1690 000

2501 1724 2764 1804 potuisse
2823 1725 3186 1807 Episcopum
3248 1725 3711 1788 Cremonensem
3773 1723 4050 1786 conferre

2501 1817 2759 1897 primam
2789 1819 3189 1899 praebendam
3215 1827 3346 1899 post
3370 1817 3707 1882 Concilium
3735 1824 4048 1881 vacantem

2501 1912 2857 1975 Canonistae
2883 1959 2900 1986 ,
2933 1913 3068 1975 licet
3088 1912 3459 1994 Theologum
3501 1912 3790 1975 idoneum
3816 1911 4048 1974 secula·

2501 2026 2627 2067 rem
2676 2006 2742 2067 in
2780 2006 3037 2091 Civitate
3069 2025 3187 2067 non
3235 2005 3602 2079 invenisset,
3633 2012 3696 2066 01
3733 2003 4046 2085 provisum

2500 2119 2619 2160 non
2651 2099 2858 2161 fecisse
2899 2099 3130 2162 fructus
3173 2118 3312 2160 suos
3338 2145 3356 2173 ,
3399 2110 3460 2161 01
3488 2098 3851 2179 Episcopum
3883 2097 4047 2160 indi-

2496 2194 2696 2276 guisse
2733 2192 3110 2254 absolutione
3133 2193 3339 2275 Papali
3378 2203 3619 2275 propter
3662 2212 3884 2273 poenas
3926 2192 4045 2254 im-

2500 2289 2718 2369 positas
2741 2287 2803 2347 in
2825 2287 3004 2348 Bulla
3026 2288 3116 2348 Pii
3142 2288 3249 2348 IV.
3273 2296 3480 2348 contra
3515 2306 3633 2348 non
3657 2288 4046 2350 observantes

2497 2382 2676 2444 Conc.
2700 2382 2867 2444 Trid.
2893 2390 2951 2444 et
2972 2382 3151 2444 Card.
3178 2381 3239 2442 S.
3262 2381 3413 2442 Sixti
3439 2381 3750 2444 adnotavit
3771 2401 3894 2443 non
3913 2399 4044 2444 0880

2495 2479 2746 2538 eandem
2767 2476 3062 2538 rationem
3082 2475 3157 2537 00
3177 2477 3534 2556 praebendis
3548 2475 4039 2558 Theologalibus,

2495 2591 2564 2633 ac
2604 2573 2680 2633 de
2709 2569 3171 2633 canonicalibus
3194 2615 3212 2643 ,
3248 2578 3307 2630 et
3342 2570 3748 2650 Praebendam
3783 2569 4043 2633 Theolo—

2492 2665 2690 2747 galem
2722 2677 2862 2726 1000
2902 2664 3097 2726 801010
3131 2664 3488 2726 Canonistae
3531 2663 3790 2725 conferri
3823 2683 3993 2745 pom
4014 2709 4037 2740 ,

2492 2762 2738 2840 quando
2759 2759 2912 2821 facta
2944 2758 3256 2839 diligentia
3287 2776 3406 2819 non
3442 2758 3750 2820 invenitur
3781 2758 4042 2822 Theolo-

2492 2875 2605 2936 gus
2627 2855 2689 2915 in
2726 2854 2855 2916 loco
2880 2899 2898 2927 ,
2930 2853 3017 2915 uti
3050 2851 3309 2914 refertur
3334 2852 3494 2932 apud
3522 2852 3782 2931 Faynan.
3819 2856 3884 2913 in
3903 2873 4033 2935 cap.

2491 2952 2630 3028 quia
2650 2949 2943 3008 nonnullis
2965 2967 3125 3007 num.
3160 2951 3257 3006 32.
3285 2946 3350 3005 de
3370 2946 3695 3024 Maqistris.

2609 3041 2715 3102 Dic
2747 3046 2841 3102 16.
2885 3039 3106 3121 Aprilis
3137 3059 3288 3100 anno
3323 3043 3495 3099 1595.
3524 3040 3654 3101 500.
3698 3039 3848 3101 11000
3877 3038 4037 3101 000-

2491 3157 2654 3219 greg.
2688 3136 2773 3198 ita
2797 3134 3097 3215 rescripsit
3135 3133 3428 3216 Episcopo
3453 3133 3783 3206 pharensi,
3813 3134 3903 3197 uti
3931 3134 4039 3198 ha·

2491 3234 2666 3294 betur
2694 3232 2791 3291 lib.
2827 3236 2886 3292 8.
2920 3229 3280 3290 Decrctorum
3301 3248 3437 3309 paq.
3486 3232 3618 3289 116.
3649 3228 4037 3293 praebendam

2492 3326 2875 3404 Theoloyalcm
2917 3324 3099 3385 alicui
3123 3343 3197 3385 ca:
3240 3320 3483 3400 Collcqii
3513 3321 3744 3402 Illyrici
3765 3322 4036 3385 Alumnis

2488 3421 2749 3498 alioquin
2795 3419 3009 3478 Mancia
3031 3464 3050 3488 ‚
3097 3419 3292 3496 utiquc
3339 3416 3583 3494 conferri
3626 3416 3699 3478 ab
3751 3416 4031 3498 Episcopo

2482 3535 2634 3597 posse
2650 3563 2666 3585 ,
2698 3515 2919 3574 tametsi
2941 3514 2992 3573 is
3019 3531 3179 3574 casus
3200 3512 3565 3573 conscientiae
3586 3519 3809 3573 tantum
3831 3514 3908 3573 sit
3933 3533 4034 3574 εω-

2483 3611 2827 3690 plicaturus.

2602 3702 2709 3763 Dic
2760 3703 2854 3761 14.
2901 3698 3231 3767 Novembris
3271 3702 3444 3757 1626.
3490 3696 3623 3760 500.
3670 3696 4028 3781 Congregat.

2485 3798 2547 3857 in
2590 3796 2781 3857 Causa
2804 3791 3147 3874 Aquileien.
3194 3790 3427 3853 censuit
3457 3792 3774 3853 Doctorem
3803 3793 3866 3854 in
3888 3795 4031 3875 jura

2482 3888 2783 3952 Canonico
2810 3904 2938 3948 esse
2979 3883 3416 3947 admittendum
3439 3927 3458 3957 ,
3489 3879 3577 3944 1111
3622 3883 3882 3947 habetur
3923 3888 4025 3948 tib.

2490 3988 2581 4044 13.
2616 3981 2832 4041 Decrct.
2859 3999 2991 4059 paq.
3024 3981 3159 4038 136.

2600 4074 2707 4135 Dic
2749 4078 2844 4133 12.
2876 4071 3207 4134 Novembris
3238 4074 3410 4129 1639.
3442 4067 3573 4131 500.
3617 4069 3911 4153 Congreg.
3944 4073 4030 4138 ita

2482 4167 2783 4249 rescripsit
2812 4166 2877 4227 in
2905 4164 3167 4245 quadam
3203 4162 3594 4245 Pelignanen.
3619 4183 3730 4245 pro
3754 4166 4031 4234 0111100οῆ

2479 4265 2553 4327 da
2587 4261 2933 4325 Praebenda
2959 4257 3332 4340 Theologali:
3366 4257 3655 4333 sufficere,
3692 4270 3759 4322 ut
3779 4262 3919 4343 quis
3947 4263 4028 4328 sit

2480 4356 2819 4420 licentiatus
2863 4355 2923 4416 in
2965 4363 3225 4433 utroque
3256 4354 3397 4433 jure
3420 4398 3438 4426 ,
3466 4351 3618 4415 alias
3657 4353 3909 4419 idoneus
3946 4358 4026 4422 ad

2479 4450 2803 4513 docendam
2858 4447 3247 4527 Theologiam
3293 4445 3622 4521 moralem,
3670 4456 3732 4510 01
3780 4450 3915 4513 1000
3956 4453 4024 4515 in

2478 4546 2592 4607 000
2618 4563 2757 4606 casu
2786 4544 2859 4604 D.
2890 4542 3256 4604 Secretarius
3287 4540 3466 4601 faciat
3487 4542 4025 4622 extrajudicialiter

2477 4639 2825 4702 examinare
2851 4636 3165 4697 Oratorem
3189 4654 3367 4714 super
3387 4634 3552 4696 illius
3570 4635 3886 4700 habilitate
3911 4659 4023 4721 per

2479 4733 2715 4794 Patrem
2746 4731 3119 4809 Torquatum
3156 4729 3231 4790 de
3253 4727 3435 4809 Cupis
3460 4773 3478 4802 ‚
3512 4729 3601 4790 uti
3625 4729 3882 4793 habetur
3911 4735 4015 4797 tib.

2455 4824 2574 4889 '16.
2605 4827 2883 4887 Decretal.
2911 4844 3045 4904 pay.
3080 4827 3218 4883 292.

2594 4921 2699 4981 Dic
2743 4925 2801 4980 3.
2844 4917 3144 4979 Februarii
3175 4920 3347 4978 1646.
3379 4914 3509 4978 500.
3535 4915 3928 5001 Congregatio
3953 4920 4022 4985 10

2475 5016 2735 5097 quadam
2786 5014 2990 5074 Asten.
3043 5010 3127 5072 ita
3175 5008 3522 5089 respondit:
3569 5010 3885 5089 quaeritur
3937 5032 4019 5076 an

2474 5114 2692 5174 Doctor
2733 5108 2797 5169 in
2819 5107 2962 5188 jure
2987 5104 3286 5167 Canonico
3315 5102 3495 5183 possit
3534 5103 3809 5167 obtinere
3842 5126 4019 5187 prae.

2477 5204 2734 5267 bendam
2765 5197 3213 5280 Theologalem,
3245 5204 3307 5256 et
3331 5196 3475 5256 anni
3505 5195 3844 5277 Theologns
3892 5219 4017 5262 non

2474 5300 2680 5362 doctor
2708 5293 2892 5377 possit
2915 5292 3193 5355 similiter
3221 5288 3390 5350 illam
3410 5289 3703 5351 obtinere.
3741 5291 3872 5353 Sac.
3897 5303 4012 5357 etc.

2475 5394 2552 5456 ad
2576 5392 2841 5473 primum
2868 5386 3176 5468 respondit
3211 5401 3380 5464 posse
3402 5427 3418 5456 ‚
3468 5391 3528 5443 et
3566 5383 3643 5443 ad
3683 5386 4013 5450 secundum

2476 5486 2702 5568 pariter
2739 5481 3096 5547 affirmative
3122 5475 3449 5558 respondit,
3480 5474 3530 5536 si
3556 5494 3678 5537 non
3704 5477 3860 5540 adsit
3891 5481 4012 5542 Do.-
