4393 6299
1580 549 1628 621 Q
1648 554 1695 606 u
1721 551 1779 604 a
1805 553 1838 602 s
1867 551 1914 605 ‘r
1942 550 2036 605 to
2093 547 2410 608 CCCLXIX.
3301 551 3401 602 m

390 708 691 773 Libellum
707 755 725 783 ,
756 708 818 769 in
843 722 965 787 quo
987 704 1196 767 retulit
1217 749 1233 778 ,
1269 709 1506 785 praeter
1535 703 1803 767 Infantes
1835 722 1933 765 re-
2040 714 2156 765 tero
2173 705 2422 766 nondum
2445 704 2731 786 baptizato
2753 703 2836 764 ita
2854 700 3150 783 loquitur:
3171 713 3221 764 et
3249 713 3393 765 certe
3415 702 3480 762 de
3504 702 3584 761 il·-

388 815 591 866 center
614 812 785 865 natos
810 802 886 864 ad
912 798 1392 878 Archihospitale
1415 798 1680 881 ejusdem
1709 797 1772 860 S.
1804 796 1934 878 spi·
2043 800 2096 859 lo
2113 846 2129 868 ,
2168 800 2271 877 qui
2308 808 2480 860 natus
2509 798 2575 857 de
2598 797 2944 859 Christiania
2971 799 3297 877 parentibus
3322 843 3338 867 ,
3364 805 3416 856 et
3434 797 3588 855 inter

388 898 543 958 ritus
561 897 903 978 saepissime
921 893 1100 955 etiam
1116 890 1384 953 Infantes
1405 891 1623 953 deferri
1646 891 1929 963 duorum,
2047 891 2408 954 Christianos
2439 901 2517 952 est
2544 892 2785 973 fideliter
2813 901 3164 952 conversatus
3191 936 3207 965 ,
3239 901 3356 952 tam
3375 891 3588 951 violen-

387 1001 671 1071 quatuor,
703 990 797 1051 vel
826 1008 951 1062 sex,
976 997 1080 1048 aut
1102 987 1302 1048 decem
1328 984 1646 1058 mensium,
1675 992 1733 1046 et
1750 985 1931 1046 etiam
2045 1000 2129 1050 ter
2145 991 2533 1070 praesumitur
2552 1034 2570 1061 ,
2593 988 2740 1067 quod
2766 988 2940 1064 fuerit
2972 988 3296 1066 baptizatus
3323 1034 3338 1057 ‚
3363 996 3429 1046 ut
3455 986 3589 1046 haec

389 1086 571 1146 unius
595 1085 738 1147 anui
766 1103 904 1145 cum
933 1080 1187 1142 dimidio
1213 1126 1231 1153 ,
1267 1081 1496 1160 absque
1521 1078 1649 1140 ullo
1668 1087 1829 1140 certo
1852 1077 1933 1137 si·
2039 1084 2422 1163 praesumptio
2454 1094 2558 1162 pro
2601 1082 2934 1141 certitudine
2965 1082 3038 1139 sit
3083 1080 3336 1140 habenda
3358 1125 3376 1150 ,
3421 1078 3589 1137 donec

385 1199 505 1261 gno
529 1177 910 1257 Baptismatis
935 1174 1182 1254 recepti,
1212 1182 1271 1235 et
1295 1192 1370 1233 ue
1388 1192 1465 1234 ex
1485 1190 1606 1234 uua
1629 1180 1799 1252 parte
1824 1190 1932 1251 spo
2037 1178 2459 1237 evidentissimis
2482 1177 2722 1254 forsitan
2740 1176 3085 1253 arqumentis
3097 1177 3447 1235 contrarium
3459 1191 3591 1252 pro-

386 1273 624 1334 muneri
658 1273 719 1332 in
759 1290 822 1332 re
874 1269 1024 1332 tanti
1064 1268 1348 1329 momenti
1393 1266 1668 1340 deficiat,
1700 1265 1932 1345 Baptis-
2046 1272 2237 1340 betur,
2276 1269 2629 1350 celebreque
2656 1277 2742 1330 est
2769 1269 2994 1349 pariter
3034 1269 3097 1329 in
3133 1268 3344 1330 iisdem
3371 1269 3590 1329 Decre-

386 1387 554 1429 mum
583 1366 913 1428 omittendo
936 1410 954 1437 ,
983 1370 1042 1425 et
1069 1382 1144 1425 ex
1171 1362 1290 1426 alia
1339 1370 1509 1442 parte
1558 1361 1929 1441 Baptismum
2046 1362 2273 1425 talibus
2296 1361 2623 1424 Alexandri
2653 1362 2838 1423 Tertii
2871 1381 3220 1443 responsum
3245 1364 3312 1422 in
3353 1380 3478 1441 cap.
3524 1364 3586 1419 2.

383 1459 766 1531 conferendo,
797 1477 860 1518 se
881 1463 1141 1536 exponat
1172 1454 1441 1537 periculo
1473 1452 1939 1535 irregularitatis
2046 1458 2115 1516 de
2144 1454 2439 1534 Baptismo
2461 1502 2476 1525 ‚
2516 1455 2626 1515 ibi:
2655 1456 2720 1515 de
2746 1457 2947 1533 quibus
2974 1456 3206 1515 dubium
3233 1464 3309 1515 est
3338 1499 3354 1526 ,
3383 1473 3462 1514 an
3489 1454 3589 1513 ba-

383 1552 696 1634 impositae
714 1550 1245 1631 rebaptizantibus,
1257 1549 1333 1610 ad
1349 1548 1638 1611 terminos
1658 1555 1855 1609 textus
1872 1549 1939 1606 in
2040 1550 2251 1628 ptizati
2275 1548 2523 1625 fuerint,
2553 1549 2923 1627 baptizantur
2941 1550 3027 1608 his
3049 1549 3226 1609 verbis
3242 1547 3589 1627 praemissis,

383 1668 509 1728 cap.
536 1666 609 1709 ea:
640 1645 1043 1707 litterarumde
1060 1644 1372 1724 Apostatis‚
1394 1641 1737 1704 humillime
1757 1659 1938 1721 quae-
2042 1645 2099 1702 si
2137 1644 2464 1722 baptizatus
2494 1661 2549 1702 es
2568 1687 2587 1715 ,
2622 1661 2735 1701 non
2771 1653 2820 1703 te
2847 1644 3070 1722 baptizo
3091 1688 3108 1716 ,
3136 1643 3229 1703 sed
3254 1644 3305 1702 si
3342 1641 3592 1701 nondum

381 1741 556 1814 sivit,
578 1740 727 1820 quid
756 1758 792 1802 a
819 1757 883 1801 se
902 1745 1056 1801 esset
1081 1737 1407 1820 agendum,
1440 1744 1501 1798 et
1530 1753 1565 1797 a
1587 1734 1770 1797 Sacra
1795 1736 1937 1796 Poe-
2046 1736 2376 1817 baptizatus
2398 1757 2452 1797 es
2477 1780 2493 1809 ,
2532 1735 2657 1814 qu
2681 1747 2730 1799 te
2755 1738 3008 1817 baptizo.

383 1832 738 1897 nitentiaria
787 1832 1040 1914 supplex
1084 1830 1330 1894 libellus
1368 1830 1447 1893 ad
1489 1829 1647 1892 hanc
1690 1829 1933 1891 Sacram

378 1925 921 2010 Congregationem
954 1924 1239 1987 remissus
1259 1931 1379 1987 est.

2163 1828 2567 1892 Cohaerenter
2588 1832 2662 1892 ad
2694 1830 2841 1893 haec
2868 1832 2930 1893 in
2956 1831 3230 1893 terminis
3256 1832 3591 1893 Puerorum

2051 1922 2458 2003 expositorum
2483 1968 2499 1997 ,
2529 1923 2908 2006 distinguunt
2940 1926 3221 1986 Doctores
3258 1924 3417 1986 inter
3458 1942 3590 1998 eos,

503 2020 714 2083 Plures
729 2019 950 2082 adsunt
972 2018 1241 2080 Canones
1256 2038 1292 2081 a
1312 2017 1601 2080 Gratiano
1616 2015 1847 2079 collecti
1872 2017 1937 2078 de
2046 2017 2120 2078 de
2139 2016 2365 2098 quibus
2383 2016 2726 2078 omnimode
2752 2017 3066 2097 ignoratur
3083 2064 3099 2087 ‚
3129 2037 3206 2079 an
3230 2016 3455 2078 fuerint
3483 2019 3593 2079 ha-

384 2114 809 2178 Consecratione
830 2114 964 2174 dist.
992 2115 1051 2174 t.
1086 2111 1311 2192 quihus
1331 2120 1601 2185 cavetur,
1621 2110 1933 2184 Parvulos,

384 2215 448 2270 et
470 2205 739 2269 Infantes
762 2225 890 2269 esse
912 2204 1299 2285 baptizandos
1322 2252 1340 2276 ‚
1361 2204 1608 2284 quando
1628 2212 1787 2265 certa
1814 2221 1936 2264 nou

383 2301 725 2364 afferuntur
754 2300 1112 2363 documenta
1138 2298 1214 2361 de
1241 2317 1455 2360 eorum
1484 2298 1823 2379 Baptism03
1852 2298 1937 2359 sic

379 2397 447 2455 in
466 2392 694 2457 Conone
717 2393 1023 2467 Parvulos,
1049 2393 1163 2454 ibi:
1192 2392 1499 2465 Parvulos,
1527 2394 1631 2471 qui
1651 2412 1688 2455 a
1714 2391 1938 2453 Paren-

381 2491 531 2550 tibus
551 2489 827 2550 subtracti
844 2499 999 2561 sunt,
1026 2497 1077 2547 et
1097 2506 1176 2548 an
1190 2488 1468 2566 baptizati
1483 2488 1621 2559 sint,
1645 2488 1931 2565 iqnorant,

381 2585 501 2658 hos,
518 2594 581 2644 ut
601 2584 891 2663 baptizare
912 2583 1130 2654 debeas,
1156 2582 1457 2642 secundum
1481 2579 1729 2641 Patrum
1749 2581 1935 2641 tradi-

380 2680 607 2750 tionem,
635 2679 822 2738 sinon
845 2678 1023 2754 fuerit
1048 2678 1152 2755 qui
1182 2676 1527 2755 testificetur,
1556 2677 1708 2735 ratio
1728 2677 1931 2754 poscit,-

2041 2110 2125 2189 pti
2138 2109 2252 2170 zati
2282 2155 2298 2182 ,
2329 2128 2440 2170 nec
2463 2108 2650 2170 ullam
2678 2109 2903 2171 habent
2936 2130 3046 2190 pro
3072 2110 3365 2189 baptismo
3392 2111 3595 2191 conje-

2042 2211 2283 2264 cturam
2309 2249 2325 2277 ,
2360 2210 2421 2264 et
2447 2202 2604 2264 inter
2628 2203 2777 2265 alios
2800 2249 2816 2276 ,
2847 2204 2953 2284 qui
2982 2202 3182 2266 collati
3211 2203 3594 2283 Baptismatis

2043 2298 2456 2378 conjecturam
2481 2296 2728 2370 hahent,
2754 2308 2897 2378 puta
2924 2297 3268 2359 schedulam
3290 2296 3467 2368 collo,
3496 2294 3594 2358 vel

2047 2390 2222 2453 alteri
2244 2392 2510 2470 corporis
2532 2392 2685 2471 parti
2707 2411 3052 2472 appensam,
3076 2392 3139 2452 in
3161 2410 3279 2472 qua
3302 2391 3594 2471 scriptum

2040 2484 2162 2556 sit,
2194 2503 2295 2546 eos
2317 2504 2441 2546 esse
2468 2485 2815 2566 baptizatos,
2848 2493 2907 2546 et
2938 2484 3184 2555 dicunt,
3220 2485 3596 2564 Baptismum

2041 2577 2106 2639 in
2165 2578 2362 2658 primo
2405 2597 2546 2639 casu
2586 2597 2711 2640 esse
2734 2577 3006 2640 absolute
3034 2579 3462 2640 conferendum
3485 2624 3504 2653 ,
3533 2587 3596 2641 et

2047 2672 2114 2732 in
2146 2672 2408 2734 secundo
2441 2691 2569 2733 esse
2590 2673 2703 2733 sub
2729 2672 3070 2735 conditione
3093 2672 3555 2735 ministrandum
3571 2718 3591 2747 ,

381 2771 551 2832 sicin
573 2770 802 2832 Conone
827 2770 1081 2849 placuit,
1105 2768 1218 2829 ihi:
1252 2770 1471 2847 placuit
1496 2768 1561 2828 de
1582 2768 1928 2847 Infantibus,
2048 2766 2386 2845 Romaquer.
2430 2767 2505 2827 ad
2533 2764 2752 2845 Synod.
2788 2764 3042 2827 Gerund.
3092 2769 3189 2828 lib.
3236 2773 3293 2828 3.
3341 2769 3432 2827 tit.
3490 2770 3586 2827 18.

383 2867 596 2946 quoties
615 2884 728 2925 non
753 2865 1125 2924 inveniantur
1146 2863 1444 2922 certissimi
1474 2860 1652 2924 Testes
1679 2910 1695 2933 ‚
1726 2863 1828 2941 qui
1848 2882 1934 2923 eos
2045 2880 2174 2941 cap.
2211 2867 2269 2922 5.
2305 2880 2343 2921 a
2374 2879 2533 2920 num.
2568 2866 2625 2920 9.
2661 2870 2711 2922 et
2736 2880 2883 2940 seqq.
2915 2861 3222 2924 Monaoell.
3252 2865 3317 2921 in
3354 2862 3589 2938 formul.

381 2960 694 3038 baptizatos
738 2978 846 3019 esse
880 2958 1002 3017 sine
1028 2956 1377 3016 dubitatione
1424 2965 1694 3016 testentur
1716 3004 1735 3027 ,
1762 2976 1934 3035 neque
2062 2956 2228 3034 leqal.
2263 2965 2393 3014 tom.
2425 2957 2480 3014 1.
2504 2956 2594 3013 tit.
2627 2957 2719 3015 10.
2754 2975 2912 3015 nunt.
2937 2961 2995 3016 3.
3031 2975 3160 3035 paq.
3194 2956 3339 3016 mihi
3364 2959 3503 3015 205.
3531 2960 3595 3016 et

381 3055 494 3133 ipsi
513 3063 647 3113 sunt
665 3071 770 3132 per
788 3060 1031 3113 aetatem
1049 3051 1237 3109 idonei
1253 3050 1319 3110 de
1341 3052 1570 3111 traditis
1589 3052 1700 3110 sibi
1726 3049 1935 3112 Sacra-

2053 3048 2290 3111 confert
2308 3047 2594 3110 resolutio
2630 3049 2809 3130 hujus
2832 3049 2962 3110 Sac.
2993 3047 3481 3132 Congregatiouis
3525 3051 3593 3108 in

381 3147 581 3208 mentis
606 3146 968 3225 respondere,
1004 3145 1208 3224 absque
1247 3146 1370 3205 ullo
1399 3147 1665 3226 scrupulo
1704 3165 1790 3206 eos
1830 3166 1937 3209 esse
2043 3142 2429 3226 Neapolitana
2450 3142 2820 3205 Matrimonii
2833 3146 3027 3224 prima
3047 3143 3386 3225 Septembris
3411 3146 3587 3205 171t.

381 3241 745 3321 baptizandos
765 3260 787 3307 ‚-
824 3238 909 3300 sic
945 3238 1009 3298 in
1033 3238 1275 3300 Canone
1297 3258 1424 3300 cum
1448 3242 1641 3319 itaque
1667 3238 1781 3301 ibi:
1808 3257 1936 3301 cum

380 3337 572 3413 itaque
590 3330 877 3413 Baptismi
902 3333 997 3391 sui
1017 3332 1168 3391 nihil
1196 3333 1518 3393 recordetur
1536 3377 1555 3406 ,
1586 3335 1689 3413 qui
1712 3353 1932 3412 reqene·

380 3428 621 3488 rationis
647 3435 724 3485 est
752 3425 989 3505 cupidus
1005 3471 1021 3494 ,
1046 3443 1144 3484 nec
1165 3426 1314 3486 alter
1333 3428 1595 3486 attestari
1620 3427 1686 3487 de
1724 3446 1785 3486 eo
1809 3446 1933 3506 pos-

380 3523 487 3591 sit,
514 3521 616 3598 qui
636 3521 779 3580 sciat
796 3527 1174 3578 consecratum
1192 3565 1208 3588 ‚
1234 3537 1333 3578 nec
1350 3520 1451 3578 ille
1475 3564 1492 3592 ,
1517 3522 1620 3598 qui
1644 3538 1932 3581 consecra-

380 3623 481 3674 tur
501 3622 604 3673 etc.
635 3614 902 3692 quoniam
937 3630 1051 3670 non
1077 3621 1251 3690 potest
1282 3614 1347 3671 iu
1372 3615 1697 3674 iterationis
1720 3616 1934 3676 crimen

377 3709 566 3769 venire
585 3751 604 3780 ,
648 3707 796 3785 quod
817 3707 1045 3765 omnino
1074 3706 1290 3782 factum
1311 3725 1421 3766 esse
1447 3712 1724 3778 nescitur,
1766 3718 1934 3787 atque

379 3802 500 3861 ideo
522 3801 734 3880 quoties
756 3817 999 3879 persona
1026 3799 1159 3859 talis
1184 3800 1457 3859 inciderit
1482 3847 1498 3870 ‚
1533 3803 1782 3862 sollicita
1803 3805 1931 3882 pri-

380 3912 537 3954 mum
577 3893 1001 3953 examinatione
1047 3892 1306 3952 discutite
1331 3939 1349 3963 ‚
1382 3902 1434 3952 et
1462 3895 1624 3973 lonqo
1655 3903 1893 3974 tempore
1913 3944 1929 3967 ‚

377 3988 495 4047 iusi
538 3987 681 4065 forte
727 4003 1022 4064 supremus
1065 3985 1198 4065 finis
1249 3986 1543 4047 immineat
1563 4032 1581 4060 ,
1614 3988 1880 4067 indaqate
1913 4037 1928 4060 ,

376 4090 574 4142 utrum
593 4098 752 4139 nemo
772 4080 995 4157 penitus
1021 4080 1119 4148 sit,
1145 4081 1247 4157 qui
1270 4082 1583 4141 testimonio
1605 4101 1706 4142 suo
1724 4085 1930 4160 juvare
1956 4074 1960 4078 ’

373 4176 551 4254 possit
570 4173 961 4252 iqnorantiam
997 4174 1290 4233 nescientis
1312 4221 1329 4244 ,
1361 4184 1413 4233 et
1455 4195 1584 4235 cum
1619 4181 1929 4238 constiterit

378 4269 527 4327 hunc
553 4314 569 4336 ,
593 4267 694 4345 qui
715 4264 1092 4344 Baptismatis
1125 4267 1339 4346 indiqet
1362 4267 1732 4330 Sacramento
1755 4317 1772 4341 ,
1807 4274 1929 4332 sota

377 4362 630 4423 inaniter
652 4361 966 4439 suspicione
993 4361 1276 4438 prohiberi
1300 4408 1316 4432 ,
1346 4363 1588 4423 >accedat
1614 4365 1929 4444 intrepidus

379 4456 457 4516 ad
490 4453 931 4532 consequendam
977 4455 1227 4531 qratiam
1255 4499 1273 4527 ,
1319 4456 1482 4533 cujus
1527 4459 1592 4517 in
1617 4477 1671 4517 se
1692 4461 1928 4520 'nullum

378 4551 484 4610 scit
508 4567 621 4609 esse
641 4548 936 4625 cestiqium
951 4590 970 4620 ,
1007 4566 1106 4607 nec
1131 4566 1423 4608 vereamur
1457 4550 1589 4612 huic
1614 4552 1821 4613 salutis
1836 4554 1930 4630 ja-

376 4661 555 4704 nuam
586 4642 807 4720 aperire
830 4687 848 4711 ‚
890 4660 1062 4719 quam
1092 4661 1403 4721 numquam
1431 4655 1563 4705 ante
1588 4646 1814 4707 docetur
1834 4649 1927 4707 in-

369 4755 587 4817 qressus
607 4777 625 4795 .
655 4734 753 4795 Sic
779 4734 1042 4814 denique
1065 4733 1286 4815 legitur
1304 4739 1370 4796 in
1397 4735 1627 4800 Canone
1648 4742 1701 4800 si
1720 4743 1888 4804 nulla
1903 4789 1921 4813 ,

378 4831 468 4892 ibi
492 4850 508 4890 ε
537 4831 588 4889 si
612 4830 780 4890 nulla
796 4837 995 4888 a‘ctant
1024 4829 1243 4889 indicia
1268 4832 1417 4891 inter
1437 4834 1799 4913 propinquos,
1820 4846 1926 4897 aut

376 4924 694 5002 familiares
716 4965 733 4993 ,
753 4920 923 4980 nulla
944 4922 1092 4980 inter
1113 4919 1378 4991 Clericus,
1409 4934 1513 4983 aut
1539 4928 1769 5000 vicinos,
1794 4932 1924 5006 qui-

381 5018 482 5077 bus
511 5016 574 5074 hi
591 5061 610 5085 ,
630 5015 697 5074 de
720 5013 924 5092 quibus
959 5015 1289 5090 quaeritur,
1316 5017 1594 5095 baptizati
1633 5020 1801 5098 fuisse
1840 5025 1927 5082 vi-

377 5111 622 5171 deantur
649 5155 668 5180 ,
709 5107 986 5186 aqcndum
1005 5117 1083 5167 est
1109 5152 1126 5180 ,
1171 5119 1236 5167 ut
1268 5122 1641 5172 renascantur
1660 5158 1677 5185 ,
1709 5133 1778 5174 ne
1801 5135 1924 5178 ma·

378 5205 576 5282 nifeste
591 5211 824 5284 pereant
850 5248 866 5271 ,
909 5203 974 5261 in
1003 5203 1206 5280 quibus
1234 5247 1250 5276 ,
1295 5205 1442 5282 quod
1463 5224 1577 5264 non
1613 5211 1927 5271 ostenditur

370 5308 584 5380 qestum
606 5344 621 5367 ,
645 5297 798 5357 ratio
818 5315 931 5357 non
949 5299 1119 5368 sinit,
1144 5305 1211 5356 ut
1238 5299 1494 5358 videatur
1512 5301 1802 5361 iteratum.

2048 3237 2118 3298 in
2151 3257 2274 3318 qua
2313 3255 2668 3317 responsum
2708 3236 2823 3297 fuit
2864 3237 3280 3318 baptizandam
3309 3255 3435 3299 esse
3476 3237 3593 3298 suh

2044 3330 2389 3394 conditione
2412 3376 2429 3404 ,
2480 3337 2541 3392 et
2588 3337 2812 3393 secreto
2838 3377 2854 3403 ,
2903 3338 3227 3411 antequam
3275 3329 3591 3392 Matrimo-

2040 3424 2211 3485 nium
2251 3423 2669 3497 contraheret,
2712 3424 3017 3504 quandam
3069 3425 3363 3506 virginem
3408 3443 3594 3486 anno-

2038 3539 2176 3581 rum
2224 3518 2462 3581 circiter
2510 3524 2605 3580 30.
2643 3538 2800 3600 quae
2832 3519 3069 3581 cuidam
3109 3519 3350 3581 Mulieri
3391 3518 3592 3580 fuerat

2043 3612 2400 3693 consignata
2424 3655 2442 3686 ,
2491 3611 2636 3672 dum
2668 3620 2797 3673 erat
2826 3610 2889 3672 in
2926 3620 3119 3674 aetate
3161 3631 3266 3674 sex
3309 3611 3543 3673 dierum
3567 3655 3587 3686 ,

2039 3707 2271 3787 absque
2290 3705 2416 3767 ullo
2432 3707 2788 3768 documento
2804 3705 3007 3767 collati
3029 3706 3430 3788 Baptismatis,
3450 3704 3591 3768 licet

2038 3800 2264 3862 Mulier
2294 3800 2595 3882 praedicta
2619 3799 2889 3861 formiter
2913 3799 3277 3882 interrogata
3303 3799 3590 3861 asseruis-

2036 3901 2127 3955 set
2148 3913 2262 3967 ,se
2304 3893 2547 3955 credere
2572 3911 2703 3954 eam
2727 3892 2912 3954 fuisse
2940 3892 3297 3974 baptizatam
3314 3938 3331 3967 ,
3356 3912 3495 3955 cum
3511 3892 3591 3956 ad

2038 4007 2177 4049 suas
2208 4006 2423 4049 manus
2462 3986 2659 4049 delata
2686 3995 2772 4048 est
2794 4030 2811 4047 .

2154 4079 2278 4142 Alii
2309 4087 2516 4142 contra
2543 4087 2816 4152 censent,
2850 4081 3112 4141 Puerum
3137 4080 3299 4143 inter
3330 4078 3591 4143 Catholi-

2037 4194 2142 4237 cos
2164 4182 2400 4248 natum,
2429 4172 2570 4235 licet
2596 4173 2932 4254 expositum
2956 4174 3318 4236 censendum
3340 4193 3467 4236 esse
3487 4175 3590 4238 ha-

2041 4270 2366 4350 ptizatum,
2397 4288 2504 4330 nec
2535 4288 2662 4330 esse
2689 4268 2804 4329 sub
2838 4268 3180 4330 conditione
3209 4267 3586 4348 rebaptizan-

2035 4364 2180 4426 dum
2207 4410 2224 4438 ,
2271 4362 2389 4424 nisi
2424 4362 2579 4424 forte
2604 4370 3033 4424 concurrerent
3071 4361 3312 4443 aliquae
3337 4362 3586 4424 circum-

2030 4457 2286 4520 stantiae
2309 4506 2326 4528 ,
2356 4471 2514 4536 quae
2534 4456 2932 4536 suspicionem
2955 4457 3336 4537 ingererent,
3358 4464 3503 4537 puta
3530 4455 3583 4517 si

2032 4550 2096 4611 in
2129 4551 2261 4612 loco
2287 4557 2489 4612 essent
2519 4548 2819 4623 Infideles,
2850 4557 2958 4611 aut
2982 4548 3408 4629 Anabaptistae
3428 4595 3445 4623 ,
3475 4547 3585 4630 qui

2032 4644 2190 4706 filios
2215 4665 2355 4707 suos
2390 4664 2509 4706 non
2550 4643 2856 4725 baptizant
2877 4643 3176 4722 Euriquez
3208 4644 3307 4703 tib.
3345 4648 3406 4703 2.·
3452 4662 3578 4723 cap.

2034 4745 2130 4801 31.
2161 4759 2321 4800 num.
2358 4743 2413 4800 1.
2442 4738 2563 4799 Alii
2593 4744 2806 4818 putant
2831 4737 2947 4798 hoc
2980 4736 3206 4798 dictum
3231 4755 3352 4798 non
3384 4734 3583 4797 subsi-

2029 4843 2207 4907 stere,
2238 4832 2389 4913 quia
2420 4830 2708 4893 Mulieres
2728 4830 2912 4892 etiam
2938 4828 3277 4892 Catholicae
3295 4829 3369 4892 ad
3390 4828 3583 4906 scelus

2032 4929 2396 5008 tegendum,
2438 4932 2679 5006 partum
2723 4924 2954 4986 occulte
3000 4924 3321 4984 effundunt
3363 4942 3582 5004 parum

2029 5021 2320 5083 sollicitae
2341 5019 2416 5081 de
2439 5017 2742 5100 spirituali
2766 5017 2961 5080 salute
2981 5018 3261 5091 Infantis,
3283 5018 3385 5080 sed
3407 5018 3579 5080 susti-

2026 5124 2170 5177 nent
2192 5162 2210 5188 ,
2240 5134 2362 5176 non
2393 5133 2518 5176 esse
2552 5113 2749 5174 locum
2780 5112 3083 5193 Baptismo
3104 5157 3121 5185 ,
3152 5112 3430 5192 quamvis
3462 5113 3578 5175 sub

2031 5209 2375 5271 conditione
2400 5254 2416 5280 ,
2440 5207 2489 5268 si
2520 5206 2727 5268 Infans
2769 5206 3112 5285 reperiatur
3134 5225 3271 5266 cum
3294 5205 3579 5269 schedula

2030 5311 2175 5366 teste
2220 5302 2508 5385 Baptismi
2548 5300 2792 5362 Tanner.
2842 5303 2907 5360 in
2961 5305 3019 5361 3.
3050 5309 3206 5381 part.
3247 5301 3458 5380 disput.
3509 5305 3570 5362 et..

503 5392 575 5451 In
610 5389 1022 5452 Decretalibus
1066 5401 1267 5453 autem
1317 5392 1601 5455 Summus
1647 5396 1923 5460 Pontifex
2029 5407 2243 5477 quaest.
2284 5403 2344 5457 2.
2397 5398 2529 5457 dub.
2571 5399 2630 5457 t.
2675 5414 2834 5454 num.
2889 5398 3024 5455 113.
3071 5392 3268 5455 Diana
3297 5395 3362 5453 in
3407 5394 3569 5456 Edit.

384 5482 774 5547 Innocentius
801 5483 1039 5547 Tertius
1058 5487 1124 5546 in
1153 5483 1296 5568 Cap.
1339 5486 1571 5549 Veniens
1589 5489 1654 5550 de
1679 5489 1921 5572 Presby-

2032 5490 2237 5554 Coord.
2264 5500 2409 5553 tomo
2432 5496 2490 5551 5.
2525 5500 2692 5555 tract.
2719 5493 2778 5550 5.
2804 5489 3036 5550 resolut.
3062 5489 3160 5548 42.
3195 5485 3299 5549 uhi
3329 5486 3444 5562 ait,
3476 5489 3573 5552 ba-
