4393 6299
762 621 1172 682 Illustrissimis
1200 618 1472 682 Patribus
1499 639 1612 680 non
1637 619 1899 700 eoepedire
1922 667 1938 690 ,
1964 630 2030 680 ut
2060 619 2307 700 Capitu-

1943 465 2398 535 ¹Qtuns‘rtonns
2437 467 2794 521 enomere

2418 618 3029 683 chiconfraternitatis
3067 618 3392 682 Sacrorum
3430 617 3792 701 stigmatum
3818 617 3972 682 Pro·

765 718 884 778 lum
903 717 1101 777 habeat
1130 716 1448 793 hujusmodi
1484 715 1814 793 facultatem
1834 761 1851 782 ,
1887 734 2031 793 quae
2074 716 2128 774 ei
2167 715 2310 791 sorte
2417 723 2695 776 tectorem
2726 762 2745 786 ,
2776 715 2880 793 qui
2912 713 3143 775 censuit
3170 732 3301 776 eam
3322 732 3450 775 esse
3478 713 3890 795 rejiciendam.

763 812 1019 890 competit
1036 811 1218 887 juxta
1260 813 1575 889 praviorem
1605 810 1904 868 Doctorum
1948 811 2266 887 opinionem
2291 855 2308 882 ‚

760 906 885 966 ideo
910 914 1211 984 antequam
1251 906 1482 985 aliquid
1511 907 1844 966 decernatur
1880 905 2159 982 aqendum
2204 925 2313 966 esse

760 1018 889 1059 cum
915 996 1285 1058 Sanctissimo
1302 1041 1319 1058 .

882 1091 996 1153 His
1022 1091 1230 1172 positis
1255 1138 1273 1163 ,
1306 1090 1662 1172 quaeritur;

879 1185 930 1246 1.
956 1185 1051 1246 An
1081 1185 1340 1247 Vicarius
1364 1184 1722 1265 Capitularis
1748 1183 2097 1246 Scardonen.
2131 1188 2313 1266 [acere

760 1281 931 1359 possit
954 1281 1332 1339 visitationem
1358 1278 1627 1340 Civitatis
1652 1324 1669 1351 ,
1702 1290 1752 1338 et
1781 1278 2055 1340 Dioecesis
2071 1323 2088 1340 .

877 1371 959 1432 11.
992 1373 1087 1432 An
1108 1374 1288 1450 [acere
1325 1377 1496 1454 possit
1540 1376 1920 1435 visitationem
1961 1376 2311 1455 personalem

766 1465 1198 1548 Capitularium
1227 1470 1290 1529 in
1315 1489 1451 1530 casu
1474 1479 1578 1529 etc.

868 1658 1022 1710 Sacra
1048 1658 1248 1726 congr.
1278 1658 1594 1727 respondite

866 1742 964 1798 Ad
979 1744 1216 1812 primum
1233 1784 1248 1809 ,
1277 1758 1328 1798 et
1348 1746 1643 1799 secundum
1670 1742 2040 1814 affirmative,
2070 1745 2293 1799 damma

759 1830 829 1882 do
858 1832 1072 1901 elapsus
1091 1832 1168 1884 sit
1191 1850 1368 1885 annus
1393 1852 1428 1885 a
1465 1832 1555 1886 die
1589 1833 1820 1886 ultimae
1853 1830 2317 1899 Vistcationissa-

759 1930 881 1972 ctae
916 1919 986 1972 ab
1034 1918 1333 1975 Ordinatio
1349 1959 1361 1971 .

1171 2127 1532 2203 QUAES‘rto
1572 2128 1901 2192 ccxxtx.

997 2375 1069 2437 In
1099 2374 1289 2440 Causa
1316 2378 1576 2441 Romana
1598 2377 1831 2457 Leqati',
1860 2380 1950 2440 die
1980 2382 2075 2441 13.

1263 2483 1602 2566 Septembris
1635 2491 1811 2548 1721.

763 2638 1102 2760 Antonius
1136 2698 1331 2762 Maria
1380 2697 1717 2760 Lanciauus
1755 2701 1845 2761 die
1891 2706 1989 2761 26.
2028 2699 2316 2763 Januarii

763 2810 917 2852 anno
958 2796 1133 2853 1715.
1166 2793 1485 2854 haeredem
1522 2793 1636 2854 sibi
1683 2794 1923 2874 scripsit
1961 2795 2311 2876 Philippum

763 2884 1119 2959 Maruffum,
1147 2895 1206 2946 et
1230 2885 1387 2945 inter
1417 2895 1647 2947 caetera
1679 2886 1970 2965 disposuit
1998 2908 2097 2968 per
2129 2890 2168 2948 Γ
2188 2892 2313 2951 ani·

762 2996 860 3038 ma
878 2978 1029 3050 mia,
1058 2998 1085 3038 e
1108 2980 1427 3038 remissione
1455 2980 1537 3038 de'
1559 2981 1689 3039 miei
1709 2983 1920 3059 peccati
1943 3027 1962 3052 ,
1990 2984 2171 3060 voqlio
2195 3027 2213 3056 ,
2261 2994 2314 3044 et

761 3072 996 3146 ordino,
1024 3073 1121 3133 che
1145 3074 1299 3134 nella
1333 3074 1484 3133 detta
1515 3072 1739 3145 Chiesa,
1770 3093 1966 3135 sermo
1985 3083 2073 3137 est
2092 3077 2169 3139 de
2198 3079 2311 3139 Ec-

763 3165 943 3230 clesia
982 3167 1303 3240 Sacro-rum
1343 3168 1739 3247 stigmatum,
1772 3172 1824 3229 si
1864 3172 2135 3231 celebrino
2180 3176 2314 3252 eqni

762 3281 944 3333 anno,
978 3281 1080 3323 con
1101 3264 1124 3320 i
1146 3263 1320 3337 [rutti
1341 3262 1403 3320 di
1431 3264 1573 3323 dicei
1602 3265 1793 3341 luoqhi
1816 3264 1878 3323 di
1902 3265 2102 3326 Monte
2129 3314 2145 3336 ,
2198 3269 2315 3328 cioe

761 3357 962 3435 cinque
1005 3357 1068 3415 di
1106 3354 1176 3415 S.
1212 3354 1405 3417 Pietro
1453 3357 1684 3418 secanda
1719 3359 2001 3428 erezione‚
2040 3380 2068 3420 e
2113 3362 2313 3439 cinque

761 3447 1054 3510 Restorato
1078 3459 1236 3510 terza
1265 3452 1513 3510 erezione
1531 3495 1548 3523 ,
1581 3461 1733 3512 tante
1761 3450 1944 3513 Messe
1965 3499 1981 3522 ,
2008 3464 2216 3531 quante
2253 3458 2312 3514 vi

765 3552 1102 3604 enti-cronno
1134 3563 1173 3603 a
1199 3546 1430 3622 raqione
1461 3546 1516 3603 d'
1533 3565 1616 3604 un
1636 3547 1817 3624 qiulio
1843 3547 1882 3605 ζ’
1902 3567 2042 3619 una,
2081 3550 2315 3610 detratti

765 3638 927 3697 nudi
953 3647 1036 3697 tre
1060 3638 1264 3697 l'anno
1283 3657 1386 3716 per
1411 3641 1467 3698 la
1490 3637 1775 3699 Sacristia
1800 3640 1950 3700 della
1975 3642 2126 3704 detta
2154 3642 2316 3704 Chie-

767 3750 834 3792 sa
859 3777 875 3801 ,
899 3750 1000 3811 per
1025 3733 1050 3790 i
1070 3734 1392 3811 paramenti
1415 3777 1432 3806 ,
1464 3734 1530 3793 ed
1553 3735 1697 3794 altri
1715 3737 1950 3795 utensili
1974 3756 2076 3816 per
2104 3740 2151 3798 le
2172 3739 2345 3799 dette1

763 3823 972 3894 Messe,
995 3844 1022 3884 e
1046 3825 1094 3884 le
1115 3826 1275 3884 solite
1299 3829 1536 3898 maneie,
1563 3829 1929 3888 incaricando
1947 3833 2009 3891 al
2029 3834 2141 3890 mio
2161 3834 2314 3894 erede

764 3918 830 3978 di
851 3918 950 3996 far
976 3920 1189 3980 voltare
1215 3919 1354 3979 detti
1376 3922 1568 3999 luoqhi
1588 3923 1848 3983 dimonte
1868 3927 1933 3991 in
1964 3925 2145 4001 [acciu
2165 3928 2315 3989 della

765 4014 885 4074 mia
918 4014 1130 4073 eredita
1149 4032 1252 4073 con
1280 4015 1326 4073 il
1353 4014 1502 4074 detto
1528 4033 1653 4094 peso
1678 4062 1695 4086 ‚
1734 4034 1762 4075 e
1809 4018 1958 4078 colla
1983 4021 2200 4081 riseri-a
2227 4021 2317 4082 dei

765 4108 939 4187 frutti
964 4126 1002 4168 a
1026 4127 1127 4167 suo
1152 4107 1341 4185 favore
1357 4154 1373 4178 ,
1399 4127 1499 4188 per
1527 4111 1776 4188 eroqarli
1804 4128 1950 4171 come
1970 4131 2137 4192 sopra
2154 4156 2170 4172 .

887 4202 994 4262 Die
1019 4206 1121 4262 23.
1156 4204 1360 4263 mensis
1389 4201 1701 4263 Decembris
1738 4204 1978 4282 ejusdem
2006 4208 2150 4266 anni
2191 4208 2316 4269 An-

767 4295 971 4358 tonius
1000 4294 1193 4357 Maria
1225 4303 1343 4357 tres
1371 4315 1446 4358 ex
1476 4294 1650 4357 dictis
1673 4296 1817 4358 locis
1843 4298 2140 4360 Montium
2164 4302 2313 4362 San·

768 4387 850 4452 cti
872 4387 1031 4450 Petri
1051 4386 1397 4469 resignavit,
1421 4395 1479 4449 et
1499 4388 1587 4448 die
1606 4392 1665 4449 2.
1680 4387 1963 4450 Januarii
1980 4393 2124 4452 anni
2138 4397 2310 4454 1716.

769 4481 1044 4563 deposuit
1063 4481 1128 4542 in
1149 4482 1330 4543 Sacro
1348 4480 1554 4544 Monte
1571 4481 1816 4543 Pietatis
1832 4491 1996 4545 scuta
2019 4489 2154 4546 357.
2187 4505 2316 4566 pro-

768 4577 1074 4640 venientia
1094 4595 1167 4637 ex
1195 4575 1392 4657 pretio·
1419 4575 1691 4638 locorum
1715 4577 2015 4638 Montium
2036 4578 2321 4641 alienato·

771 4690 909 4732 rum
934 4715 951 4743 ‚
981 4681 1033 4731 et
1054 4670 1142 4730 die
1163 4674 1262 4730 23.
1299 4670 1541 4748 ejusdem
1572 4672 1797 4742 mensis,
1831 4681 1884 4731 et
1914 4674 2080 4747 anni,
2111 4692 2185 4735 ex
2209 4673 2321 4737 hac

775 4765 901 4827 vita
933 4763 1212 4824 decessit.

888 4856 1103 4919 Secuto
1138 4855 1459 4917 Testatoris
1491 4856 1662 4919 obitu
1687 4902 1705 4930 ‚
1752 4857 1880 4920 sola
1906 4868 2127 4939 septem
2165 4860 2316 4923 Loca

775 4952 1077 5014 Montium
1099 4950 1161 5011 in
1187 4951 1315 5031 ejus
1337 4949 1704 5012 haereditate
1723 4961 1956 5033 reperta
1975 4963 2138 5026 sunt;
2162 4975 2323 5016 cum-

771 5065 893 5128 que
918 5044 1234 5125 Philippus
1264 5045 1555 5105 Maruffus
1579 5044 1790 5108 haeres
1832 5048 2149 5109 contendat
2174 5050 2316 5110 Mis-

773 5159 870 5203 sas
906 5157 1031 5200 esse
1052 5136 1442 5199 celebrandas
1464 5156 1537 5197 ex
1566 5136 1864 5201 fructibus
1893 5140 2191 5202 dictorum
2223 5161 2314 5204 se-

772 5242 935 5315 ptem
961 5231 1233 5293 locorum
1256 5229 1557 5292 Montium
1578 5276 1595 5304 ‚
1631 5250 1741 5293 uec
1763 5251 1827 5293 se
1854 5233 1928 5294 ad
1960 5232 2146 5295 ullam
2175 5252 2317 5315 sup-

774 5327 1099 5409 pletionem
1138 5327 1325 5387 teneri
1352 5370 1369 5398 ,
1421 5323 1540 5387 fuit
1565 5326 1695 5407 ejus
1722 5325 2007 5390 instantia
2046 5327 2122 5389 de
2154 5348 2322 5391 more

774 5421 1021 5486 remissa
1065 5418 1142 5483 ad
1186 5418 1741 5482 Eminentissimum
1784 5419 2166 5484 cardinalem
2201 5423 2318 5485 Ar-

2538 810 2727 870 Porro
2755 808 3092 869 nonnnulla
3137 816 3309 882 sunt,
3342 828 3499 887 quae
3525 809 3783 870 suadent
3827 808 3974 870 Phi-

2421 902 2656 983 lippum
2682 923 2809 965 esse
2849 902 3185 985 obligatum
3235 902 3312 965 ad
3357 901 3766 982 supplendum
3791 948 3809 975 ,
3866 921 3976 964 nec

2421 1017 2559 1059 eum
2582 998 2862 1079 propriae
2886 997 3228 1060 satisfacere
3249 996 3606 1079 obligationi
3638 1043 3654 1069 ,
3681 997 3729 1058 si
3763 998 3975 1059 Missas

2421 1091 2727 1155 celebrare
2747 1092 2922 1155 faciat
2945 1113 3018 1154 ex
3042 1091 3340 1154 fructibus
3362 1101 3588 1171 septem
3612 1100 3976 1154 tantummo-

2422 1186 2499 1247 do
2527 1186 2796 1249 locorum
2838 1187 3163 1250 Montium:
3201 1197 3261 1249 et
3287 1187 3487 1268 primo
3509 1186 3754 1267 quidem
3779 1233 3797 1258 ,
3827 1187 3978 1267 quia

2423 1278 2562 1342 licet
2586 1300 2663 1342 ex
2708 1280 3073 1342 alienatione
3100 1281 3446 1343 voluntaria
3495 1281 3580 1341 rei
3632 1279 3865 1361 legatae
3894 1280 3976 1342 ad

2423 1373 2824 1436 differentiam
2853 1373 3237 1436 alienationis
3262 1374 3627 1436 necessariae
3653 1418 3670 1445 ,
3710 1373 3974 1453 legatum

2422 1467 2845 1549 extinguatur,
2884 1477 2989 1530 aut
3021 1469 3331 1529 minuatur
3357 1512 3374 1540 ,
3413 1469 3591 1549 juxta
3640 1466 3883 1527 Textum
3906 1469 3976 1526 in

2425 1561 2464 1620 1.
2491 1579 2609 1620 rem
2645 1562 2883 1639 leqatam
2908 1607 2925 1635 ,
2951 1573 3000 1622 et
3030 1564 3095 1621 in
3138 1562 3178 1621 l.
3219 1560 3492 1639 legatum
3520 1559 3585 1641 ὃ.
3623 1558 3800 1620 Pater
3819 1558 3881 1640 ff.
3909 1560 3978 1621 de

2421 1655 2733 1715 adimendis
2758 1654 3004 1734 Leqatis,
3033 1656 3191 1718 dicta
3215 1664 3415 1718 tamen
3449 1654 3656 1737 regula
3684 1674 3803 1715 non
3834 1673 3978 1735 pro-

2421 1748 2579 1810 cedit
2625 1748 2687 1809 in
2739 1750 2977 1829 Legatis
3030 1749 3183 1830 pits,
3231 1750 3333 1812 sed
3381 1758 3618 1811 tantum
3663 1747 3726 1809 in
3763 1747 3978 1855 legatis

2423 1839 2725 1919 profaniS,
2755 1862 2892 1904 cum
2934 1843 2998 1903 in
3027 1842 3234 1924 legatis
3265 1842 3411 1923 piis,
3459 1851 3703 1922 propter
3735 1841 3978 1904 animae

2422 1933 2733 2011 favorem,
2762 1957 2837 1999 ex
2856 1936 3221 1999 alienatione
3252 1937 3340 1999 rei
3369 1938 3601 2020 legatae
3630 1957 3739 1998 nec
3765 1937 3972 1999 extin-

2419 2038 2684 2110 guntur,
2733 2051 2843 2093 nec
2870 2021 3183 2093 minuatur
3211 2015 3519 2113 legatum,
3560 2031 3763 2093 Jason.
3810 2034 3874 2091 in
3925 2034 3969 2092 1.

2423 2143 2521 2202 qui
2541 2135 2661 2204 post
2695 2123 3104 2186 Testamentum
3136 2128 3319 2187 colum
3370 2131 3428 2188 3.
3486 2124 3554 2187 C.
3604 2127 3670 2186 de
3701 2125 3972 2205 Leqatis,

2431 2215 2742 2296 Tiraquell.
2775 2219 2841 2279 de
2869 2221 3185 2298 privileqiis
3231 2240 3432 2281 causae
3475 2222 3602 2300 piae
3633 2223 3832 2300 privil.
3868 2225 3969 2282 41.

2427 2308 2679 2372 Genuen.
2712 2325 2894 2392 praet.
2928 2313 3143 2375 Eccles.
3171 2327 3385 2393 quaest.
3417 2320 3556 2376 267.
3589 2315 3877 2377 Amostaz.
3908 2317 3977 2377 de

2423 2408 2607 2466 causis
2633 2408 2746 2486 piis
2771 2408 2868 2466 lib.
2901 2411 3085 2486 primo
3111 2428 3249 2486 cap..
3272 2413 3368 2469 13.
3399 2429 3558 2468 num.
3585 2412 3683 2469 41.
3712 2407 3979 2488 Pasqua-

2426 2500 2526 2578 liq.
2564 2500 2630 2560 de
2653 2498 2951 2581 Sacrificio
2978 2521 3147 2562 novae
3177 2502 3310 2581 lepis
3333 2512 3549 2581 quaest.
3587 2507 3722 2565 110.
3750 2522 3857 2583 per
3884 2513 3971 2564 to-

2426 2604 2575 2655 tam.

2538 2687 2812 2750 Secundo
2838 2689 2983 2769 quia
3010 2696 3310 2770 quatenus
3335 2689 3776 2764 admitteretur,
3801 2692 3967 2772 quod

2424 2781 2686 2864 legatum
2717 2781 2898 2845 etiam
2932 2783 3097 2863 pium
3148 2782 3649 2890 extingueretur,
3707 2794 3815 2847 aut
3860 2786 3977 2847 mi-

2422 2885 2711 2938 nueretur
2736 2896 2812 2938 ex
2845 2875 3214 2940 alienatione
3246 2877 3329 2938 rei
3353 2876 3619 2957 legatae,
3655 2878 3716 2940 id
3746 2879 3971 2941 nihilo-

2422 2970 2622 3032 miuus
2654 2990 2773 3032 non
2808 2979 2961 3032 esset
3002 2970 3275 3050 aptabile
3304 2971 3577 3032 terminis
3605 2972 3864 3047 nostris,
3904 2974 3972 3035 in

2423 3065 2928 3145 quibusTestator
2948 3064 3221 3126 vendidit
3236 3065 3479 3145 quidem
3501 3064 3629 3128 loca
3650 3067 3971 3143 montium,

2420 3160 2521 3220 sed
2554 3160 2813 3242 pretium
2833 3159 3154 3240 deposuit
3138 3180 3199 3221 tn
3236 3162 3445 3223 Monte
3475 3161 3749 3224 Pietatis.
3775 3164 3973 3244 Depo·

2419 3252 2601 3313 situm
2631 3251 2745 3314 hoc
2778 3252 2999 3314 etenim
3043 3253 3218 3333 pretii
3248 3254 3510 3317 ostendit
3549 3273 3687 3317 eum
3716 3275 3753 3318 a
3782 3256 3974 3336 priori

2421 3346 2730 3409 voluntate
2754 3366 2873 3408 non
2899 3347 3246 3421 recessisse,
3279 3357 3338 3410 et
3367 3352 3451 3410 sic
3482 3356 3697 3420 totum,
3727 3361 3786 3412 et
3808 3351 3970 3413 inte-

2416 3460 2592 3520 grum
2615 3441 2875 3521 legatum
2902 3440 3131 3515 deberi,
3161 3442 3299 3504 licet
3324 3442 3530 3523 aliqua
3557 3442 3749 3523 portio
3779 3444 3963 3525 legati

2418 3532 2901 3606 fueritalienata,
2933 3535 3018 3596 uti
3053 3536 3269 3615 prohat
3302 3545 3544 3616 apertus
3572 3536 3780 3599 Teoetus
3821 3540 3888 3598 in
3919 3541 3964 3600 1.

2417 3630 2836 3709 fideicommissa
2876 3629 2941 3711 §-
2985 3633 3037 3689 si
3077 3630 3216 3690 Rem
3253 3651 3414 3691 suam
3437 3630 3500 3712 ff.
3543 3633 3607 3691 de
3635 3631 3861 3711 Leqatis
3904 3638 3965 3694 3.

2421 3721 2531 3783 ibi:
2566 3743 2692 3783 cum
2715 3734 2901 3783 tamen
2923 3724 3145 3802 quidem
3166 3744 3364 3784 nomen
3390 3727 3653 3786 debitoris
3677 3730 3968 3807 exeqisset,

2421 3826 2473 3875 et
2497 3836 2602 3896 pro
2630 3817 2873 3895 deposito
2893 3819 3189 3895 pecuniam
3224 3818 3536 3886 habuisset:
3570 3824 3775 3898 putavi
3812 3821 3976 3901 fidei-

2421 3912 2696 3970 commissi
2720 3912 3046 3990 petitionem
3065 3930 3366 3992 superesse:
3381 3920 3441 3973 et
3458 3910 3521 3971 in
3545 3923 3790 3992 puncto,
3810 3914 3976 3995 quod

2430 4022 2505 4064 ex
2528 4002 2914 4065 distractione
2941 4004 3174 4065 reditus
3198 4023 3378 4084 super
3399 4006 3705 4068 communi
3734 4007 3979 4070 Floren-

2425 4096 2543 4158 tiae
2595 4116 2716 4158 nou
2757 4105 3069 4159 censeatur
3115 4106 3456 4159 revocatum
3505 4097 3766 4182 legatum
3816 4101 3976 4164 Filio

2427 4190 2699 4252 relictum
2718 4237 2736 4263 ,
2763 4211 2839 4253 ex
2873 4210 2997 4271 quo
3027 4192 3202 4253 Pater
3229 4192 3490 4272 pretium
3521 4193 3877 4274 deposuerat
3907 4197 3974 4259 in

2424 4288 2654 4358 Banco,
2683 4285 2888 4347 firmat
2915 4285 3248 4357 Alexander
3272 4288 3472 4347 consil.
3510 4292 3644 4350 156.
3680 4291 3824 4350 libro
3852 4297 3913 4352 7.

2542 4377 2676 4440 Alia
2696 4398 2732 4440 e
2748 4387 2954 4441 contra
2986 4387 3149 4452 sunt,
3168 4397 3327 4459 quae
3350 4380 3605 4443 suadent
3624 4382 3973 4464 Philippum

2426 4493 2545 4535 non
2587 4492 2714 4535 esse
2741 4470 3076 4552 obligatum
3101 4471 3175 4532 ad
3203 4471 3614 4552 supplendum
3639 4519 3658 4548 ,
3688 4484 3750 4536 et
3774 4476 3973 4557 ipsum

2427 4565 2707 4648 propriae
2732 4565 3071 4628 satisfacere
3097 4564 3452 4647 obligationi
3480 4611 3498 4641 ,
3528 4567 3577 4629 si
3628 4567 3843 4632 Missas
3875 4590 3974 4633 ce-

2430 4660 2667 4724 lebrare
2694 4659 2965 4723 faciatex
2997 4659 3292 4721 reditibus
3310 4670 3534 4741 septem
3560 4666 3976 4728 tantummodo

2429 4757 2694 4818 locorum
2724 4754 3023 4818 Montium
3049 4799 3067 4828 ,
3098 4753 3193 4815 vel
3235 4754 3385 4835 quia
3418 4755 3595 4837 juxta
3631 4758 3925 4822 veriorem
3953 4806 3972 4835 ,

2429 4862 2489 4913 et
2517 4849 2902 4930 receptiorem
2928 4847 3295 4909 Sententiam
3321 4893 3339 4921 ,
3368 4867 3444 4909 ex
3468 4848 3835 4914 alienatione
3861 4872 3972 4915 vo·

2432 4943 2692 5005 luntaria
2717 4942 2801 5004 rei
2844 4942 3114 5024 legatae,
3141 4940 3310 5020 pium
3353 4941 3537 5003 etiam
3572 4942 3836 5024 legatum
3863 4966 3973 5011 ex-

2429 5038 2756 5120 tinguitur,
2798 5045 2905 5098 aut
2944 5034 3358 5097 imminuitur.
3389 5036 3639 5098 Mantic.
3681 5039 3747 5101 de
3788 5042 3974 5120 conje-

2424 5137 2600 5196 cturis
2617 5124 2955 5192 ultimarum
2972 5132 3327 5191 voluntatum
3353 5131 3451 5190 tib.
3483 5135 3575 5191 12.
3605 5134 3696 5193 tit.
3722 5139 3781 5194 6.
3805 5155 3966 5197 num.

2426 5235 2485 5290 5.
2519 5227 2741 5290 Menoe.
2770 5228 2835 5286 de
2856 5234 3202 5306 praesumpt.
3240 5224 3338 5284 lib.
3367 5227 3425 5285 4.
3451 5239 3796 5308 praesumpt.
3833 5234 3969 5292 167.

2426 5344 2487 5383 n.
2527 5327 2619 5383 15.
2647 5333 2699 5381 et
2718 5341 2863 5400 seqq.
2896 5318 3148 5380 Ciarlin.
3179 5329 3512 5381 controvers.
3537 5321 3743 5398 ferens.
3771 5325 3870 5385 lib.
3912 5329 3969 5386 1.

2426 5437 2551 5497 cap.
2580 5422 2678 5477 69.
2710 5436 2771 5477 n.
2805 5419 2903 5476 25.
2929 5423 2978 5474 et
3001 5432 3150 5493 seqq.
