4393 6299
914 616 996 678 11.
1019 618 1117 679 An
1138 667 1155 690 ,
1190 629 1242 680 et
1268 638 1411 699 quoe
1435 637 1612 700 poeno
1635 621 1710 680 sit
1737 620 2070 702 imponendo
2115 619 2333 703 conju-

792 715 953 791 9ibus
974 715 1040 774 in
1064 733 1198 775 casu
1219 723 1320 776 etc.

900 904 1052 955 Sacra
1076 903 1272 972 Cougr.
1301 902 1593 971 respondit:

971 989 1069 1042 Aa
1093 990 1333 1059 primum
1371 987 1740 1060 affirmative.
1778 991 1876 1046 Ad
1902 993 2199 1045 secundum
2236 1013 2345 1048 esse

786 1074 1096 1128 solvendam
1124 1076 1373 1144 aliquam
1407 1080 1802 1146 eleemosynam
1839 1075 2128 1134 Ecclesiae
2169 1085 2344 1135 Paro·

792 1164 969 1215 σΙιῐαΙί
990 1164 1199 1217 Monet}
1226 1164 1440 1219 Giberti
1462 1165 1693 1219 arbitrio
1711 1167 2155 1221 Eminentissimi
2173 1172 2342 1223 Prae·

769 1249 925 1318 ficti
947 1290 963 1315 ,
1001 1263 1054 1304 et
1089 1253 1339 1321 amplius.
1380 1254 1859 1309 Eminentissimus
1899 1255 2224 1325 Praefectus
2256 1275 2342 1311 su·

791 1337 953 1390 binde
989 1337 1253 1406 decrevit,
1289 1339 1603 1409 praeliatum
1656 1342 2055 1411 eleemosynam
2095 1361 2206 1398 esse
2238 1346 2343 1398 sol·

792 1427 1016 1479 vendam
1044 1426 1101 1478 in
1123 1428 1292 1480 scaeis
1318 1427 1524 1481 decem.

1189 1651 1548 1727 QUAEST10
1575 1651 1947 1717 CCCXXIII.

875 1882 948 1943 In
971 1882 1162 1945 Causa
1192 1881 1498 1945 Giennensi
1525 1882 1837 1947 Nullitatis
1860 1885 2264 1961 Matrimonii,

1258 1979 1347 2039 die
1376 1982 1469 2039 15.
1509 1978 1671 2057 Maji
1702 1983 1876 2041 1723.

798 2164 1222 2285 contractum
1241 2223 1359 2286 fuit
1374 2225 1465 2285 die
1488 2229 1587 2286 21.
1610 2225 1893 2288 Ianuarii
1914 2231 2089 2289 1699.
2126 2227 2340 2290 Matri-

798 2317 1070 2379 monium
1101 2317 1259 2381 inter
1286 2318 1697 2382 Marchionem
1724 2320 2038 2403 Aloysium
2064 2321 2141 2385 de
2179 2321 2347 2397 Que-

798 2429 894 2488 ro,
920 2423 982 2476 et
1002 2412 1263 2477 Mariam
1284 2413 1615 2477 Beatricem
1634 2413 1711 2476 de
1734 2414 2034 2490 Pedrolla,
2057 2423 2118 2478 et
2139 2417 2347 2479 Acun-

801 2527 880 2572 na
900 2553 920 2583 ,
952 2508 1198 2590 praevia
1224 2508 1547 2589 apostolica
1585 2508 2027 2589 dispensatione
2046 2556 2064 2585 ,
2091 2531 2230 2573 cum
2250 2530 2344 2575 es-

799 2610 932 2669 sent
959 2603 1119 2665 inter
1148 2622 1213 2666 se
1240 2603 1540 2686 conjuncti
1569 2604 1830 2666 secundo
1867 2604 2062 2688 gradu
2089 2623 2346 2670 consan-

801 2697 1114 2780 guinitatis
1138 2746 1156 2770 ,
1178 2706 1240 2760 et
1265 2707 1482 2778 quarto
1516 2697 1846 2760 affinitatis.

918 2792 1009 2851 Ab
1046 2810 1197 2853 anno
1226 2795 1400 2851 1699.
1432 2809 1624 2871 usque
1643 2790 1719 2852 ad
1742 2810 1960 2858 annum
1987 2795 2163 2854 1714.
2198 2792 2350 2856 Con·-

795 2887 970 2967 juges
1012 2884 1445 2948 convixerunt.
1520 2885 1601 2946 At
1644 2904 1782 2947 cum
1837 2905 1999 2950 anno
2045 2887 2347 2967 praedicto

802 2978 1145 3060 contigisset
1169 2976 1370 3039 obitus
1394 2975 1809 3057 Christophori
1832 3023 1849 3052 ,
1881 2979 1990 3059 qui
2020 2989 2150 3043 erat
2172 2982 2350 3044 Pater

803 3073 1092 3136 Beatricis
1112 3120 1130 3145 ,
1158 3072 1307 3136 haec
1327 3090 1391 3134 se
1416 3092 1452 3134 a
1477 3071 1627 3134 Viro
1654 3074 1993 3153 separavit,
2022 3082 2082 3136 et
2118 3095 2181 3138 se
2210 3095 2348 3139 con-

804 3167 945 3231 tulit
973 3168 1050 3230 ad
1081 3166 1479 3229 habitandum
1503 3166 1566 3226 in
1594 3166 1825 3229 Palatio
1849 3168 1944 3229 sui
1970 3170 2301 3252 Majoratus
2326 3216 2344 3245 ,

803 3270 864 3325 et
895 3281 1034 3325 cum
1067 3261 1141 3324 ad
1176 3260 1334 3321 idem
1378 3258 1681 3322 Palatium
1706 3279 1770 3321 se
1794 3260 1975 3322 etiam
2006 3262 2354 3329 contulisset

806 3357 1109 3439 Aloysius,
1136 3374 1230 3417 res
1248 3354 1333 3415 sic
1358 3353 1684 3433 composita
1702 3352 1839 3427 suit,
1863 3364 1929 3417 ut
1956 3363 2211 3437 uterque
2234 3359 2349 3419 sub

805 3453 1014 3515 eodem
1044 3458 1194 3512 tecto
1224 3456 1641 3529 permaneret,
1687 3449 1790 3510 sed
1827 3448 1893 3509 in
1938 3451 2352 3514 mansionibus

805 3545 1097 3628 separatis
1118 3589 1136 3618 ,
1168 3553 1227 3606 et
1250 3544 1408 3606 inter
1430 3562 1494 3604 se
1521 3561 1629 3605 nec
1652 3542 1874 3616 cubile,
1899 3562 2008 3605 nec
2028 3543 2348 3617 familiam,

809 3660 919 3703 nec
943 3639 1172 3703 reditus
1215 3637 1505 3700 haberent
1532 3656 1898 3699 communes.
1942 3638 2093 3701 Fere
2119 3660 2228 3721 per
2267 3659 2355 3702 se-

808 3733 1123 3817 ptennium
1170 3730 1546 3795 continuavit
1589 3732 1802 3793 modus
1844 3731 1945 3794 hic
1986 3732 2304 3798 habitandi
2331 3758 2349 3811 ;

808 3847 1070 3910 cumque
1085 3825 1344 3889 subinde
1356 3826 1470 3888 Vir
1488 3826 1563 3889 ad
1585 3824 1861 3908 proprios
1881 3826 2036 3888 lares
2057 3827 2351 3904 rediisset,

810 3932 872 3988 et
887 3922 1113 3986 exortis
1133 3920 1394 3984 dissidiis
1418 3965 1436 3993 ,
1464 3921 1792 4001 Episcopus
1817 3919 2113 3983 Giennen.
2149 3932 2354 3986 extra-

806 4017 1175 4103 judicialiter
1200 4034 1378 4097 agere
1397 4014 1683 4095 coepisset
1708 4059 1726 4087 ,
1753 4022 1822 4076 ut
1849 4014 2092 4077 Beati-ix
2112 4017 2355 4079 accede-

811 4121 904 4176 ret
924 4112 1002 4175 ad
1021 4108 1490 4173 cohabitandum
1509 4126 1645 4169 cum
1665 4126 1776 4169 suo
1798 4107 1970 4180 Viro,
1993 4107 2088 4170 vel
2112 4128 2355 4174 causam

811 4206 1119 4271 absentiae
1139 4203 1447 4285 allegaret,
1475 4220 1567 4265 res
1589 4221 1661 4263 eo
1683 4201 1946 4276 devenit,
1971 4212 2038 4265 ut
2059 4204 2356 4269 intentato

814 4319 852 4364 a
891 4298 1148 4361 Muliere
1186 4294 1418 4379 judicio
1464 4313 1644 4374 super
1671 4294 1950 4358 nullitate
1984 4297 2358 4363 Matrimonii

815 4414 893 4457 ex
918 4392 1111 4474 capite
1137 4397 1457 4472 perpetuae
1484 4388 1869 4468 impotentiae
1893 4389 2053 4464 Viri,
2079 4392 2361 4457 Vicat-ius

816 4486 1130 4553 Generalis
1148 4487 1564 4568 juramentum
1592 4482 1874 4546 detulerit
1903 4485 2187 4565 primum.
2209 4488 2362 4551 Uxo-

811 4583 903 4659 ri,
927 4591 987 4645 et
1008 4579 1225 4643 deinde
1243 4578 1415 4639 Viro.

934 4679 1005 4740 Iu
1033 4672 1443 4738 executionem
1486 4671 1668 4753 hujus
1693 4671 1955 4757 decreti,
2004 4674 2228 4738 Mulier
2258 4678 2364 4758 ju-

816 4773 979 4838 ravit
1006 4766 1463 4833 Matrimonium
1505 4784 1814 4846 nunquam
1862 4765 2044 4830 fuisse
2083 4787 2363 4831 consum-

820 4874 1051 4931 matum
1075 4909 1091 4937 ,
1120 4870 1182 4925 et
1212 4859 1437 4922 obtulit
1475 4858 1569 4920 sui
1597 4859 1865 4938 corporis
1892 4859 2317 4940 inspectionem
2343 4908 2362 4939 ,

819 4969 882 5022 et
922 4958 1036 5019 Vir
1075 4953 1306 5039 juravit
1350 4972 1413 5014 se
1451 4969 1934 5025 consummasse,
1984 4962 2046 5015 et
2085 4955 2365 5036 copulam

820 5054 1142 5136 perfectam
1179 5067 1285 5130 per
1328 5046 1483 5109 vasis
1524 5047 1996 5126 penetrationem
2038 5048 2321 5113 habuisse
2344 5095 2362 5125 ,

822 5146 1246 5225 renovatisque
1278 5162 1315 5204 a
1352 5140 1610 5203 Muliere
1639 5140 1941 5204 instantiis
1976 5163 2086 5224 pro
2115 5144 2369 5226 deputa-

820 5244 984 5306 tione
1012 5239 1348 5303 Peritorum
1373 5282 1391 5310 ,
1419 5244 1481 5297 et
1508 5235 1928 5298 Mati-enarum
1956 5257 2066 5319 pro
2092 5238 2367 5304 facienda

822 5337 1141 5417 utriusque
1173 5331 1440 5413 corporis
1465 5328 1872 5411 recognitione
1891 5376 1911 5405 ,
1948 5331 2229 5396 Vicarius
2262 5335 2368 5398 de-

824 5430 1173 5502 mandavit,
1205 5435 1275 5488 ut
1308 5427 1383 5488 ad
1420 5443 1739 5505 corporum
1775 5424 2204 5507 inspectionem
2229 5447 2372 5510 pro.

2007 468 2449 539 thsrmmzs
2486 470 2844 535 cmomcfs

2444 623 2777 698 cederetur,
2807 634 2866 689 et
2889 623 3232 707 hujusmodi
3259 624 3564 690 decretum
3593 626 3712 691 fuit
3734 627 3995 692 subinde

2446 718 2509 778 in
2531 719 2669 781 aliis
2702 719 3031 801 Hispaniae
3068 719 3502 783 Tribunalibus
3543 721 3990 786 confirmatum.

2564 813 2635 874 In
2662 813 2968 894 sequela-m
3013 812 3195 895 hujus
3222 813 3440 877 decreti
3470 815 3664 878 Causa
3696 817 3995 882 nullitatis

2446 905 2819 969 Matrimonii
2856 908 3200 982 videbatur,
3230 909 3394 989 quod
3418 919 3568 972 esset
3589 929 3761 973 suam
3788 930 3994 993 prose·

2446 997 2747 1062 cntionem
2775 1000 3060 1064 habitura
3089 1022 3106 1075 3
3138 1009 3201 1063 at
3222 1011 3473 1064 eventus
3504 1002 3764 1078 fefellit,
3797 1023 3995 1086 quan-

2445 1092 2768 1172 doquidem
2796 1103 2881 1158 tot
2908 1095 3230 1157 dilationes
3252 1096 3316 1157 in
3344 1096 3616 1176 partibus
3638 1143 3657 1172 ,
3688 1105 3750 1161 et
3769 1106 3858 1161 tot
3876 1099 3995 1162 im-

2447 1187 2788 1266 pedimenta
2825 1188 3249 1268 contigerunt,
3285 1199 3395 1263 ut,
3442 1190 3519 1252 ad
3545 1190 3750 1254 omnia
3778 1211 3996 1274 ampu-

2448 1279 2629 1342 tanda
2667 1280 2912 1343 Beatrix
2956 1301 3174 1362 operae
3220 1281 3480 1362 pretium
3524 1303 3653 1345 esse
3694 1286 3996 1350 censuerit

2448 1372 3008 1450 habere—recursum
3032 1376 3108 1437 ad
3136 1375 3454 1437 Summum
3478 1376 3849 1453 Pontificem,
3882 1379 3995 1462 qui

2449 1466 2676 1530 Causae
2700 1469 3104 1550 cognitionem
3130 1469 3431 1551 delegavit
3445 1467 3592 1534 huic
3615 1470 3832 1535 Sacrae
3848 1473 3999 1536 Con-

2449 1562 2804 1644 gregationi.

2568 1654 2757 1717 Porro
2799 1655 2865 1718 in
2907 1656 3099 1720 Causa
3125 1656 3422 1720 nonnulla
3459 1664 3603 1719 sunt
3628 1657 3995 1726 advertenda

2450 1749 2650 1829 quoad
2682 1751 2908 1813 factum
2932 1796 2954 1825 ,
2985 1750 3280 1818 nonnulla
3309 1751 3510 1831 quoad
3528 1753 3652 1834 jus3
3684 1754 3882 1834 quoad
3907 1753 4001 1819 fa-

2450 1851 2613 1904 ctum
2638 1892 2655 1916 ,
2700 1845 2864 1926 quod
2894 1846 3009 1907 Vir
3048 1846 3232 1908 aliam
3261 1844 3477 1908 habuit
3519 1846 3780 1909 Uxorem
3810 1847 4001 1913 Nobi-

2452 1935 2571 1999 lem
2592 1937 2816 2002 scilicet
2841 1938 3116 2002 Puellam
3143 1940 3218 2002 de
3247 1939 3516 2002 Gusman
3542 1985 3561 2013 ,
3591 1941 3696 2003 sed
3730 1941 3952 2005 dicitur
3977 1988 3997 2018 ,

2449 2031 2611 2110 quod
2639 2032 2785 2094 haec
2827 2053 3048 2114 paucos
3085 2041 3217 2114 post
3257 2034 3419 2105 dies,
3471 2042 3602 2114 post
3627 2044 4003 2102 contractum

2449 2125 2946 2202 Matrimonium,
2993 2127 3282 2191 decessit.
3326 2127 3479 2190 Item
3505 2172 3523 2201 ‚
3570 2128 3735 2210 quod
3777 2130 4000 2196 Mulier

2449 2219 2718 2284 convixit
2735 2241 2872 2285 cum
2895 2221 3048 2284 Viro
3067 2223 3150 2286 ab
3175 2239 3338 2286 anno
3365 2224 3539 2283 1699.
3568 2240 3763 2304 usque
3786 2225 3866 2288 ad
3890 2244 4005 2289 an-

2449 2334 2601 2379 num
2620 2319 2796 2379 1714.
2826 2336 3024 2398 neque
3051 2336 3158 2397 per
3178 2324 3417 2379 tantum
3439 2316 3724 2397 temporis
3741 2318 4006 2399 spatium

2450 2418 2777 2493 conquesta
2802 2421 2914 2487 est,
2939 2420 3046 2474 aut
3065 2409 3372 2493 judicium
3399 2429 3582 2491 super
3610 2410 4007 2477 nullitatein·

2452 2506 2736 2580 tentavit,
2763 2506 2948 2587 idque
2974 2505 3328 2587 proceaeisse
3349 2505 3736 2586 supponitur,
3757 2526 3833 2568 ex
3855 2526 4005 2588 quo,

2451 2600 2544 2662 uti
2570 2619 2753 2682 supra
2776 2600 3113 2680 expositum
3144 2606 3273 2672 est,
3311 2597 3585 2661 Marchio
3614 2599 4008 2684 Christopho-

2453 2712 2558 2755 rus
2598 2694 2775 2756 Pater
2812 2693 2967 2756 vixit
3008 2710 3204 2773 usque
3243 2691 3322 2753 ad
3361 2692 3592 2754 dictum
3635 2711 3912 2769 annum3
3950 2694 4005 2758 si

2452 2775 2656 2859 enim,
2685 2795 2757 2850 nt
2788 2788 2916 2869 ipsa
2941 2786 3146 2867 inquit
3169 2833 3189 2858 ,
3218 2784 3415 2848 eidem
3439 2786 3795 2851 innotuisset
3811 2787 4009 2870 impo-

2453 2885 2642 2945 tentia
2668 2880 2804 2943 Viri
2832 2926 2850 2956 ,
2886 2889 2948 2943 et
2970 2878 3235 2942 maxime
3263 2888 3396 2959 post
3428 2880 3647 2941 initum
3671 2881 3842 2945 aliud
3874 2885 4009 2948 Ma-

2456 2978 2843 3051 trimonium,
2888 2974 3367 3038 dissensionibus
3389 3020 3408 3046 ,
3437 2981 3498 3036 et
3524 2973 3860 3040 inimicitiis
3905 2979 4010 3044 via

2455 3071 2835 3135 remansisset
2861 3077 3090 3151 aperta.

2574 3167 3006 3247 Praeterquam
3032 3163 3195 3247 quod
3220 3163 3435 3225 Textus
3462 3165 3527 3224 in
3551 3183 3678 3246 cop.
3709 3169 3765 3226 1.
3801 3167 3869 3227 do
3893 3169 4008 3247 sri-

2456 3263 2603 3340 qidis
2625 3305 2641 3334 ,
2671 3273 2722 3323 st
2762 3261 3116 3341 maleficiatis
3144 3306 3163 3331 ,
3209 3259 3319 3339 qui
3350 3257 3604 3339 denegat
3635 3261 4006 3325 audientiam

2455 3356 2739 3427 Mulieri,
2769 3374 2927 3436 quae
2958 3373 3078 3416 non
3104 3352 3457 3415 reclamavit
3485 3352 3662 3416 initio
3692 3356 4013 3419 Matrimo-

2458 3451 2568 3524 nii,
2600 3449 2916 3532 allegando
2941 3446 3077 3510 Viri
3101 3447 3546 3528 impotentiam,
3569 3468 3691 3510 non
3713 3450 4008 3530 procedit,

2458 3545 2702 3626 quando
2737 3543 2958 3606 Mulier
2987 3549 3163 3626 negat
3188 3540 3470 3623 copulam
3492 3589 3510 3613 ,
3538 3549 3713 3605 otest
3745 3554 3956 3626 parata
3985 3590 4007 3622 ,

2456 3648 2638 3720 prout
2676 3639 2744 3700 in
2780 3658 2921 3701 casu
2944 3683 2963 3712 ,
3004 3638 3084 3701 ad
3110 3635 3205 3698 sui
3251 3635 3521 3717 corporis
3560 3636 3961 3702 ostensionem
3987 3687 4008 3715 ,

2452 3732 2628 3813 juxta
2654 3732 2904 3793 deducta
2928 3749 3035 3811 per
3057 3728 3318 3792 Smhez
3344 3729 3409 3790 de
3436 3727 3780 3792 Matr-imon.
3815 3734 3915 3794 tib.
3945 3740 4007 3796 7.

2459 3827 2670 3907 disput.
2705 3830 2839 3888 109.
2870 3845 3028 3886 num.
3078 3830 3138 3885 6.
3176 3834 3228 3885 et
3277 3829 3336 3884 7.
3374 3831 3436 3886 et
3475 3823 3595 3886 late
3621 3827 4011 3909 prosequitur

2465 3921 2752 3985 Panimol.
2785 3922 2900 3982 dec.
2928 3924 3026 3981 51.
3058 3938 3217 3981 num.
3253 3920 3348 3980 14.
3380 3927 3432 3980 ct
3453 3936 3603 3999 seqq.

2579 4015 2791 4091 Quoad
2806 4017 2928 4096 jus,
2944 4015 2995 4077 si
3012 4012 3470 4077 Matrimonium
3493 4015 3573 4076 ob
3593 4013 4013 4096 impotentiam

2439 4121 2794 4183 ‚accusatum
2819 4119 2880 4173 et
2907 4110 3021 4172 Vir
3039 4109 3360 4172 contendat
3380 4127 3417 4170 a
3447 4127 3511 4170 se
3531 4110 3833 4192 cognitam
3862 4113 4014 4175 Uxo-

2463 4224 2590 4266 rem
2616 4223 2788 4265 suam
2815 4252 2831 4274 ,
2867 4212 2928 4265 et
2969 4201 3193 4265 Mulier
3225 4210 3441 4284 neget,
3486 4211 3825 4282 praestatur
3864 4206 4014 4269 fides

2463 4299 2615 4361 Viro
2655 4297 2965 4368 firmanti,
2994 4304 3055 4359 et
3083 4296 3317 4379 juranti
3343 4341 3362 4371 ,
3407 4304 3468 4358 et
3499 4299 3833 4361 secundum
3871 4319 4013 4364 eum

2465 4400 2554 4454 est
2587 4391 3106 4473 pronuntiandum
3131 4435 3150 4464 ,
3180 4389 3269 4452 uti
3296 4390 3515 4470 probat
3547 4390 3761 4454 Tamus
3790 4396 3856 4455 in
3883 4415 4009 4476 cop.

2466 4485 2540 4548 Si
2572 4489 2699 4566 quis
2725 4488 2995 4566 acceperit
3028 4490 3126 4546 33.
3158 4495 3373 4564 quaest.
3423 4489 3478 4545 1.
3517 4484 3646 4547 ihi:
3681 4490 3736 4548 st·
3759 4490 3887 4568 quis
3915 4509 4013 4551 ac-

2467 4582 2611 4661 cepit
2644 4578 2892 4653 Uxorem
2915 4623 2932 4652 ,
2961 4588 3013 4640 ot
3036 4579 3235 4640 habuit
3268 4598 3391 4639 eom
3424 4579 3621 4657 aliquo
3652 4589 3889 4662 tempore
3913 4627 3931 4656 ,
3961 4592 4016 4644 et

2469 4677 2592 4754 ipso
2625 4675 2868 4751 foemina
2909 4674 3091 4744 dicit,
3126 4672 3274 4752 quod
3315 4691 3613 4751 nunquam
3656 4677 3848 4737 coisset
3886 4695 4017 4738 cam

2470 4789 2536 4830 oo
2562 4815 2579 4838 ,
2610 4779 2661 4829 et
2700 4769 2797 4827 ine
2833 4766 2937 4826 Vir
2962 4768 3101 4827 dicit
3124 4808 3144 4840 ,
3191 4766 3338 4845 qaod
3367 4768 3448 4826 sic
3474 4766 3608 4845 fecit
3637 4814 3654 4838 ,
3691 4770 3755 4828 in
3781 4773 4018 4833 veritato

2481 4862 2608 4924 Viri
2650 4863 2954 4933 consistat,
2996 4862 3138 4940 quia
3175 4860 3278 4920 Vir
3317 4870 3490 4940 caput
3517 4870 3594 4921 est
3624 4864 3880 4923 mulieris
3902 4886 3929 4932 ,·
3956 4873 4019 4927 et

2473 4957 2791 5020 concordat
2824 4952 3035 5017 Tea-'tus
3069 4957 3135 5014 in
3176 4974 3299 5035 cop.
3349 4952 3760 5016 Coneimbaaeur
3795 4956 3862 5020 do
3890 4959 4019 5020 des-

2467 5053 2795 5131 ponsatione
2833 5049 3184 5128 impuberum
3206 5093 3224 5118 ,
3263 5046 3396 5109 ihi:
3442 5050 3843 5112 mumioni
3883 5063 4018 5115 tm

2473 5147 2668 5208 taliter
2690 5143 3074 5225 respondemus
3093 5187 3111 5216 ,
3146 5142 3296 5224 quod
3322 5161 3451 5203 cum
3469 5144 3535 5202 in
3550 5143 3780 5205 decretis
3808 5146 4013 5210 hab„-

2475 5250 2575 5301 tur
2598 5257 2917 5318 expressum
2941 5281 2960 5310 ,
2996 5235 3145 5316 quod
3163 5238 3215 5296 si
3249 5235 3354 5298 Vir
3383 5235 3637 5307 dixerit,
3669 5239 3820 5316 quod
3854 5238 4017 5302 Umo-

2474 5354 2593 5396 rem
2625 5352 2786 5394 suom
2813 5330 3124 5411 coqnoverit
3148 5377 3166 5401 ,
3196 5339 3247 5391 et
3275 5327 3496 5390 Mulier
3517 5334 3803 5408 negaverit
3826 5380 3844 5404 ,
3889 5333 4018 5395 Viri

2475 5429 2740 5492 standum
2763 5437 2841 5490 cst
2879 5427 3147 5488 veritati:
3187 5423 3447 5508 praefato
3493 5422 3630 5485 Viro
3650 5471 3669 5497 ,
3707 5424 3810 5506 qui
3835 5427 4011 5502 dicit,
