4393 6299
1692 452 2151 520 QUAEsTto
2213 454 2362 505 ccv

3336 468 3447 519 269

535 600 714 678 Quod
756 600 1101 672 Parochus,
1132 600 1474 682 caeterique
1514 600 1803 665 hahentes
1850 605 1960 665 Be-
2067 605 2432 681 Januensis,
2462 607 2553 670 uti
2588 608 2787 694 colligi
2825 623 3016 693 potest
3034 633 3109 676 ex
3141 617 3619 685 resolutionibus

418 696 633 760 neficia
689 695 753 758 in
806 693 1064 757 Ecclesia
1118 694 1490 769 Parochiali,
1529 696 1819 778 adstringi
1868 697 1965 760 de-

415 779 602 854 beant
647 790 723 853 ad
771 789 902 872 ejus
938 788 1409 869 reaptationem,
1458 790 1698 869 probari
1745 791 2005 852 dicitur

412 904 489 947 ex
518 905 644 967 cap.
674 890 733 951 7,,
756 904 884 945 sess.
918 888 1016 944 21.
1047 885 1112 943 de
1140 883 1591 961 Reformatione,
1625 884 1727 944 ubi
1750 884 1962 947 statut

416 988 558 1052 tur,
616 979 779 1060 quod
840 978 1221 1040 I’arochiales
1268 975 1568 1041 Ecclesiae
1637 966 1963 1043 instaurari

414 1074 676 1136 debeant
717 1093 793 1135 ex
835 1050 1170 1147 fructibus,
1200 1082 1256 1135 et
1305 1076 1696 1154 proventibus
1730 1078 1805 1138 ad
1832 1076 1968 1140 illas

416 1160 962 1250 quomodocunque
1011 1167 1495 1247 pertinentibus,
1544 1169 1692 1249 qui,
1747 1170 1795 1231 si
1845 1190 1964 1232 non

414 1263 647 1325 fuerint
676 1262 1082 1344 sufficientes,
1142 1263 1595 1324 instaurationis
1643 1283 1966 1345 expensam

414 1375 542 1427 esse
586 1356 1086 1439 suppeditandam
1137 1376 1172 1418 a
1202 1357 1479 1418 Patronis
1504 1405 1522 1428 ,
1556 1366 1631 1425 „et
1657 1357 1828 1429 aliis,
1861 1358 1966 1439 qui

414 1452 648 1516 fructus
677 1450 1015 1531 percipiunt
1042 1496 1061 1522 ‚
1095 1446 1512 1531 provenientes
1539 1471 1615 1512 ex
1642 1451 1817 1514 dictis
1854 1453 1965 1514 Ec-

414 1545 650 1616 etesiis,
692 1555 753 1606 et
791 1543 853 1605 in
896 1545 1142 1606 illorum
1194 1544 1490 1607 defectum
1521 1548 1818 1627 cogendos
1844 1556 1971 1608 esse

414 1639 841 1703 Parochianos.

533 1733 711 1808 Quod
754 1732 981 1813 pariter
1019 1732 1164 1794 huic
1190 1732 1359 1794 oneri
1399 1733 1651 1816 subjecti
1690 1734 1811 1809 sint
1856 1736 1965 1797 Be-

419 1826 719 1899 neficiati,
751 1825 887 1888 licet
910 1846 1120 1888 eorum
1151 1804 1450 1889 Beneficia
1475 1827 1701 1889 suerint
1719 1826 1970 1890 fundata

415 1921 483 1984 in
514 1920 636 1984 alia
678 1920 986 1999 Ecclesia,
1025 1922 1355 1983 dummodo
1404 1921 1689 1984 translata
1718 1923 1839 1983 sint
1883 1924 1958 1983 ad

413 2035 595 2089 eam,
647 2019 806 2096 'quae
855 1967 1084 2097 indiget
1151 2015 1573 2095 reparatione,
1633 1993 1963 2077 resolutum

414 2110 532 2174 fuit
558 2111 639 2172 ab
667 2109 781 2172 hac
815 2110 996 2172 Sacra
1025 2110 1502 2192 congregatione
1527 2110 1618 2170 die
1644 2115 1743 2171 24.
1768 2109 1964 2171 Mar·

414 2207 490 2267 tii
514 2210 687 2268 1657.
714 2208 777 2265 in
799 2208 1047 2285 quadam
1077 2204 1269 2266 Causa
1290 2204 1577 2266 Narnien.
1613 2206 1711 2265 lib.
1740 2208 1839 2266 21).
1860 2203 1968 2265 De·

414 2313 616 2362 eretor.
650 2288 782 2380 ραρ.
819 2305 953 2360 197.
986 2318 1123 2359 cum
1151 2301 1316 2360 enim
1358 2300 1685 2361 secundum
1715 2299 1968 2359 dubium

417 2395 483 2458 in
528 2397 685 2458 dicta
710 2396 906 2478 ¹Causa
936 2395 1304 2475 disputatum
1353 2395 1745 2474 sequentibus
1772 2394 1970 2455 verbis

417 2501 569 2553 oeset
602 2498 999 2569 conceptum:
1032 2509 1111 2550 an
1151 2491 1326 2569 possit
1372 2488 1685 2569 Episcopus
1724 2490 1790 2547 in
1837 2500 1967 2549 actu

411 2586 759 2657 visitationis
799 2583 1166 2666 Beneficiatos
1211 2585 1576 2647 condemnare
1591 2629 1607 2653 ,
1636 2600 1971 2661 quacunque

417 2680 787 2741 xeksiastiea
835 2672 1112 2757 diqnitate
1132 2676 1552 2758 praefulqeant,
1576 2686 1626 2737 et
1646 2678 1814 2738 etiam
1844 2676 1965 2758 Pa·

419 2775 731 2836 latinorum
758 2774 1075 2853 privileqiis
1107 2772 1391 2863 qapdeant
1414 2819 1431 2842 ,
1457 2773 1532 2851 ad
1558 2772 1970 2837 resarciendam

424 2867 740 2930 Ecclesiam
763 2911 783 2939 ,
829 2868 894 2926 in
933 2886 1104 2945 quam
1137 2867 1564 2946 transferuntur
1601 2864 1763 2925 tituli
1781 2909 1799 2938 ‚
1825 2885 1971 2944 qua-

416 2971 579 3023 tenus
618 2963 1033 3022 restauratione
1070 2961 1325 3039 indiqeat
1348 3005 1365 3033 ,
1388 2979 1488 3021 nec
1511 2950 1626 3020 non
1652 2961 1728 3019 ad
1756 2962 1970 3038 eriqen-

419 3057 557 3117 dem
582 3054 786 3116 Altare
812 3057 880 3114 in
907 3055 1059 3116 dicta
1088 3054 1364 3131 Ecclesia:
1388 3072 1736 3134 responsum
1759 3053 1871 3114 fuit
1899 3054 1975 3115 ad

417 3152 723 3234 secundani
749 3170 766 3210 t
802 3149 1051 3214 Hectores
1078 3148 1489 3230 Beneficiorum
1514 3194 1531 3221 ,
1561 3151 1731 3210 etiam
1754 3151 1819 3208 in
1837 3169 1973 3228 qua-

418 3261 638 3323 cunque
678 3244 955 3322 diqnitate
996 3245 1362 3315 constitutos,
1380 3244 1608 3320 teneri,
1636 3254 1755 3322 post
1785 3252 1972 3303 trans-

424 3339 687 3400 lationem
738 3351 1065 3416 aquatam,
1111 3338 1188 3397 ad
1217 3337 1485 3415 suturam
1512 3331 1976 3406 restaurationem

421 3431 847 3503 Ecclesiarain,
896 3434 971 3493 ad
1018 3450 1160 3564 quas
1205 3430 1490 3512 Beneficia
1532 3431 1764 3509 fuerunt
1794 3441 1975 3491 trans·

422 3527 563 3588 lata.

540 3618 655 3680 His
675 3618 1007 3689 stantibus,
1032 3586 1371 3698 quaeritur:
1452 3637 1457 3640 ·

542 3712 660 3786 An,
696 3723 747 3774 et
771 3734 806 3774 a
840 3714 1043 3792 quibus
1068 3715 1142 3773 sit
1162 3712 1672 3773 contribuendum
1649 3731 1713 3771 in
1743 3720 1972 3791 reapta-

433 3809 580 3868 tione
625 3807 911 3868 Ecclesiae
943 3805 1304 3867 Parochialis
1351 3804 1420 3892 S.
1478 3804 1644 3867 Petri
1683 3808 1746 3866 in
1774 3806 1975 3899 Penna

426 3900 496 3964 F
474 3921 728 3963 irmanae
748 3899 1063 3961 Dioecesis
1040 3920 1104 3963 ιιι
1122 3920 1257 3961 casu
1283 3885 1384 3961 etc.

531 4091 672 4142 Sacr.
712 4090 790 4143 co
759 4107 909 4160 o.ngr
950 4105 1104 4158 respo
1075 4088 1256 4140 oindl:

602 4179 742 4231 Eme
768 4190 944 4229 comrr
935 4176 1048 4227 'ehu
1052 4176 1217 4227 ndum
1257 4194 1291 4227 a
1330 4175 1629 4240 parocho,
1668 4189 1720 4230 et
1758 4179 1877 4230 Ben
1880 4175 1976 4245 st·

422 4264 585 4320 effatis·
609 4265 684 4318 ad
703 4277 881 4317 ratam
910 4263 1295 4329 red1mum,eae
1321 4262 1571 4334 amplius

766 4419 773 4425 ’
897 4439 1256 4533 QUAEsuo
1293 4455 1494 4519 σενι.

425 4647 496 4708 In
525 4647 719 4711 Causa
745 4646 1051 4717 Romana,
1081 4667 1177 4706 seu
1207 4644 1488 4706 Janucnsi
1500 4642 1758 4724 Leqati,
1792 4646 1879 4706 die
1907 4651 1965 4706 8.

939 4737 1240 4799 Februarii
1281 4742 1454 4798 1721.

424 4874 559 4991 Ab
588 4945 751 4991 anno
783 4929 957 4987 1704.
991 4943 1182 5005 usque
1212 4922 1287 4984 ad
1319 4941 1550 4984 annum
1580 4927 1754 4985 1719.
1793 4924 1972 4987 Sacra

428 5023 577 5086 haec
603 5018 1000 5102 Congregatio
1044 5018 1160 5079 fuit
1187 5036 1421 5097 semper
1469 5017 1531 5077 in
1561 5037 1738 5079 sensu
1763 5064 1780 5092 ,
1811 5018 1973 5098 quod

426 5115 753 5179 Justiniaui
790 5114 1072 5177 Chienses
1097 5119 1291 5173 essent
1327 5110 1680 5173 admittendi
1710 5113 1785 5175 ad
1836 5132 1972 5193 par-

424 5210 836 5293 ticipationem
866 5206 1068 5290 Legati
1111 5204 1481 5267 Marchionis
1520 5205 1820 5267 Vincentii
1866 5208 1973 5269 Ju-

425 5304 672 5369 stiniani
698 5352 715 5375 ‚
747 5302 1001 5365 eonstito
1026 5307 1223 5362 tamen
1248 5300 1323 5361 de
1348 5318 1558 5361 eorum
1581 5310 1929 5380 paupertate
1953 5347 1973 5375 ,

430 5418 540 5464 nec
569 5418 688 5464 non
713 5397 789 5460 de
816 5393 1233 5460 descendentia
1265 5413 1301 5456 a
1328 5392 1358 5454 J
1367 5391 1685 5457 ustiniauis
1705 5393 1979 5459 Civitatis

2070 700 2254 789 hujus
2286 703 2552 784 ejusdem
2579 704 2794 769 Sacrae
2820 707 3312 792 Congregatiouis
3335 714 3488 776 bene
3510 735 3616 777 no-

2071 795 2167 857 tis.

2186 890 2240 952 E
2265 899 2472 952 contra
2515 891 2898 955 Auditorium
2939 898 3125 959 Rotae
3154 897 3269 959 fuit
3296 919 3530 983 semper
3556 904 3619 966 in

2069 1001 2247 1044 sensu
2276 1030 2293 1059 ,
2327 985 2487 1065 quod
2540 986 2601 1047 in
2644 998 2866 1067 puncto
2906 990 3071 1052 Juris
3092 1037 3112 1064 ,
3137 1001 3197 1053 et
3243 994 3392 1057 citra
3423 999 3620 1060 subsi-

2072 1077 2240 1139 dium
2275 1074 2542 1160 gratiae',
2578 1102 2695 1141 nou
2727 1086 3308 1163 possentJustiniani
3340 1090 3620 1157 Chienses

2071 1172 2309 1235 admitti
2355 1174 2432 1236 ad
2482 1175 2999 1257 participationem
3037 1180 3180 1243 dicti
3231 1184 3484 1264 Legati,
3530 1189 3618 1250 uti

2073 1265 2408 1329 desumitur
2432 1287 2504 1329 ex
2531 1271 2696 1330 decis.
2737 1276 2874 1333 778.
2900 1278 3038 1334 805.
3066 1280 3203 1336 897.
3232 1295 3422 1339 coram
3445 1279 3619 1341 Eme-

2073 1360 2178 1420 rioe
2200 1346 2440 1423 Lluniore
2458 1407 2475 1435 ,
2506 1374 2555 1423 et
2580 1362 2922 1426 eoeJanuen.
2948 1365 3147 1447 Leqati
3167 1375 3224 1430 5.
3257 1371 3416 1451 Maji
3440 1378 3612 1438 1698.

2074 1472 2265 1521 comm
2310 1458 2454 1516 clar.
2505 1477 2667 1518 mem.
2715 1457 3026 1522 Cardinali
3063 1461 3152 1525 La
3198 1464 3530 1541 Tremoille,
3568 1481 3621 1532 et

2072 1566 2275 1625 rursus
2300 1569 2376 1611 ex
2401 1552 2566 1639 decis.
2604 1556 2997 1623 1064.‚coram
3029 1558 3212 1619 eodem
3239 1558 3484 1622 Emeaeix
3514 1562 3623 1625 Ju-

2074 1643 2274 1715 niore‚
2311 1661 2467 1724 quae
2500 1643 2617 1705 fuit
2640 1645 2994 1729 confirmata
3028 1651 3117 1710 die
3144 1658 3201 1712 7.
3232 1648 3405 1714 Junii
3444 1662 3614 1719 1712.

2074 1754 2265 1796 eoram
2304 1736 2770 1799 Eminentissimo
2797 1724 3032 1816 Scotto,
3064 1755 3116 1804 et
3149 1749 3247 1806 22.
3295 1746 3623 1814 Novembris

2079 1832 2256 1892 1715.
2297 1851 2487 1895 coram
2532 1834 3006 1896 Reverendissimo
3040 1838 3468 1923 Archiepiscopo
3500 1846 3622 1908 Ra-

2072 1919 2418 1987 madiensi-

2191 2019 2286 2081 Ad
2331 2019 2655 2083 tollendam
2699 2020 2855 2084 hanc
2900 2008 3252 2103 opinionum
3293 2020 3623 2094 contrarie·

2076 2119 2258 2174 tatem
2282 2112 2440 2196 circa
2459 2134 2658 2175 uuum
2671 2114 2952 2197 idemque
2976 2119 3446 2196 Testamentum,
3470 2125 3622 2188 San-

2072 2205 2373 2273 ctissimus
2405 2209 2700 2271 Dominus
2725 2210 2935 2274 Noster
2960 2232 3179 2293 operae
3210 2216 3468 2294 pretium
3497 2239 3625 2283 esse

2075 2300 2310 2361 censuit
2332 2300 2869 2383 Congregationem
2892 2302 3312 2385 particularem
3337 2309 3626 2391 deputare

2076 2392 2200 2456 EE.
2251 2394 2382 2455 DD.
2433 2394 2677 2456 Tanarii
2706 2440 2723 2467 ,
2754 2396 3068 2458 Corradini
3115 2398 3402 2463 Praefecti
3443 2403 3627 2485 hujus

2074 2485 2294 2548 Sacrae
2343 2486 2874 2569 Congregationis,
2912 2490 3255 2553 Paracciani
3281 2538 3298 2568 ,
3352 2514 3460 2557 nec
3499 2508 3621 2560 'non

2077 2583 2204 2643 nn.
2255 2580 2371 2644 Pr.
2417 2583 2546 2644 no.
2577 2581 2941 2647 Mares-..scm
2972 2631 2989 2659 ,
3023 2586 3381 2662 Lanoeme,
3400 2572 3579 2655 'Cerri
3605 2642 3624 2665 ,

2078 2674 2380 2737 Herrerae
2400 2720 2417 2748 ‚
2448 2676 2606 2751 Corii
2635 2721 2654 2750 ,
2688 2685 2747 2739 et
2787 2679 2900 2740 mei
2933 2678 3249 2742 Secretarii
3284 2681 3468 2765 hujus
3489 2685 3620 2749 Sac-

2078 2769 2299 2851 Congr.
2343 2779 2403 2832 et
2450 2770 2886 2855 dictae-congr.
2937 2774 3357 2853 particularis,
3388 2777 3627 2845 habita-

2077 2880 2199 2949 que
2233 2863 2704 2946 Congregatione
2751 2864 2814 2926 in
2863 2865 3113 2929 aedibus
3154 2869 3629 2938 Eminentissimi

2072 2956 2323 3032 Tanarii
2355 2959 2446 3018 die
2476 2963 2570 3019 13.
2598 2958 2938 3040 Septembris
2965 2966 3137 3025 1720.
3175 2966 3478 3027 communi
3507 2987 3632 3029 om-

2054 3050 2254 3112 'nium
2279 3051 2603 3134 suffragio,
2633 3052 2972 3133 praevaluit
2996 3054 3300 3119 Sententia
3326 3058 3508 3140 hujus
3527 3061 3629 3124 Sa·

2079 3163 2220 3208 crae
2267 3142 2804 3228 Congregationis,
2835 3155 2895 3210 et
2944 3168 3295 3230 responsum
3324 3151 3480 3225 fuit,
3512 3155 3628 3216 Ju-

2068 3240 2360 3301 ‚stinianos
2409 3236 2668 3301 Chienses
2715 3260 2829 3301 non
2875 3247 3273 3304 commorantes
3320 3247 3384 3304 in
3426 3246 3628 3310 Insula

2084 3332 2317 3395 Chiensi
2338 3382 2355 3405 ‚
2387 3345 2437 3396 et
2474 3337 2768 3415 probantes
2790 3356 2954 3418 suam
2982 3336 3420 3400 descendentium
3444 3361 3483 3401 a
3503 3341 3625 3403 Fa·
3697 3375 3704 3384 ·

2081 3429 2250 3518 milia
2293 3427 2759 3490 Jnstinianorum
2793 3430 3024 3493 Januae
3051 3476 3068 3502 ‚
3097 3433 3375 3494 mediante
3419 3434 3626 3496 descri-

2068 3526 2269 3604 ptione
2295 3570 2312 3594 ,
2343 3524 2430 3584 vel
2452 3526 2687 3603 propria
2710 3569 2729 3598 ,
2758 3526 2845 3585 vel
2870 3527 3114 3603 alicujus
3141 3546 3215 3586 ex
3239 3526 3629 3605 Proqenitori-

2080 3618 2182 3678 bus
2212 3620 2277 3677 in
2303 3616 2477 3677 Libro
2521 3618 2710 3678 Aureo
2733 3618 3097 3699 'Reipublicae
3118 3666 3134 3692 ,
3151 3641 3158 3648 ·
3176 3641 3286 3681 esse
3325 3623 3629 3686 admitten-

2079 3711 2178 3772 dos
2218 3711 2295 3772 ad
2311 3713 2809 3791 participationem
2849 3711 3049 3792 Lepati
3078 3714 3437 3776 Marchionis
3491 3715 3629 3778 Vin-

2080 3807 2299 3874 centii,
2330 3804 2494 3867 etad
2540 3805 2810 3867 tramites
2834 3805 3017 3887 hujus
3040 3807 3422 3870 resolutionis
3448 3829 3632 3891 expe-

2080 3900 2204 3962 dita
2234 3898 2350 3961 fuit
2380 3899 2708 3962 Sententia.

2200 3994 2584 4055 Prooedendo
2598 3995 2773 4075 juxta
2792 4011 3029 4055 sensum
3052 3953 3245 4057 dictae
3261 3989 3625 4074 Sententiae,

2078 4087 2380 4160 Thomas,
2407 4097 2463 4149 et
2494 4088 2770 4151 Marietta
2793 4087 3086 4168 Conjuges
3119 4088 3194 4150 de
3226 4089 3632 4167 Iustinianis,

2078 4179 2183 4261 qui
2210 4179 2386 4242 binas
2412 4179 2639 4241 habent
2665 4179 2844 4264 filias,
2876 4200 3033 4259 quae
3058 4181 3430 4244 educantur
3413 4205 3475 4256 ιιι
3499 4187 3632 4248 Μο-

2076 4274 2341 4359 pastorio
2366 4274 2427 4334 S.
2465 4271 2771 4337 Laurentii
2814 4275 2879 4343 in
2914 4276 3223 4355 Perpenna
3250 4322 3269 4350 ,
3317 4277 3634 4342 humiliter

2076 4367 2304 4429 instant
2340 4387 2450 4448 pro
2472 4368 2678 4447 aliqua
2707 4368 3107 4448 assignatione
3132 4385 3207 4430 ex
3244 4370 3439 4450 legato
3463 4373 3630 4435 Mar-

1984 4509 1993 4516 s
2076 4460 2313 4523 chionis
2352 4457 2656 4523 Vincentii
2685 4506 2702 4534 ‚
2737 4481 2894 4542 quae
2938 4469 3059 4526 tam
3089 4482 3201 4542 pro
3243 4464 3369 4526 suis
3393 4510 3412 4539 ,
3445 4485 3631 4547 quam

2078 4575 2190 4637 pro
2211 4554 2478 4617 filiarum
2513 4555 2816 4617 alimentis
2842 4555 3115 4618 sufficiat.

2198 4650 2510 4714 Petitionis
2528 4649 2985 4712 fundamentum
3005 4649 3468 4714 constituitur-in
3490 4673 3632 4734 pau-

2079 4735 2313 4823 pertate
2331 4790 2349 4815 ,
2381 4742 2574 4804 in'sua
2595 4763 2766 4806 mora
2790 4752 2963 4805 extra
2987 4742 3256 4806 Insulam
3285 4745 3625 4821 Chiensem,

2077 4845 2137 4897 et
2177 4836 2387 4898 iusua
2435 4835 2850 4902 descendentia
2879 4856 2915 4899 a
2957 4836 3216 4900 Familia
3258 4838 3636 4916 Justiniano-

2081 4950 2220 4991 rum
2252 4931 2485 4992 Januae
2512 4976 2527 5002 ‚
2567 4930 2868 4992 mediante
2915 4931 3317 5011 descriptione
3362 4934 3421 4993 in
3472 4934 3636 4996 libro

2084 5027 2285 5086 Aureo
2307 5024 2695 5105 Reipublicae
2721 5024 3069 5105 aliquorum
3095 5045 3170 5086 ex
3199 5024 3324 5087 suis
3351 5025 3634 5109 Progeni-

2083 5117 2337 5180 toribus.
3322 5147 3330 5155 ·
3491 5197 3498 5202 „

2203 5210 2320 5272 Pro
2370 5211 2483 5272 hoc
2537 5220 2843 5291 assumpto
2901 5210 3347 5291 comprobando
3371 5256 3393 5284 ,
3446 5211 3512 5271 in
3560 5232 3643 5278 en

2082 5305 2247 5386 quod
2272 5306 2487 5367 attinet
2507 5306 2583 5367 ad
2625 5305 2920 5369 Thomam
2945 5352 2962 5375 ,
2992 5325 3128 5366 cum
3165 5304 3289 5384 ipse
3316 5305 3394 5365 sit
3420 5306 3638 5369 Frater

2080 5397 2333 5461 Xaverii
2363 5445 2382 5474 ,
2411 5408 2473 5465 et
2511 5401 2688 5463 Pater
2716 5397 3019 5463 Francisci
3043 5444 3061 5473 ,
3101 5407 3162 5462 et
3208 5397 3638 5474 Panuteonis.
