4393 6299
1623 512 2081 580 QUAESTtO
2141 519 2402 572 ccx‘w.

403 670 557 732 itaut
589 670 727 731 licet
744 665 1025 728 delictum
1048 670 1316 725 secutum
1346 662 1463 724 dici
1493 663 1677 743 possit
1708 663 1769 723 in
1805 664 1934 725 loco

3317 522 3422 571 293

2063 671 2423 735 trimonium
2467 691 2592 734 esse
2621 672 2882 746 nullum,
2916 682 2975 735 et
3001 680 3299 754 quatenus
3322 675 3590 738 validum

403 765 671 845 subjecto
697 760 1011 841 Episcopo,
1042 757 1303 839 cognitio
1336 763 1534 818 tamen
1589 756 1834 830 delicti,
1885 765 1944 818 et
2055 772 2232 839 esset,
2290 766 2490 829 locum
2522 766 2732 829 saltem
2763 767 2982 830 debere
3031 786 3156 829 esse
3184 768 3476 842 divortio,
3530 781 3589 833 et

403 854 887 921 animadversio
869 874 932 914 10
963 852 1410 932 delinquentem
1441 869 1561 912 non
1592 851 1668 912 ad
1700 850 1943 931 Episco-

395 972 572 1032 pum,
596 951 696 1011 sed
725 950 800 1010 ad
823 967 885 1009 se
916 945 1166 1009 omnino
1186 954 1451 1025 spectare
1468 945 1780 1006 debuerit.

2052 861 2413 940 separationi
2440 860 2575 922 tori.

2170 955 2384 1028 Quoad
2421 955 2757 1016 nullitatem
2784 955 3174 1026 matrimonii,
3221 976 3289 1019 ea
3348 978 3423 1019 ex
3449 959 3595 1021 duo·

523 1045 1008 1105 Fundamentum
1036 1060 1071 1101 e
1099 1048 1304 1102 contra
1334 1039 1609 1119 Episcopi
1636 1020 1894 1101 residet
1877 1058 1940 1099 111
2050 1049 2163 1109 1100
2180 1050 2476 1129 capitibus
2496 1050 2869 1130 potissimum
2894 1052 3249 1125 desumitur,
3270 1072 3346 1114 ex
3367 1073 3489 1133 quo
3509 1053 3594 1115 vi-

403 1139 540 1212 hoc,
562 1138 722 1246 quod
749 1136 1069 1217 Presbyter
1094 1136 1355 1196 1000000
1374 1133 1663 1214 percussit
1685 1132 1941 1195 Subdia·

404 1251 622 1296 conum
651 1234 714 1292 in
752 1231 904 1304 loco,
928 1229 1033 1309 qui
1062 1228 1283 1291 dicitur
1312 1230 1366 1287 lo
1402 1227 1683 1305 Vigillito,
1716 1226 1822 1306 qui
1856 1235 1945 1287 est

401 1329 634 1408 absque
671 1323 860 1387 dubio
904 1342 1048 1385 suae
1094 1321 1496 1404 jurisdictioni
1526 1323 1854 1402 subjectus,
1887 1327 1946 1381 et

406 1421 473 1482 in
500 1420 615 1482 hoc
666 1438 870 1480 rerum
925 1417 1186 1479 themate
1216 1416 1340 1495 ipse
1372 1415 1678 1476 contendit
1704 1434 1767 1484 se
1793 1416 1947 1476 bene

401 1514 664 1597 potuisse
681 1513 969 1575 adversus
987 1509 1434 1591 delinquentem
1456 1509 1796 1589 procedere,
1823 1528 1943 1568 non

399 1610 700 1679 obstante,
734 1605 894 1687 quod
923 1608 1049 1687 eJus
1081 1606 1339 1666 Persona
1367 1623 1401 1666 a
1430 1623 1537 1665 sua
1573 1603 1946 1685 jurisdictio-

399 1721 487 1765 110
515 1706 792 1781 exempta
832 1698 934 1772 sit,
977 1704 1052 1759 ,et
1093 1698 1360 1778 subjecta
1411 1698 1665 1764 Abbatis
1704 1696 1947 1778 jurisdi-

399 1794 624 1858 011001.

524 1890 706 1950 Juxta
728 1885 1021 1949 celebrem
1052 1884 1422 1946 Decretalem
1461 1884 1797 1947 Innocentii
1838 1886 1944 1946 lv.

404 1985 473 2043 in
493 2003 619 2062 cap.
648 1984 880 2042 volentes
904 1981 970 2040 de
993 1980 1306 2060 privilegiis
1334 1981 1398 2038 in
1425 1984 1483 2039 6.
1517 1979 1863 2040 innovatam
1911 1997 1948 2041 a

408 2075 675 2139 Concilio
716 2073 985 2136 Trident.
1021 2094 1149 2135 ms.
1209 2080 1268 2135 7.
1300 2093 1426 2154 cap.
1463 2078 1558 2135 14.
1594 2074 1660 2135 de
1691 2074 1943 2151 Reform.

401 2170 655 2251 ,quando
682 2167 884 2249 agitur
922 2167 997 2228 de
1026 2168 1406 2247 exemptione
1459 2166 1669 2240 locali,
1730 2166 1825 2229 vel
1877 2167 1953 2229 de

407 2262 786 2343 exemptione
810 2260 1023 2333 mixta,
1056 2279 1213 2339 quae
1240 2268 1327 2320 est
1359 2279 1632 2322 concessa
1681 2261 1952 2340 personis

409 2365 654 2440 propter
724 2356 958 2430 locum,
1013 2354 1274 2436 cognitio
1305 2354 1505 2416 delicti
1537 2363 1707 2422 extra
1753 2353 1949 2416 locum

405 2453 704 2517 commissi
727 2460 950 2534 spectat
970 2451 1043 2513 ad
1079 2450 1498 2523 Ordinarium,
1513 2450 1607 2512 cui
1630 2449 1794 2512 locus
1816 2452 1955 2512 sub·

402 2549 594 2630 iectus
619 2556 730 2619 est,
760 2566 927 2608 secus
976 2554 1176 2607 autem
1231 2565 1293 2606 se
1339 2545 1522 2607 habet
1569 2564 1664 2606 res
1706 2547 1950 2625 quando

351 2708 356 2714 ,
408 2642 708 2723 exemptio
731 2649 819 2702 est
845 2640 1193 2721 personalis,
1208 2658 1343 2700 cum
1366 2639 1429 2699 in
1452 2638 1565 2700 hoc
1587 2658 1723 2700 casu
1747 2639 1952 2719 cogni·

403 2737 488 2799 tio
509 2734 709 2797 delicti
744 2743 915 2796 extra
943 2733 1138 2795 locum
1162 2731 1459 2793 commissi
1498 2751 1619 2792 non
1655 2731 1730 2792 ad
1764 2731 1946 2793 Ordi-

408 2830 649 2893 narium
676 2829 810 2902 loci,
832 2827 932 2889 sed
952 2827 1027 2889 ad
1049 2826 1320 2888 Judicem
1342 2825 1603 2906 exempti
1619 2825 1950 2905 pertineat,

406 2932 629 2989 etcum
662 2924 728 2987 in
755 2923 870 2985 hoc
895 2941 1069 2984 sensu
1105 2919 1386 3000 processit
1421 2920 1569 2982 haec
1613 2919 1745 2983 Sac.
1798 2919 1952 2980 Con-

401 3018 670 3101 gregatio
679 3020 745 3078 in
761 3016 1037 3078 Fir-mana
1061 3014 1513 3087 ,tur-indictionis,
1538 3032 1693 3093 quae
1712 3012 1851 3075 licet
1868 3016 1955 3075 dio

409 3120 507 3178 13.
530 3114 754 3195 Aprilis
779 3116 953 3174 1720.
984 3110 1169 3172 fuerit
1191 3109 1451 3172 resoluta
1473 3118 1678 3171 contra
1704 3108 1954 3170 Archio-

411 3207 718 3288 piscopum
742 3205 1127 3275 Firmanum,
1156 3210 1215 3265 et
1242 3202 1451 3265 favore
1481 3202 1776 3264 Abbatiae
1803 3202 1952 3264 Far-

405 3301 619 3375 Iensis‚
642 3299 732 3362 uti
753 3298 1017 3362 refertur
1043 3317 1076 3359 a
1109 3297 1420 3361 Scribente
1443 3315 1551 3376 pro
1572 3297 1808 3357 Abbate
1831 3296 1955 3357 Mo·

405 3396 655 3459 nasterii
694 3392 975 3457 Cavensis
999 3440 1018 3464 ,
1041 3391 1139 3453 die
1169 3390 1566 3453 nibilominus
1600 3395 1658 3451 3.
1705 3389 1955 3467 ,41190011

413 3495 587 3553 1720.
621 3506 916 3552 recessum
941 3485 1060 3548 fuit
1088 3504 1121 3548 a
1151 3483 1384 3558 decisis,
1410 3492 1470 3546 et
1512 3483 1763 3555 dictum,
1789 3484 1952 3564 quod

401 3582 672 3665 cognitio
691 3579 892 3645 delicti
918 3598 1036 3643 non
1058 3577 1135 3640 ad
1157 3576 1553 3639 Ordinarium
1577 3575 1948 3649 Farfensem,
1971 3622 1978 3627 .

409 3675 510 3737 sed
534 3674 611 3736 ad
645 3671 1173 3752 Archiepiscopum
1203 3670 1508 3750 spectabat
1550 3668 1908 3731 Firmanum
1930 3714 1947 3731 .

526 3768 643 3837 His
668 3767 989 3838 stantibus,
1020 3763 1374 3844 quaeritur:

355 3860 360 3865 ’
401 3900 430 3917 -1
463 3900 490 3911 ν
524 3862 626 3925 'Aa
651 3860 936 3924 Cauarae
962 3861 1350 3921 sustineantur
1386 3860 1453 3917 iu
1480 3876 1614 3917 casa
1640 3866 1742 3917 ete.
1839 3938 1844 3945 Ι

399 4016 454 4117 „h
489 4016 666 4109 'Sacri
690 4053 887 4121 congr.
917 4049 1118 4113 111033.
1149 4048 1359 4117 Augusti
1396 4006 1554 4099 ΠΜ..
1585 4046 1895 4112 respondit:

401 4180 426 4209 ,1
471 4184 560 4211 .,,-,.
593 4142 861 4205 Centum
883 4155 992 4192 esse
1016 4138 1230 4204 nullas,
1266 4148 1318 4188 ee
1368 4135 1674 4207 Episcopus
1693 4133 1959 4202 procedat

403 4247 481 4291 ‚eoe
513 4227 756 4297 integro.

731 4364 734 4369 *
827 4416 1190 4494 QUAESTIO
1230 4414 1524 4478 CCXXV.

403 4582 416 4689 ἶ
455 4622 559 4684 Η111
599 4619 791 4685 cam
838 4618 1183 4681 Taurinam·
1211 4616 1604 4685 Matrimonii,
1642 4616 1731 4677 dio
1768 4620 1867 4677 23.

949 4712 1199 4791 Anqusti
1227 4714 1399 4771 1721.

387 4834 764 4969 'Batonissa
810 4901 1084 4963 Susanna
1118 4900 1355 4960 Rovara
1382 4896 1457 4957 de
1508 4898 1812 4957 Ternavas
1839 4895 1949 4954 Vi-

337 5030 343 5035 ·
407 5001 531 5064 dua
544 4999 752 5061 relicta
777 4994 1030 5058 Baronis
1052 4992 1348 5055 Dominici
1371 4990 1716 5062 Blancardi,
1728 5010 1801 5052 ex
1826 5009 1948 5070 quo

405 5095 615 5178 plures
640 5090 896 5171 suscepit
913 5090 1159 5160 liberos,
1191 5094 1321 5166 post
1350 5084 1723 5166 trigesimum
1748 5083 1947 5145 vidui-

391 5189 549 5255 ‘tatis
566 5206 793 5250 annum
818 5193 1116 5254 exactum,
1141 5181 1280 5242 licet
1304 5178 1628 5240 constituta
1665 5177 1728 5238 in
1756 5184 1948 5238 aetate

407 5300 707 5348 annorum
771 5285 871 5341 70.
937 5274 1389 5338 matrimonium
1459 5272 1761 5333 contraxit
1810 5277 1947 5332 eum

406 5376 628 5458 Equite
654 5372 926 5436 Fabritio
959 5369 1303 5431 Cacherano
1333 5365 1655 5428 constituto
1685 5365 1748 5425 in
1783 5372 1946 5426 aeta-

402 5478 470 5536 te
492 5487 797 5535 annorum
832 5470 930 5528 34.
960 5463 1108 5527 etin
1133 5459 1444 5545 praesenti
1463 5457 1770 5522 contendit
1811 5475 1942 5520 ma·

2065 1143 2279 1205 delicet
2299 1152 2668 1206 contractum
2697 1145 2879 1206 fuisse
2898 1147 3119 1208 dicitur
3138 1168 3213 1209 ex
3231 1147 3594 1227 importunis

2057 1238 2461 1311 suasionibus,
2509 1247 2568 1300 et
2611 1240 3110 1319 suggestionibus,
3152 1250 3212 1303 et
3236 1242 3491 1304 ulterius
3515 1263 3590 1305 ex

2061 1330 2414 1412 impotentia
2442 1334 2726 1414 praedicti
2755 1336 2988 1414 Equitis
3030 1336 3309 1406 Fabritii,
3334 1355 3490 1417 quae
3515 1338 3590 1398 ad

2062 1426 2332 1487 tramites
2380 1427 2543 1489 Sacr.
2594 1429 2903 1489 Canonum
2926 1475 2942 1501 ,
2973 1429 3216 1508 qnando
3243 1429 3419 1492 suita
3449 1451 3592 1491 con-

2060 1519 2333 1582 trahente
2363 1521 2631 1602 ignorata
2667 1521 2897 1584 dirimit
2917 1523 3391 1594 matrimonium,
3412 1526 3592 1602 jwrta

2062 1612 2229 1673 Text.
2267 1616 2331 1673 in
2359 1634 2484 1694 cap.
2516 1617 2619 1692 qai
2645 1617 2845 1684 sedem,
2875 1625 2926 1675 et
2953 1618 3014 1674 in
3042 1636 3168 1695 cap.
3200 1635 3274 1676 ea:
3307 1618 3508 1676 litteris
3528 1618 3594 1678 do

2057 1706 2307 1785 friqidis‚
2352 1717 2403 1767 et
2442 1707 2817 1785 maleficiatis',
2861 1707 2936 1768 ad
2980 1708 3376 1771 differentiam
3401 1729 3590 1784 rasus,

2057 1801 2301 1879 quando
2329 1800 2607 1863 videlicet
2636 1801 3088 1864 matrimonium
3119 1803 3330 1865 fuisset
3355 1812 3592 1865 contra-

2056 1902 2217 1955 ctum
2231 1914 2366 1956 cum
2391 1895 2634 1957 scientia
2655 1895 3061 1975 impotentiae,
3088 1897 3348 1960 Ecclesia
3371 1898 3597 1978 quippe

2059 1990 2333 2050 Romana
2362 2009 2481 2050 non
2510 1990 2818 2052 consuevit
2846 1990 2907 2049 in
2926 1990 3059 2052 ‘hac
3084 1989 3222 2051 facti
3244 1991 3596 2074 contingen·

2060 2081 2145 2145 tia
2174 2083 2470 2165 Coniuges
2514 2102 2814 2163 separare,
2862 2085 3047 2162 juxta
3097 2084 3340 2147 Tooetam
3377 2087 3440 2145 in
3463 2106 3590 2167 cap.

2056 2178 2460 2238 consultationi
2483 2176 2664 2240 eodem
2695 2178 2885 2237 titulo.

2182 2268 2394 2343 Quoad
2420 2271 2748 2332 divortium
2798 2270 3038 2342 deinde,
3068 2278 3128 2332 et
3160 2272 3595 2351 separationem

2059 2362 2175 2424 tori
2205 2361 2666 2425 fundamentum
2716 2382 2750 2423 a
2806 2363 3120 2425 Baronissa
3172 2364 3482 2444 reponitur
3532 2366 3594 2426 in
3702 2363 3707 2366 ’

2061 2456 2532 2518 dissensionibus
2554 2464 2674 2518 tam
2688 2457 3099 2538 judicialibus,
3126 2477 3307 2535 quam
3326 2461 3596 2541 extraju-

2061 2549 2403 2623 dicialihus,
2425 2569 2582 2629 quae
2603 2551 2763 2610 inter
2780 2570 2864 2622 se,
2879 2558 2938 2611 et
2955 2550 3236 2630 Equitem
3260 2552 3340 2612 Fa
3350 2552 3596 2612 britium

2061 2644 2290 2726 vigent,
2331 2646 2512 2724 juxta
2555 2646 2787 2726 firmata
2813 2665 2915 2725 per
2938 2645 3142 2706 Rotam
3170 2647 3334 2705 decis.
3395 2650 3489 2708 13.
3525 2648 3601 2709 act

2063 2748 2327 2799 ornatam
2356 2737 2534 2798 Card.
2573 2739 2639 2798 de
2664 2736 2822 2798 Luca
2852 2740 2941 2796 tit.
2966 2738 3030 2797 dc
3055 2740 3308 2798 matrim.

2181 2832 2526 2895 Praetendit
2572 2839 2835 2893 econtra
2879 2831 3187 2893 Fabritius
3211 2877 3228 2904 ‚
3265 2834 3603 2906 nec-matri-

2062 2925 2331 2986 monium
2353 2946 2477 2988 esse
2498 2926 2761 2997 nullum,
2795 2945 2902 2988 nec
2922 2945 3047 2988 esse
3065 2926 3265 3000 locum
3315 2926 3596 3000 divortio,

2059 3026 2118 3079 et
2140 3020 2500 3099 separationi
2526 3020 2680 3082 tori.
2712 3021 2790 3081 Et
2811 3019 2872 3080 in
2889 3018 3247 3099 ecquidem,
3278 3021 3437 3100 quod
3461 3020 3599 3082 atti-

2061 3121 2169 3176 net
2184 3114 2259 3177 ad
2287 3114 2647 3189 nullitatem,
2672 3112 2839 3187 dicit,
2862 3133 2983 3175 non
3009 3113 3332 3176 subsistere
3347 3123 3601 3181 assertas

2059 3207 2438 3288 importunas
2471 3209 2896 3291 suggestiones,
2950 3227 3087 3269 cum
3114 3208 3333 3275 mulier
3376 3209 3602 3286 pluries

2065 3301 2454 3382 explicaverit
2483 3302 2756 3363 animum
2782 3320 2986 3373 suum,
3016 3308 3076 3361 et
3117 3300 3478 3361 desiderium
3506 3322 3600 3363 se·-

2062 3414 2200 3456 cum
2230 3395 2621 3457 contrahendi
2656 3394 3132 3465 matrimonium,
3172 3412 3419 3456 munera
3448 3415 3600 3456 rece-

2068 3488 2247 3566 perit,
2278 3488 2637 3551 laetabunda
2665 3487 2974 3549 accesserit
3001 3487 3073 3548 ad
3095 3487 3595 3563 contrahendum,

2060 3588 2121 3643 et
2149 3581 2600 3644 matrimonium
2631 3581 2693 3642 in
2738 3580 2889 3642 facie
2914 3580 3213 3642 Ecclesiae
3257 3601 3457 3643 coram
3487 3583 3600 3645 Pa.-

2057 3673 2283 3747 rocho,
2321 3681 2382 3734 et
2434 3674 2711 3735 Testibus
2754 3672 3117 3737 contraxerit
3150 3682 3279 3753 post
3316 3683 3433 3736 tres
3476 3674 3603 3745 dies

2061 3768 2316 3846 elapsos,
2350 3773 2665 3846 postquam
2689 3766 2988 3845 sponsalia
3014 3766 3233 3828 fecerat
3263 3787 3368 3845 per
3399 3769 3599 3847 publi-

2060 3880 2221 3934 cum,
2242 3869 2299 3921 et
2316 3859 2580 3921 solemne
2610 3861 3105 3931 instrumentum,
3138 3867 3197 3920 ot
3219 3860 3277 3917 in
3302 3878 3394 3931 00,
3427 3862 3591 3939 quod

2059 3961 2285 4034 spectat
2311 3954 2385 4015 ad
2411 3953 2662 4014 relatam
2688 3953 3104 4031 impotentiam
3133 3997 3150 4020 ,
3182 3952 3446 4014 *exhibet
3477 3954 3608 4031 ipse

2055 4048 2340 4128 peritiam
2393 4046 2817 4129 Physicorum,
2867 4053 2927 4106 et
2974 4046 3447 4125 Chirurgorum,
3494 4048 3601 4126 qui

2055 4140 2453 4203 =consideratis
2479 4139 2570 4199 sui
2591 4137 2864 4216 corporis
2888 4138 3181 4216 partibus,
3210 4137 3601 4218 (1010000110-

2061 4242 2121 4296 te
2147 4235 2221 4294 ad
2254 4232 2795 4297 consummandum
2849 4231 3301 4291 matrimonium
3335 4231 3604 4293 tulerunt

2053 4327 2493 4399 testimonium,
2522 4326 2727 4386 itauta
2756 4324 3005 4385 caeteris
3028 4325 3519 4404 praescindendo,
3550 4328 3604 4387 si

2059 4422 2370 4493 evidenter
2394 4440 2511 4480 non
2542 4424 2770 4480 constat
2803 4419 2879 4479 de
2902 4417 3280 4497 impotentia,
3303 4420 3607 4482 subintret

2058 4516 2159 4579 lex
2203 4517 2278 4577 de
2322 4513 2603 4576 triennali
2647 4510 3090 4575 cohabitatione
3116 4519 3441 4592 antequam
3473 4533 3605 4575 esse

2059 4608 2246 4689 possit
2268 4607 2433 4668 locus
2455 4603 2833 4666 dissolutioni
2860 4602 3254 4675 matrimonii,
3293 4605 3474 4681 juaem
3506 4606 3603 4665 Ye-

2058 4713 2231 4763 xtum
2250 4703 2312 4758 in
2337 4719 2461 4777 cap.
2497 4698 2839 4758 laudabilem
2860 4697 2924 4755 de
2947 4696 3196 4774 sriyidis,
3221 4707 3271 4755 et
3290 4700 3528 4777 malefice.

2179 4795 2259 4855 Et
2290 4801 2413 4872 post
2447 4791 2594 4852 haec
2623 4790 2671 4850 F
2674 4789 2931 4851 abritius
2962 4788 3286 4850 transitum
3327 4790 3613 4857 faciendo,

2065 4888 2139 4950 ad
2173 4886 2529 4957 divortium,
2560 4891 2620 4945 et
2646 4884 2758 4944 tori
2788 4882 3248 4963 separationem,
3280 4883 3387 4955 ait,
3434 4904 3604 4946 ama-

2053 4980 2349 5043 ritudines
2374 4978 2529 5039 inter
2555 4995 2640 5049 se,
2670 4984 2729 5037 et
2755 4975 3139 5036 Baronissam
3170 4986 3434 5049 exorta5‚
3456 4998 3600 5040 eau-

2055 5095 2211 5148 sam,
2248 5082 2305 5134 et
2333 5072 2627 5151 originem
2660 5069 2943 5130 hahuisse
2967 5071 3045 5132 ab
3080 5071 3461 5132 accusatione
3487 5072 3607 5132 im-

2056 5169 2382 5252 potentiae,
2413 5186 2570 5245 quae
2597 5165 2658 5224 in
2692 5164 2969 5237 dedecus,
3015 5172 3074 5225 et
3093 5165 3409 5244 utriusque
3437 5166 3603 5231 deri,-

2054 5265 2283 5327 sionem
2333 5261 2639 5339 vergebat,
2670 5258 2943 5319 addendo
2969 5257 3166 5318 nullas
3193 5257 3596 5323 intercessisse

2054 5358 2356 5429 saevitias,
2373 5362 2612 5433 propter
2629 5371 2782 5432 quas
2797 5370 2922 5411 esse
2935 5352 3127 5413 valeat
3141 5352 3304 5413 locus
3314 5353 3373 5412 di
3386 5355 3603 5431 vortit),

2060 5461 2122 5515 et
2138 5448 2533 5533 separationi,
2557 5446 2674 5511 tori
2697 5464 2832 5507 cum
2846 5446 3031 5525 juxta
3056 5448 3260 5508 celebre
3283 5445 3608 5519 Consilium
