4393 6299
1713 491 2174 564 Quas-rio
2233 491 2338 549 xc.
3364 495 3449 551 ἠ

421 638 794 732 reductionis
824 637 1170 718 Missamm,
1208 644 1301 706 vel
1326 646 1633 726 augmenti
1658 646 1816 711 dotis
1848 647 1971 711 dis-

423 736 544 796 cuti
582 757 750 815 posse
781 737 1022 798 videtur
1041 786 1056 808 ,
1099 756 1236 810 cum
1265 741 1562 822 contingit
1587 742 1972 804 deterioratio

425 829 755 890 fundorum
778 831 1240 912 assignatorum,
1272 853 1439 895 secus
1461 841 1687 909 autem,
1712 836 1969 916 quotie&

428 933 609 1003 prout
639 924 701 987 in
747 943 887 987 casu
907 972 923 999 ,
961 926 1129 988 nulla
1157 928 1370 990 accidit
1398 929 1804 1002 deterioratio,
1833 949 1970 992 cum

426 1020 636 1080 eadem
668 1039 903 1100 semper
927 1021 1127 1101 vigeat
1148 1021 1435 1105 obligatio
1460 1023 1832 1103 persolvendi
1861 1044 1974 1086 an-

426 1132 545 1173 nua
578 1124 744 1175 amita
774 1119 873 1174 42.
903 1116 1237 1196 Absqueeo
1265 1118 1425 1197 quod
1459 1118 1791 1199 quidquam
1816 1119 1973 1183 refe·

426 1216 522 1269 rat
547 1208 809 1269 edictum
823 1210 1101 1290 Episcopi
1116 1230 1344 1293 augens
1359 1211 1801 1295 eleemosynam
1827 1214 1972 1275 Mis·

422 1320 525 1362 sae
567 1321 603 1363 a
642 1302 808 1363 Julio
851 1324 975 1366 uno
1021 1314 1292 1368 monetae
1348 1306 1562 1368 Urbini
1614 1308 1690 1369 ad
1738 1308 1969 1369 Julium

426 1414 617 1456 unum
650 1409 927 1460 monetae
972 1401 1296 1475 Romanae,
1327 1400 1817 1481 quandoquidem
1843 1402 1972 1462 edi-

422 1497 588 1549 ctum
620 1491 895 1571 loquitur
923 1492 997 1554 de
1023 1492 1222 1554 Missis
1250 1494 1635 1556 manualibus
1662 1501 1722 1556 et
1746 1513 1869 1556 non
1897 1495 1973 1557 de

424 1582 626 1646 Missis
653 1585 978 1666 perpetuis.

539 1677 654 1739 His
674 1679 992 1752 stantibus,
1025 1680 1377 1760 quaeritur:

420 1828 429 1840 ,
540 1771 593 1833 Ι.
639 1774 735 1832 An
764 1776 1074 1835 transactio
1094 1777 1465 1848 sustineatur,
1490 1783 1542 1836 et
1573 1786 1849 1855 quatenus
1875 1775 1970 1855 at'·

420 1868 723 1947 firmative,
745 1888 843 1928 scu
873 1871 1159 1948 neqative.

543 1961 622 2022 11.
666 1963 762 2024 An
780 1966 856 2024 sit
874 1966 1024 2022 Iocus
1047 1974 1345 2043 auqmento
1361 1965 1530 2036 dotis,
1553 1966 1639 2026 ecl
1654 1965 1973 2027 reductioni

424 2056 764 2130 Minorem,
788 2060 854 2115 in
878 2076 1037 2128 casu,
1070 2068 1172 2119 etc.
1658 2059 1661 2062 “

532 2254 673 2300 Sacr.
700 2248 899 2316 Congr.
936 2248 1025 2302 die
1051 2251 1138 2305 18.
1176 2251 1367 2303 Martii.
1400 2252 1556 2304 1719.
1587 2251 1894 2321 respo-dits

599 2336 694 2389 Ad
712 2337 951 2405 primum
979 2337 1244 2406 negative,
1273 2351 1329 2391 et
1358 2342 1554 2395 Patres
1577 2352 1808 2394 utantur
1841 2341 1974 2410 jure

412 2445 515 2479 suo
544 2425 728 2494 quoad
755 2426 932 2481 litem.
982 2424 1080 2481 Ad
1097 2427 1395 2481 secundum
1439 2429 1617 2483 teneri
1640 2429 1716 2481 ad
1737 2429 1972 2484 dotatio-

418 2532 541 2565 nem
564 2525 732 2582 prout
757 2513 968 2583 dejure
986 2551 1002 2567 .

918 2708 1278 2784 QUAESTIO
1321 2710 1479 2773 xct.

574 2912 647 2972 In
678 2911 874 2974 Causa
895 2910 1192 2974 Casalensi
1216 2914 1592 2987 Residentt'ae,
1627 2915 1718 2976 die
1744 2918 1803 2976 4.

969 3007 1195 3069 Martii
1230 3013 1405 3069 1719.

423 3132 787 3258 Occasione
815 3216 936 3278 qua
968 3215 1075 3277 per
1105 3197 1341 3259 obitum
1361 3196 1646 3260 Canonici
1668 3195 1965 3259 Theodori

424 3289 708 3351 Belliardi
755 3293 991 3355 vacavit
1035 3291 1189 3354 alter
1233 3311 1310 3353 ex
1348 3292 1816 3355 Canonicatibus
1852 3293 1967 3353 Ec-

420 3383 633 3447 clesiae
660 3386 1029 3449 Parocbialis
1052 3387 1114 3448 S.
1147 3386 1378 3449 Mariae
1400 3387 1604 3450 Novae
1629 3385 1849 3470 Oppidi
1875 3387 1968 3449 Lu

418 3478 693 3542 Casalen.
725 3481 1048 3555 Dioecesis,
1072 3481 1149 3544 ad
1181 3500 1364 3561 quem
1399 3482 1484 3543 sic
1517 3489 1831 3544 vacantem
1860 3480 1968 3543 Al-

419 3571 687 3652 pbonsus
754 3574 1075 3657 Cajetanus
1152 3574 1493 3637 Belliardus
1561 3574 1967 3655 praesentavit

419 3667 712 3731 loannem
743 3669 1131 3731 Franciscum
1182 3671 1431 3732 fratrem
1471 3688 1649 3731 suum
1674 3714 1691 3743 ,
1737 3670 1846 3751 qui
1876 3670 1971 3731 in·

419 3763 790 3825 stitutionem
820 3765 900 3826 ab
928 3764 1221 3845 Episcopo
1256 3765 1608 3845 reportavit,
1647 3773 1706 3826 et
1737 3782 1966 3845 posses-

418 3857 647 3920 sionem
694 3858 855 3939 cepit
879 3904 897 3933 ,
955 3866 1166 3920 exorta
1215 3866 1305 3920 est
1355 3858 1762 3921 controversia
1810 3859 1968 3921 inter

418 3954 677 4035 Agentes
700 3953 1162 4016 communitatis
1195 3952 1415 4033 Oppidi
1447 3954 1522 4015 de
1547 3954 1660 4029 Lu,
1697 3953 1773 4016 ad
1814 3946 1975 4036 quos

422 4066 526 4128 per
554 4057 802 4109 turnum
833 4047 1093 4129 pertinet
1126 4046 1530 4127 praesentatio
1581 4048 1661 4110 ad
1705 4047 1967 4111 Canoni-

419 4149 607 4213 eatus,
659 4149 720 4204 et
745 4160 849 4203 eos
898 4142 976 4204 de
1015 4141 1335 4203 Belliardis
1361 4186 1379 4216 ,
1428 4143 1538 4222 qui
1582 4143 1809 4222 pariter
1862 4161 1969 4225 per

421 4243 669 4297 turnum
697 4236 925 4298 habent
967 4237 1069 4317 jus
1104 4236 1484 4311 nominandi,
1527 4255 1634 4298 seu
1681 4254 1966 4317 praesen-

423 4330 626 4402 tandi,
682 4348 760 4392 an
801 4329 1088 4393 Canonici
1145 4330 1466 4403 nominati,
1516 4337 1577 4392 et
1613 4331 1965 4394 nominandi

421 4422 500 4485 ab
541 4423 657 4487 bac
694 4422 901 4486 eadem
952 4423 1185 4486 familia
1204 4424 1366 4485 'onus
1382 4424 1647 4488 babeant
1667 4424 1962 4499 formalis,

423 4525 483 4579 et
524 4518 827 4599 praecisae
868 4518 1228 4580 residentiae
1246 4518 1601 4599 personalis,
1637 4518 1967 4599 eademque

422 4611 495 4673 ad
543 4611 702 4674 hanc
749 4612 990 4674 Sacram
1019 4610 1553 4695 congregationem
1582 4612 1812 4687 delata,
1841 4614 1964 4681 dis-

423 4707 760 4784 putandum
783 4706 847 4767 in
877 4708 1176 4788 praesenti
1209 4708 1568 4790 proponitur
1595 4708 1851 4770 dubium
1869 4708 1967 4770 in-

421 4798 512 4862 fra
535 4801 958 4881 exponendum
981 4845 998 4864 .

535 4893 856 4955 Contendit
876 4893 1290 4957 communitas
1314 4894 1536 4976 Oppidi
1558 4895 1637 4957 de
1660 4896 1775 4970 Lu,
1799 4895 1963 4976 quod

420 4987 559 5049 dicti
592 4987 874 5050 Canonici
903 4989 979 5050 ad
1002 4988 1316 5052 formalem
1339 4989 1666 5070 praecisam
1701 4990 1965 5052 residen-

422 5081 567 5142 tiam
592 5082 967 5162 personalem
1002 5090 1318 5146 teneantur
1346 5100 1467 5144 non
1495 5083 1690 5145 solum
1718 5102 1794 5146 ex
1838 5084 1963 5145 dis-

2083 645 2481 729 Congregatio
2509 649 2826 714 accedente
2851 668 3099 715 assensu
3142 668 3355 714 eorum
3396 649 3472 712 de
3499 648 3636 713 Bel·-

2083 741 2296 804 liardis
2330 752 2619 824 tanquam
2654 747 3079 821 Patronorum,
3114 747 3481 828 approbavit
3505 765 3633 809 ces-

2081 837 2352 910 sionem,
2406 838 2675 920 injuncta
2721 839 3041 903 Canonicis
3083 841 3453 923 obligatione
3479 840 3630 904 resi·-

2081 930 2288 1003 dendi,
2324 939 2382 993 et
2403 931 2699 995 Ecclesiae
2721 931 3090 997 inserviendi
3120 954 3228 1015 per
3246 936 3469 1016 seipsos
3488 976 3506 994 .

2203 1025 2388 1086 Addit
2425 1025 2877 1100 Communitas,
2934 1030 3097 1109 quod
3129 1028 3339 1092 relicta
3382 1029 3632 1092 fuerunt

2082 1117 2383 1180 Ecclesiae
2409 1119 2624 1200 Legata
2654 1120 2776 1201 pia,
2810 1120 3034 1184 intuitu
3062 1121 3443 1195 residentiae,
3472 1131 3532 1184 et
3552 1123 3631 1186 ad

2085 1214 2270 1276 finem
2307 1214 2579 1275 eamdem
2605 1216 3019 1293 promovendi,
3041 1225 3099 1278 et
3123 1217 3288 1298 quod
3311 1217 3631 1278 residenti·

2085 1308 2200 1369 bus
2228 1307 2373 1369 aliis
2404 1307 2722 1369 Canonicis
2745 1317 2866 1369 tam
2895 1309 3184 1390 antiquis,
3213 1329 3399 1391 quam
3429 1331 3630 1373 reeen-

2082 1412 2174 1465 ter
2201 1422 2237 1464 a
2265 1402 2562 1464 moderno
2612 1405 2906 1484 Episcopo
2931 1404 3256 1477 institutis,
3287 1412 3632 1467 monstruo-

2079 1516 2215 1557 sum
2243 1505 2416 1570 esset,
2452 1498 2615 1577 quod
2640 1498 2932 1559 nominati
2958 1517 2992 1560 a
3022 1497 3255 1561 familia
3282 1499 3358 1561 de
3382 1499 3633 1561 Belliar-

2080 1591 2173 1652 dis
2201 1610 2323 1652 non
2359 1599 2558 1654 essent
2597 1592 2768 1653 oneri
2821 1592 3186 1655 residentiae
3238 1593 3524 1676 subjecti3
3569 1601 3631 1657 et

2080 1685 2274 1748 multo
2325 1685 2517 1767 magis
2539 1730 2556 1759 ,
2621 1685 2767 1765 quia
2818 1685 3201 1766 Praepositus
3249 1687 3631 1750 Placentinus

2076 1787 2492 1860 praesentatus
2517 1799 2554 1843 a
2578 1780 2895 1843 Belliardis
2917 1800 3081 1842 anno
3115 1786 3289 1842 1700.
3316 1788 3375 1843 et
3401 1781 3480 1843 sit
3496 1789 3632 1863 post

2078 1873 2331 1936 relatam
2379 1875 2596 1938 Sacrae
2634 1876 3126 1958 Congregationis
3158 1877 3581 1939 resolutionem
3605 1923 3625 1952 ,

2078 1969 2490 2050 punctualiter
2530 1989 2637 2050 per
2671 1970 2871 2032 decem
2917 1978 2977 2032 et
3004 1978 3137 2033 octo
3160 1990 3373 2045 annos,
3404 1969 3630 2052 quibus

2078 2063 2254 2137 vixit,
2280 2062 2677 2145 personaliter
2694 2065 2934 2137 resedit,
2957 2084 3116 2147 quae
3131 2066 3461 2147 Praepositi
3478 2066 3630 2129 resi-

2076 2156 2279 2222 dentia
2296 2158 2507 2220 referri
2528 2159 2820 2241 nequitad
2833 2179 3038 2223 curam
3050 2160 3419 2231 animarum,
3436 2179 3625 2242 quam

2079 2253 2239 2315 idem
2271 2255 2608 2328 exercebat,
2645 2274 2782 2315 cum
2805 2253 3003 2317 Choro
3035 2255 3345 2316 interesset
3378 2254 3629 2318 indutus

2078 2347 2547 2429 Superpelliceo,
2581 2350 2806 2422 Bireto‚
2838 2357 2899 2411 et
2937 2349 3231 2424 Almutia,
3271 2354 3331 2411 et
3353 2350 3628 2431 subjace-

2076 2450 2167 2504 ret
2193 2441 2593 2522 punctaturis,
2618 2441 2884 2505 sicutalii
2905 2443 3299 2525 subjacebant
3314 2442 3625 2507 Canonici.

2195 2533 2582 2597 Contendunt
2597 2554 2632 2596 e
2647 2543 2856 2597 contra
2885 2535 2976 2596 illi
2996 2537 3072 2598 de
3098 2535 3438 2612 Belliardis,
3462 2538 3629 2617 quod

2080 2629 2159 2692 Ca
2170 2629 2370 2692 nonici
2399 2649 2435 2691 a
2459 2649 2522 2691 se
2551 2629 2872 2703 nominati,
2898 2639 2959 2693 et
2984 2631 3341 2695 nominandi
3364 2650 3485 2693 non
3516 2631 3630 2695 ba-

2077 2725 2261 2785 beant
2288 2715 2444 2784 onus
2469 2723 2776 2798 formalis,
2824 2733 2883 2787 et
2930 2725 3234 2805 praecisae
3268 2725 3630 2788 residentiae

2077 2818 2413 2899 personalis
2435 2839 2453 2893 3
2480 2819 2686 2881 Sixtus
2703 2818 2923 2881 etenim
2946 2818 3215 2894 Quartus
3235 2819 3297 2881 in
3319 2839 3426 2882 sua
3448 2820 3626 2884 Bulla

2078 2932 2359 2994 expresse
2387 2913 2660 2996 permisit
2681 2912 3020 2988 canonicis,
3057 2921 3128 2976 ut
3151 2912 3448 2975 inservire
3486 2933 3624 2994 pos-

2076 3018 2211 3069 sent
2258 3027 2363 3088 per
2397 3007 2772 3081 substitutos,
2801 3015 2861 3070 et
2898 3007 3181 3090 quamvis
3217 3008 3485 3070 univerit
3510 3009 3627 3072 Ec·

2075 3100 2290 3166 clesiae
2343 3102 2406 3163 S.
2461 3102 2691 3166 Mariae
2715 3102 2919 3166 Novae
2965 3102 3262 3185 quaedam
3291 3100 3621 3177 Beneficia,

2079 3215 2346 3278 quorum
2380 3196 2610 3259 fructus
2631 3206 2825 3260 essent
2846 3197 3156 3259 dividendi
3183 3197 3345 3259 inter
3370 3198 3625 3260 interes-

2078 3301 2280 3353 sentes
2307 3291 2544 3354 Divinis
2574 3291 2822 3365 Officiis,
2873 3291 3019 3353 baec
3064 3299 3265 3352 tamen
3297 3291 3626 3355 residentia

2078 3406 2202 3449 non
2250 3395 2340 3449 est
2366 3387 2654 3469 praecisa,
2684 3387 2786 3449 sed
2834 3386 3162 3460 causativa,
3188 3393 3248 3448 et
3270 3386 3335 3447 in
3359 3405 3433 3449 eo
3459 3388 3626 3467 quod

2073 3481 2290 3543 attinet
2334 3480 2429 3543 vel
2475 3481 2551 3543 ad
2585 3479 3032 3561 dispositionem
3074 3479 3136 3541 S.
3188 3479 3438 3543 Concilii
3485 3481 3625 3543 Tri-

2081 3574 2340 3647 dentini,
2362 3575 2457 3636 vel
2481 3573 2554 3636 ad
2585 3573 3009 3636 resolutionem
3032 3573 3216 3656 hujus
3234 3574 3454 3637 Sacrae
3473 3574 3632 3637 Con-

2076 3668 2467 3751 gregationis,
2494 3669 2704 3731 dicunt
2730 3668 2960 3732 nullam
2985 3689 3059 3732 ex
3089 3667 3302 3735 iisdem
3331 3669 3623 3751 applicari

2074 3763 2240 3826 casui
2265 3762 2600 3844 praesenti:
2640 3781 2762 3825 non
2791 3762 3074 3845 primam,
3111 3762 3257 3844 quia
3285 3763 3622 3826 Concilium

2078 3856 2503 3919 Tridentinum
2539 3876 2661 3919 non
2693 3855 2950 3938 imponit
2971 3876 3127 3919 onus
3149 3857 3447 3919 residendi
3497 3857 3621 3919 illis

2076 3951 2418 4026 Cannnicis,
2449 3951 2556 4031 qui
2602 3951 2760 4013 illud
2806 3970 2929 4012 non
2968 3949 3197 4013 babent
3220 3950 3284 4011 in
3315 3949 3624 4031 sequelam

2077 4046 2291 4107 Bullao
2318 4044 2700 4120 pontificiam
2731 4064 2856 4107 non
2881 4046 3229 4118 secundam,
3275 4044 3418 4125 quia
3445 4063 3619 4125 prae·

2075 4140 2259 4202 misso
2284 4140 2345 4201 in
2381 4140 2558 4213 facto,
2602 4140 2766 4222 quod
2796 4140 3175 4221 Praepositus
3212 4139 3327 4200 sibi
3359 4138 3423 4200 in
3453 4158 3622 4220 prae-

2077 4235 2320 4297 teritum
2368 4234 2779 4316 applicaverat
2824 4235 3054 4297 reditus
3100 4232 3537 4296 Beneficiorum
3581 4252 3620 4299 a

2074 4329 2247 4391 Sixto
2269 4330 2501 4405 Quarto
2519 4330 2854 4402 unitorum,
2875 4338 2935 4391 et
2960 4329 3122 4410 quod
3141 4329 3272 4390 loco
3292 4328 3621 4391 Redituum

2072 4425 2514 4504 praedictorum
2551 4422 2988 4486 Beneficiorum
3016 4423 3384 4486 cessit·anno
3421 4428 3622 4486 lesos

2073 4538 2315 4582 mensae
2341 4518 2672 4600 Capitulari
2701 4518 2947 4580 ducatos
2972 4518 3174 4595 decem
3203 4516 3338 4579 auri
3379 4517 3453 4578 de
3503 4518 3618 4580 Ca-

2071 4632 2261 4686 mers,
2308 4614 2703 4695 supplicando
2732 4614 2948 4674 Sacrae
2973 4611 3452 4694 [Congregationi
3507 4620 3626 4692 pro

2073 4708 2554 4782 eonfirmatione,
2584 4727 2664 4769 ne
2684 4707 2868 4769 cessio
2900 4725 2935 4769 a
2963 4725 3026 4768 se
3054 4705 3206 4769 facta
3232 4707 3629 4787 impugnare«

2074 4810 2173 4863 tur
2199 4821 2237 4863 a
2269 4801 2773 4883 subsequentibus
2795 4802 2859 4862 in
2880 4800 3297 4881 praepositura
3319 4819 3624 4862 suecesso-

2072 4896 2266 4967 ribus,
2317 4896 2574 4966 infertur
2597 4942 2613 4969 ,
2657 4895 2817 4977 quod
2846 4914 3195 4976 responsum
3221 4894 3438 4956 Sacrae
3455 4895 3616 4956 Con-

2071 4990 2439 5071 gregationis
2465 5036 2483 5065 ‚
2543 4990 2612 5051 in
2637 5009 2762 5070 quo
2782 4991 2968 5051 cessio
3011 4989 3129 5050 fuit
3154 4987 3532 5062 confirmata,
3556 4994 3620 5052 et

2071 5083 2133 5145 in
2188 5103 2313 5165 quo
2357 5084 2629 5167 injuncta
2670 5083 2787 5145 fuit
2822 5081 3137 5145 Canonicis
3186 5081 3477 5163 obligatio
3517 5101 3615 5144 re-

419 5175 714 5254 positione
738 5176 903 5239 Sacri
925 5176 1177 5240 Concilii
1197 5177 1538 5239 Tridentini
1552 5197 1678 5240 sess.
1704 5182 1803 5240 at.
1829 5198 1954 5260 cap.
2067 5178 2326 5251 sidendi‚
2364 5186 2426 5240 et
2449 5177 2748 5241 Ecclesiae
2793 5176 3157 5239 inserviendi
3189 5196 3297 5256 per
3338 5195 3400 5238 se
3429 5175 3612 5256 ipsos,

420 5271 514 5330 12.
542 5270 608 5331 dc
629 5270 880 5349 Reform.
916 5272 1017 5333 sed
1045 5272 1226 5334 etiam
1263 5271 1407 5353 quia
1437 5272 1818 5353 Praepositus
1844 5274 1959 5335 Ec·

2072 5272 2288 5334 referri
2318 5273 2529 5353 aequit
2545 5273 2622 5335 ad
2643 5270 3029 5334 residentiam
3052 5270 3518 5352 praecisam,sed
3533 5271 3614 5334 ad

418 5361 633 5426 clesiae
658 5384 820 5427 anno
851 5371 1026 5427 1699.
1059 5366 1233 5428 cessit
1264 5366 1473 5428 favore
1504 5367 1747 5428 Mensae
1791 5366 1961 5448 Capi·
2067 5366 2455 5430 residentiam
2506 5366 2906 5430 causativam:
2949 5373 3011 5427 et
3054 5364 3369 5446 specialius
3398 5410 3415 5440 ,
3464 5364 3614 5446 quia

421 5455 638 5520 tutaris
653 5458 900 5522 ducatos
916 5459 1118 5523 decem
1142 5460 1277 5523 auri
1303 5460 1378 5522 de
1405 5460 1676 5535 Camera,
1697 5468 1757 5523 et
1777 5459 1959 5525 Sacra
2066 5481 2342 5525 assensus
2371 5470 2514 5525 tunc
2541 5462 2859 5544 praestitus
2886 5479 2923 5526 a
2966 5459 3284 5524 Belliardis
3307 5467 3596 5542 tanquam
