4393 6299
975 513 1081 568 ΝΞ

2026 506 2472 578 QUAESTlotuts
2509 504 2867 561 cmommi

778 668 923 732 dum
952 668 1028 729 de
1050 662 1431 747 professionis
1464 662 1741 725 nullitate
1766 684 1784 737 ς
1840 661 1930 725 uti
1973 659 2201 723 relictis
2226 679 2329 743 ge·
2433 657 2891 741 incorrigibilia,
2915 665 2976 721 et
3000 664 3162 741 gesta
3182 677 3218 720 a
3246 655 3526 721 Patribus
3551 649 3980 737 Superioribus

776 764 1094 826 neralibus
1115 761 1178 822 in
1201 757 1394 840 specie
1414 758 1919 820 Constitutionum
1947 756 2195 820 Ordinis
2218 755 2326 819 Ca·
2436 755 2774 818 fueruntab
2791 753 2903 816 hac
2916 751 3577 834 SacraCongregatione
3592 749 3969 813 confirmata.

777 856 1167 938 puccinorum
1232 853 1447 932 probat
1505 852 1676 913 Pater
1724 851 2219 913 Bartholomaeus
2253 851 2328 912 de

776 948 1051 1012 Vccchiis
1073 950 1135 1007 in
1158 945 1316 1008 libro
1343 947 1436 1006 cui
1471 946 1704 1014 titulus,
1738 944 1957 1006 Praoeis
1984 945 2325 1005 observanda

775 1046 840 1105 in
857 1043 1215 1105 admittendis
1239 1041 1313 1101 ad
1336 1041 1624 1116 religionis
1636 1048 1847 1100 statum
1871 1039 2142 1112 Novitiis,
2172 1040 2319 1119 disp.

781 1142 876 1200 13.
925 1140 1056 1197 dub.
1093 1141 1187 1197 15.
1219 1155 1377 1195 num.
1416 1138 1476 1195 4.
1515 1143 1566 1195 et
1593 1135 1751 1215 plur.
1784 1153 1933 1213 seqq.
1960 1145 2012 1195 et
2036 1137 2329 1214 siqnanter

774 1251 934 1292 num.
968 1237 1027 1291 8.

933 1322 1190 1386 Auditus
1216 1320 1333 1391 fuit
1380 1338 1559 1401 super
1609 1320 1724 1382 hac
1753 1320 2040 1383 instantia
2098 1321 2162 1381 P.
2221 1321 2318 1382 Jo.

776 1418 1074 1482 Francisci
1108 1417 1183 1480 de
1213 1415 1475 1477 Massiua
1502 1415 1569 1476 P.
1605 1413 1779 1475 Prior
1804 1413 2115 1477 Generalis
2141 1412 2326 1475 Ordi-

776 1513 871 1575 nis
891 1559 908 1586 ,
934 1512 1040 1593 qui
1067 1509 1236 1573 nullo
1256 1510 1414 1572 facto
1432 1507 1619 1570 verbo
1638 1526 1818 1588 super
1839 1506 2155 1570 existentia
2175 1527 2332 1568 mor·

775 1607 842 1670 hi
869 1605 1220 1688 Epileptici,
1248 1603 1345 1666 vel
1390 1610 1653 1681 tempore
1681 1601 2010 1681 praesenti,
2048 1600 2145 1663 vel
2189 1608 2331 1663 ante

776 1701 1053 1765 emissam
1078 1697 1541 1780 professionem,
1571 1695 1809 1765 subdit,
1860 1694 2223 1768 nullitatem,
2254 1696 2329 1758 de

778 1813 902 1877 qua
949 1794 1013 1855 in
1040 1791 1452 1873 superioribus
1481 1808 1677 1852 sermo
1704 1788 1948 1851 babitus
1987 1800 2115 1863 est,
2147 1789 2330 1851 iudu-

779 1898 935 1952 ctam
964 1905 1089 1948 esse
1118 1883 1324 1947 favore
1359 1881 1688 1961 Religionis
1712 1927 1730 1955 ‚
1766 1891 1822 1944 et
1857 1900 1975 1942 non
2007 1882 2288 1963 Religiosi
2310 1928 2328 1956 ‚

779 1983 943 2046 etsie
968 1978 1278 2060 Religione
1318 1975 1663 2038 nullatenus
1688 1975 1982 2039 validitati
2012 1974 2333 2055 professio-

780 2077 876 2138 nis
896 2072 1340 2138 contradicente
1362 2114 1381 2144 ,
1405 2087 1525 2131 non
1550 2088 1719 2150 posse
1759 2068 2099 2132 nullitatem
2127 2088 2163 2131 a
2183 2069 2333 2131 Pro-

778 2168 933 2231 fesso
961 2164 1243 2248 allegari.

896 2259 1052 2324 Addi
1078 2264 1291 2339 posset,
1313 2274 1431 2318 non
1447 2251 1864 2317 irrationabile
1884 2252 2037 2316 forte
2056 2253 2331 2317 futurum

778 2373 904 2418 esse
927 2358 1243 2422 assertum,
1261 2349 1308 2411 si
1342 2347 1481 2429 quis
1502 2346 1746 2420 diceret,
1773 2345 2034 2410 validam
2060 2346 2242 2409 fuisse
2264 2345 2329 2410 in

778 2447 954 2511 dictis
977 2444 1252 2508 terminis
1280 2440 1745 2523 professionem;
1780 2440 1844 2502 in
1872 2439 2331 2504 constitutioni-

778 2541 896 2603 bus
934 2538 1158 2602 etenim
1200 2535 1448 2599 Ordinis
1481 2553 1601 2596 non
1632 2533 1800 2595 adest
1848 2534 2149 2596 decretum
2186 2534 2330 2596 irri-

781 2640 915 2696 tans
937 2678 954 2704 ,
988 2639 1046 2693 et
1075 2629 1331 2709 simplex
1360 2627 1747 2689 interdictum
1766 2626 1897 2689 sine
1926 2626 2161 2689 decreto
2189 2627 2333 2689 irri-

781 2733 947 2789 tante
970 2743 1088 2786 non
1110 2721 1289 2784 efficit
1320 2719 1552 2782 nullam
1583 2718 2030 2800 professionem.
2063 2720 2329 2800 Faqnan.

782 2822 848 2880 in
864 2838 991 2898 cap.
1033 2817 1132 2896 qui
1156 2815 1555 2893 Presbyterum
1591 2834 1747 2874 num.
1775 2820 1843 2881 8.,
1862 2824 1913 2874 et
1938 2835 2086 2893 seqq.
2114 2815 2180 2876 de
2203 2835 2333 2895 poe·

780 2914 984 2974 nitent.
1010 2921 1061 2970 et
1091 2910 1305 2970 remiss.
1343 2907 1584 2967 Por-tell.
1611 2909 1676 2966 in
1694 2908 1878 2969 dubiis
1900 2911 2249 2988 reqularium
2270 2911 2336 2969 in

779 3005 939 3068 verbo
966 3003 1233 3085 professio
1271 3000 1438 3060 nulla
1473 3018 1547 3060 ιω
1573 2999 1786 3077 defectu
1811 3004 2012 3063 aetatis
2033 3022 2190 3063 num.
2232 3007 2329 3064 54.

780 3099 1033 3161 Bardon.
1088 3098 1152 3157 in
1185 3103 1430 3158 controv.
1465 3096 1774 3156 moralibus
1826 3106 2069 3158 controv.
2124 3101 2223 3159 21.
2267 3098 2332 3159 de

783 3203 963 3257 astate
991 3190 1381 3272 professionis,-
1405 3198 1617 3268 quaest.
1651 3193 1710 3249 9.
1740 3189 1814 3250 R.
1843 3188 1916 3250 Ρ.
1947 3187 2025 3252 D.
2056 3189 2231 3254 Petra
2260 3195 2336 3255 ad

790 3286 1034 3350 constit.
1077 3284 1329 3366 Apostol.
1363 3293 1493 3343 tons.
1527 3287 1586 3343 2.
1613 3302 1744 3363 paq.
1785 3288 1922 3346 525.
1954 3305 2111 3346 num.
2143 3291 2244 3347 23.
2280 3298 2332 3348 et

782 3401 929 3462 seqq.
968 3388 1028 3442 et
1053 3378 1307 3442 facultas
1325 3426 1341 3448 ,
1366 3396 1547 3458 quam
1571 3377 1752 3440 habet
1773 3378 2004 3460 Religio
2027 3381 2333 3461 expellen-

795 3475 858 3538 di
888 3473 1087 3536 taliter
1119 3471 1452 3552 professum
1474 3517 1491 3544 ,
1521 3472 1922 3553 compatibilis
1946 3482 2033 3536 est
2059 3494 2195 3537 cum
2228 3494 2333 3537 va-

786 3568 1020 3630 liditate
1044 3565 1427 3647 professionis
1444 3611 1461 3638 ,
1506 3584 1642 3627 cum
1664 3567 1936 3647 superior
1958 3568 2141 3648 possit
2160 3569 2334 3651 judi-

788 3662 1023 3724 ciatiwr
1068 3659 1389 3741 procedere
1439 3666 1647 3721 contra
1679 3659 2015 3722 Professum
2040 3707 2057 3736 ,
2096 3670 2163 3724 ut
2194 3682 2333 3725 eum

789 3756 1033 3834 castiget
1059 3762 1303 3835 propter
1327 3763 1662 3835 peccatum,
1703 3756 1865 3834 quod
1895 3756 2190 3818 commisit
2215 3776 2336 3819 non

790 3848 1114 3931 aperiendo
1132 3847 1450 3920 defectum,
1470 3865 1650 3926 quem
1679 3849 1991 3912 tenebatur
2018 3849 2080 3911 in
2106 3849 2337 3931 ingres-

794 3963 868 4006 su
894 3941 1198 4013 confiteri,
1227 3949 1287 4002 et
1335 3941 1397 4001 in
1427 3960 1680 4020 poenam
1714 3942 1935 4022 peccati
1966 3962 2104 4004 eum
2132 3944 2339 4025 expel-

789 4035 914 4099 lere
934 4056 970 4096 a
999 4034 1339 4115 Religione,
1361 4043 1420 4095 et
1445 4033 1658 4096 habitu
1682 4035 1943 4114 privare,
1966 4044 2034 4097 ut
2061 4037 2125 4097 in
2151 4038 2335 4101 simili

788 4136 1249 4210 argumentatur
1265 4127 1491 4190 Novar.
1531 4126 1698 4190 Cons.
1735 4132 1831 4191 48.
1859 4150 2016 4191 num.
2052 4135 2109 4192 3.
2148 4132 2246 4193 lib.
2276 4137 2335 4194 3.

790 4223 857 4285 ds
883 4222 1084 4298 Requi.

908 4313 1090 4375 Nulla
1110 4312 1274 4374 fuit
1256 4331 1320 4372 nn
1342 4311 1455 4374 bac
1481 4312 1661 4375 Sacra
1681 4314 2151 4396 congregatione
2168 4328 2343 4398 capta

794 4406 1115 4479 resolutio,
1160 4405 1262 4468 sed
1291 4406 1517 4467 dictum
1550 4408 1639 4469 dis
1687 4413 1746 4469 2.
1783 4408 1940 4471 Jutii
1968 4415 2138 4473 1723.
2179 4413 2344 4493 quod

792 4502 982 4565 Causa
1011 4502 1231 4562 iterum
1265 4509 1717 4581 proponeretur.

913 4595 1281 4658 Auctoritate
1318 4595 1702 4658 Eminentiss.
1750 4597 1824 4658 D.
1860 4597 1974 4659 mei
2005 4544 2343 4663 Cardinalis

796 4690 1111 4752 Barberiui
1139 4688 1496 4750 Protectoris
1538 4689 1784 4752 Ordinis
1824 4692 2340 4773 capuccinorum,

794 4797 931 4843 cum
952 4782 1027 4843 de
1052 4779 1334 4843 facultate
1365 4781 1693 4862 Religionis
1715 4783 1989 4863 ejiciendi
2022 4805 2160 4846 eum
2184 4831 2203 4860 ,
2232 4788 2342 4867 qui

798 4876 1232 4938 professionem
1264 4876 1492 4948 emisit,
1514 4877 1662 4938 dum
1686 4879 1896 4940 morbo
1913 4879 2230 4961 epileptico
2250 4881 2343 4944 la·

800 4971 1086 5043 berabat,
1120 4968 1291 5031 nulla
1319 4989 1444 5031 esse
1464 4979 1657 5050 posset
1687 4975 2088 5035 controversia
2113 5021 2129 5044 ,
2153 4994 2247 5035 res
2274 4993 2346 5036 eo

799 5065 1080 5137 devenit,
1107 5072 1176 5125 ut
1201 5063 1553 5143 Superiores
1583 5083 1760 5125 suum
1790 5065 2049 5147 benigne
2071 5067 2347 5130 dederint

798 5176 1102 5221 assensum
1126 5156 1429 5238 praedicto
1445 5158 1663 5218 Joanni
1683 5158 2021 5232 Francisco‚
2045 5169 2111 5222 ut
2127 5162 2206 5224 ad
2223 5180 2348 5225 sae·

799 5250 1002 5315 culum
1046 5250 1243 5312 redire
1274 5258 1499 5330 posset,
1529 5261 1588 5313 et
1620 5251 1681 5312 in
1712 5270 1919 5314 eorum
1948 5255 2198 5315 Decreto
2239 5273 2347 5316 ex·

804 5364 1000 5424 pressa
1030 5343 1145 5407 suit
1167 5362 1345 5406 causa
1375 5344 1570 5405 morbi
1599 5344 1922 5425 epileptici,
1950 5364 2025 5407 ne
2048 5347 2345 5421 videatur,

2551 848 2895 910 Terminata
2924 848 3101 910 modo
3149 846 3451 925 praedicto
3493 846 3599 907 lite
3626 845 3785 906 inter
3815 843 3980 907 Reli-

2433 943 2671 1024 gionem
2688 988 2705 1016 ,
2740 951 2799 1004 et
2823 948 3218 1003 memoratum
3239 942 3532 1002 loannem
3564 937 3975 1008 Franciscum,

2435 1035 2557 1099 alia
2611 1035 2939 1099 consimilis
2988 1034 3320 1096 insurrexit
3369 1030 3773 1095 controversia
3820 1030 3979 1091 inter

2434 1131 2683 1193 eandem
2711 1128 3107 1211 Religionem,
3131 1135 3191 1189 et
3215 1128 3452 1190 Patrem
3476 1124 3696 1205 Joseph
3715 1123 3977 1186 Mariam

2434 1225 2511 1286 de
2538 1224 2813 1287 Palliano
2842 1224 3297 1286 contendentem
3323 1267 3341 1295 ‚
3369 1219 3801 1282 Professionem
3826 1237 3861 1279 a
3914 1236 3982 1279 se

2432 1321 2708 1385 emissam
2743 1320 2810 1381 in
2854 1319 3082 1381 Ordine
3111 1316 3586 1398 Capuccinorum
3613 1333 3764 1375 anno
3795 1314 3978 1375 1714.

2434 1435 2562 1479 esse
2591 1413 2822 1476 nullam
2848 1433 2924 1475 ex
2951 1411 3159 1474 eodem
3186 1410 3379 1491 capite
3414 1409 3606 1472 morbi
3636 1407 3929 1490 epileptici
3954 1453 3977 1482 ,

2434 1528 2558 1590 quo
2576 1507 2875 1572 laboravit
2891 1524 3083 1587 usque
3099 1504 3179 1568 ab
3206 1502 3485 1576 infantia,
3508 1501 3810 1564 laboravit
3833 1510 3981 1564 tem·

2439 1622 2581 1684 pore
2604 1601 2881 1683 proximo
2907 1598 3262 1679 susceptioni
3285 1597 3531 1660 habitus
3549 1596 3832 1676 Religiosi
3848 1642 3865 1667 ,
3890 1595 3982 1659 la·

2437 1696 2676 1759 boravit
2703 1693 2886 1776 paulo
2916 1703 3047 1775 post
3089 1692 3365 1755 emissam
3401 1689 3835 1753 Professionem
3859 1736 3879 1765 ,
3920 1697 3984 1753 et

2437 1797 2575 1851 actu
2606 1789 2789 1851 etiam
2819 1786 3088 1859 laborat,
3139 1785 3228 1847 uti
3275 1783 3583 1864 colligitur
3607 1801 3685 1845 ex
3711 1781 3982 1864 plurium

2438 1883 2701 1945 Testium
2717 1927 2734 1955 ‚
2755 1881 2894 1944 licet
2917 1880 3193 1943 formiter
3215 1898 3335 1941 non
3358 1877 3865 1948 examinatorum,
3889 1884 3986 1940 at-

2441 1978 2752 2040 testatione
2767 2021 2784 2050 ,
2815 1976 2970 2045 itaut
2987 1974 3222 2037 dicatur
3247 2018 3265 2047 ,
3289 1992 3408 2034 non
3430 1990 3558 2034 esse
3582 1968 3988 2034 dubitandum

2437 2071 2513 2133 de
2541 2070 2735 2132 morbi
2765 2068 3079 2132 existentia
3113 2075 3380 2147 tempore
3401 2062 3828 2138 Professionis,
3846 2086 3987 2128 cum

2440 2164 2502 2225 in
2530 2163 2756 2226 morbis
2779 2161 3217 2235 habitualibus,
3241 2158 3511 2242 probatis
3532 2155 3838 2234 extremis,
3863 2177 3991 2222 me-

2438 2257 2539 2321 dia
2576 2263 3055 2337 praesumantur.
3175 2248 3178 2251 ’

2558 2352 2898 2428 Antequam
2931 2348 3268 2429 quidquam
3288 2345 3351 2407 in
3369 2364 3549 2409 causa
3572 2353 3984 2428 perageretur,

2443 2450 2643 2507 actum
2671 2441 2792 2506 fuit·
2838 2462 2977 2504 cum
3020 2442 3090 2504 P.
3141 2442 3536 2503 Procuratore
3573 2436 3852 2502 Generali
3869 2487 3888 2512 ,
3921 2447 3992 2503 ut

2440 2538 2747 2601 videretur
2762 2581 2780 2610 ,
2805 2555 2882 2598 an
2907 2534 3256 2616 Superiores
3276 2533 3525 2598 Ordinis
3546 2552 3609 2595 se
3626 2551 3836 2614 gerere
3863 2531 3990 2595 vel·

2441 2631 2567 2693 lent
2589 2650 2730 2712 erga
2752 2631 2990 2693 Patrem
3007 2627 3333 2708 Iosephum
3353 2672 3371 2700 ,
3400 2626 3576 2689 sicuti
3593 2646 3657 2689 se
3674 2631 3990 2708 gesserum

2440 2744 2579 2807 erga
2612 2725 2678 2786 P.
2706 2725 2998 2786 Joannem
3044 2721 3469 2786 Franciscum‘l
3507 2723 3585 2782 At
3629 2721 3838 2783 eodem
3882 2738 3993 2782 ex-

2442 2838 2641 2900 presse
2662 2818 3048 2881 dissentiente
3074 2864 3091 2888 ‚
3109 2818 3287 2898 juxta
3311 2835 3537 2878 morem
3571 2815 3802 2877 dictum
3842 2812 3986 2882 fuit,

2442 2924 2508 2974 ut
2565 2911 2840 2974 formiter
2870 2912 3218 2984 audiretur,
3271 2918 3333 2972 et
3391 2927 3562 2972 suam
3606 2916 3884 2972 exararet
3923 2907 3993 2970 in

2440 3006 2675 3086 scriptis
2706 3004 3215 3067 informationem.

2567 3097 2775 3162 Paruit
2810 3100 3166 3161 Procurator
3193 3094 3503 3160 Generalis
3532 3092 3831 3158 mandatis
3850 3136 3869 3168 ,
3893 3111 3994 3158 re-

2445 3194 2761 3274 citatisque
2788 3193 2990 3256 verbis
3040 3210 3288 3254 suarum
3314 3189 3824 3252 Constitutionum
3858 3190 3991 3271 jam

2443 3308 2624 3370 supra
2649 3288 2854 3350 relatis
2875 3309 2892 3362 ς
2920 3286 3118 3367 inquit
3144 3305 3220 3348 ex
3245 3285 3366 3347 illis
3388 3283 3625 3357 inferri,
3647 3290 3985 3364 competere

2445 3383 2741 3466 Religioni
2763 3381 3105 3445 facultatem
3126 3379 3401 3462 eJiciendi
3430 3377 3629 3442 taliter
3652 3375 3975 3449 Professos,

2443 3478 2545 3541 sed
2566 3477 2800 3540 volente
2822 3475 3132 3557 Religione
3156 3472 3587 3536 Professionem
3604 3472 3684 3534 ab
3702 3471 3789 3534 eis
3810 3469 3989 3533 emis·

2444 3591 2571 3633 sam
2596 3589 2723 3632 esse
2748 3568 3011 3632 validam
3029 3613 3045 3640 ,
3074 3575 3136 3630 et
3166 3565 3355 3628 multo
3382 3565 3592 3645 magis,
3612 3584 3750 3627 cum
3778 3565 3841 3625 in
3872 3561 3991 3625 Ca-

2446 3664 2638 3746 pitulo
2659 3663 2938 3726 Generali
2974 3662 3183 3724 habito
3225 3681 3375 3722 anno
3413 3664 3584 3720 1633.
3618 3657 3995 3739 propositum

2447 3758 2631 3821 fuerit
2661 3777 2916 3838 sequens
2936 3756 3213 3828 dubium,
3244 3766 3438 3815 utrum
3464 3754 3725 3834 profitens
3746 3771 3875 3816 cum
3899 3760 3995 3813 ta-

2447 3856 2777 3914 citurnitate
2801 3852 2981 3912 morbi
3000 3849 3409 3929 Neapolitani,
3432 3857 3535 3909 aut
3567 3848 3806 3908 alterius
3826 3846 3995 3906 ineu·

2448 3949 2649 4008 rabilis
2669 3957 2872 4007 contra
2900 3943 3140 4009 Statuta
3165 3939 3405 4004 Ordinis
3432 3944 3508 4002 sit
3533 3960 3654 4002 cere
3683 3939 3996 4017 Professus,

2448 4050 2509 4102 et
2531 4039 2713 4102 fuerit
2740 4057 3091 4118 responsum
3112 4056 3222 4098 esse
3253 4056 3445 4097 verum
3475 4034 3826 4112 Professum,
3854 4033 4000 4112 quia

2446 4146 2640 4194 nostra
2669 4131 3011 4196 constitutio
3034 4150 3148 4191 non
3169 4132 3368 4190 irritat
3397 4128 3831 4206 professionem.

2565 4227 2684 4288 Pro
2713 4226 2888 4287 Patre
2933 4223 3190 4302 Josepho
3216 4222 3513 4303 scriptura
3563 4218 3885 4282 exhibetur
3912 4218 3989 4282 R.

2451 4320 2518 4380 P.
2550 4320 2624 4382 D.
2663 4320 2777 4380 mei
2820 4319 2896 4379 de
2923 4315 3303 4379 Lanfredinis
3344 4313 3664 4394 utriusque
3707 4311 3994 4393 Signatu-

2450 4431 2554 4474 rae
2600 4409 3012 4474 Referendarii
3040 4457 3056 4480 ,
3093 4418 3155 4471 et
3197 4409 3535 4488 Pauperum
3589 4405 3652 4466 in
3698 4403 4000 4466 Civilibus

2449 4504 2809 4578 doctissimi,
2838 4512 2898 4566 et
2922 4500 3363 4584 diligentissimi
3402 4496 3731 4572 Advocati,
3777 4497 3840 4557 in
3870 4515 3998 4576 qua

2448 4611 2690 4661 strenue
2720 4599 2974 4678 probare
2992 4595 3301 4659 contendit
3321 4641 3338 4668 ,
3371 4593 3731 4675 Religiosam
3767 4590 3997 4672 profes-

2449 4692 2677 4754 sionem
2709 4691 3019 4752 involvere
3044 4696 3417 4751 contractum
3446 4683 3945 4765 correspectivum
3970 4729 3992 4754 ,

2450 4797 2510 4849 et
2536 4787 2698 4848 ultro
2724 4784 2996 4865 citroque
3017 4781 3468 4864 obligatorium,
3504 4779 3658 4841 itaut
3680 4776 3998 4840 deficiente

2450 4900 2737 4943 consensu
2769 4899 2845 4942 ex
2875 4887 3041 4958 parte
3067 4875 3397 4959 Religionis
3421 4922 3439 4945 ,
3472 4872 3754 4954 professio
3782 4871 4002 4934 debeat

2452 4993 2577 5036 esse
2602 4973 2766 5035 nulla
2784 5018 2800 5044 ,
2825 4980 2885 5034 et
2914 4971 3084 5033 irrita
3115 4971 3299 5032 etiam
3321 4988 3393 5030 ex
3420 4974 3588 5046 parte
3615 4963 3892 5039 Professi.

2570 5067 2910 5147 Alligantur
2948 5065 3007 5125 in
3044 5065 3250 5126 eadem
3302 5060 3598 5140 scriptura
3636 5056 3990 5139 punctuales

2451 5160 2834 5224 auctoritates
2854 5158 3072 5239 capon.
3097 5160 3446 5236 disceptum.
3471 5173 3629 5215 num.
3652 5156 3748 5214 33.
3769 5160 3821 5211 et
3843 5170 3994 5230 seqq.

2451 5256 2649 5317 Patris
2675 5254 3094 5316 Bartholomaei
3119 5255 3184 5313 de
3228 5250 3468 5312 Vecchiis
3498 5245 3811 5327 Capuccini
3832 5246 3897 5304 in
3923 5246 4002 5305 12·-

2454 5352 2551 5411 bro
2565 5395 2582 5422 ,
2604 5351 2700 5410 cui
2722 5349 2923 5409 titulus
2949 5346 3164 5409 Praxis
3185 5342 3523 5406 obseruanda
3549 5342 3614 5400 in
3631 5337 3999 5401 admittendis

802 5439 964 5519 quod
990 5438 1094 5499 ille
1119 5439 1340 5518 ejectus
1373 5437 1581 5500 fuisset
1620 5456 1656 5500 a
1704 5436 2016 5521 Religione
2057 5450 2346 5522 tanquam
2397 5511 2408 5540 ι
2451 5444 2527 5510 ad
2546 5443 2854 5522 Religionis
2872 5450 3081 5505 statum
3102 5439 3351 5505 Novitiis
3369 5436 3580 5518 disput.
3612 5437 3708 5498 13.
3730 5434 3867 5495 dub.
3895 5438 3995 5495 15.
