4393 6299
1009 475 1117 527 ⁸30
2052 465 2495 538 Qusss'rtonsss
2532 467 2888 521 CANONICAE

828 635 1064 690 merum
1104 625 1420 696 hominum
1460 625 1577 686 sub
1619 642 1774 684 nova
1818 621 2106 684 Parochia
2146 621 2368 702 degen-
2490 628 2688 682 menta
2715 621 3057 701 recipiunt,
3082 628 3144 682 et
3165 619 3347 684 aliam
3376 619 3679 681 Decimam
3713 621 3982 688 Parocho
4006 667 4028 697 ‚

830 723 1026 795 tium;
1065 719 1302 783 animae
1329 718 1549 780 etenim
1596 717 1660 777 in
1694 724 1883 779 totum
1932 714 2260 778 ascendunt
2289 715 2368 776 ad
2482 715 2550 776 in
2578 717 2746 796 cujus
2776 714 3059 775 parochia
3103 715 3364 775 retinent
3406 715 3583 774 bona.
3611 716 3758 775 Item
3805 735 4030 786 novum

827 834 1150 876 numerum
1185 818 1322 874 565.
1370 818 1430 873 et
1466 810 1733 872 familiae
1762 818 1903 871 sunt
1951 814 2086 870 132.
2132 816 2192 868 et
2233 806 2371 869 licet
2486 811 2792 871 Rectorem
2817 827 2935 868 non
2968 827 3133 888 posse
3158 808 3429 868 omnium
3448 804 3856 869 Confessiones
3878 810 4035 871 exci-

831 909 1159 970 nonnullae
1178 926 1256 968 ex
1280 904 1377 965 his
1395 904 1641 966 familiis
1667 903 1863 966 adhuc
1884 900 2254 964 domicilium
2281 921 2367 962 re·
2485 922 2797 983 pere‚cum
2819 902 3187 963 miserabiles
3201 901 3550 966 Parochiani
3574 901 3635 962 in
3655 902 4030 963 solemniori-

832 1003 1063 1063 tineant
1105 1002 1169 1061 in
1196 1001 1381 1061 Terra
1412 998 1647 1070 Carhii‚
1676 1007 1734 1061 et
1776 998 1839 1059 in
1885 1018 2039 1060 nova
2074 997 2363 1058 parochia
2485 996 2598 1057 hus
2623 996 2932 1057 turmatim
2963 997 3267 1080 confluant
3294 997 3369 1059 ad
3403 997 3782 1059 Sacramenta
3833 998 4028 1077 perci·

832 1095 1072 1177 tuguria
1101 1093 1392 1166 habeant,
1423 1093 1485 1153 in
1529 1092 1753 1173 quibus
1787 1112 1892 1173 per
1924 1091 2192 1172 aliquam
2219 1090 2367 1152 anni
2485 1091 2722 1171 pienda.
2747 1092 2900 1151 itaut
2916 1092 3107 1172 major
3123 1110 3332 1152 eorum
3357 1111 3492 1173 pars
3513 1111 3632 1151 non
3654 1091 3918 1155 confessa
3950 1093 4029 1154 sit

831 1201 1073 1269 partem.
1089 1187 1400 1256 habitant,
1429 1186 1735 1248 occasione
1772 1185 2049 1247 videlicet
2092 1185 2365 1247 culturae

833 1284 1164 1351 honorum,
1194 1300 1331 1341 cum
1360 1286 1562 1340 autem
1594 1286 1831 1341 centum
1860 1278 2125 1340 familiae
2156 1296 2368 1358 perpe-

832 1385 936 1435 tuo
962 1374 1333 1447 inhabitent,
1362 1381 1421 1434 et
1447 1372 1599 1435 fixos
1631 1373 1895 1434 habeant
1919 1371 2075 1434 lares
2101 1372 2164 1433 in
2196 1373 2377 1434 Paro-

832 1468 1000 1541 chia‚
1040 1467 1183 1536 satis
1226 1466 1339 1530 hoc
1374 1466 1656 1529 habitum
1693 1466 1810 1528 fuit
1844 1485 1956 1548 pro
1991 1466 2149 1528 dicta
2180 1484 2371 1528 novae

830 1562 1157 1626 Parochiae
1188 1562 1509 1623 erectione.

946 1657 1157 1718 Secuta
1187 1675 1377 1716 novae
1404 1654 1729 1726 Parochiae
1747 1653 2046 1716 erectione
2068 1699 2086 1727 ‚
2117 1652 2376 1715 nonnul-

831 1753 888 1816 la
916 1772 952 1815 a
993 1749 1172 1813 Curia
1203 1749 1535 1831 Episcopali
1571 1750 1857 1811 Sabinen.
1892 1750 2100 1811 Edicta
2135 1748 2374 1829 prodie-

730 1921 737 1928 η
831 1855 976 1908 runt
1002 1855 1128 1907 tum
1167 1844 1366 1925 quoad
1403 1842 1762 1905 solutionem
1794 1844 2173 1905 Decimarum
2222 1862 2375 1904 novo

832 1939 1122 2013 Parocho,
1156 1949 1281 2000 tum
1308 1938 1506 2018 quoad
1536 1937 2030 2018 prohibitionem,
2055 1958 2131 1999 ne
2149 1938 2376 1999 adscri-

828 2035 916 2115 pti
942 2053 1130 2095 novae
1140 2031 1467 2098 Parochiae
1477 2031 1859 2093 Sacramenta
1884 2031 2215 2110 reciperent
2231 2040 2376 2093 tem-

832 2148 979 2208 pore
1006 2127 1307 2189 Paschatis
1323 2172 1340 2200 ‚
1376 2125 1470 2188 vel
1498 2126 1629 2186 sine
1651 2125 1869 2186 debitis
1896 2125 2152 2186 licentiis
2173 2125 2377 2187 Matri-

834 2222 1036 2283 monia
1063 2219 1482 2282 contraherent
1511 2220 1573 2281 in
1597 2221 1780 2281 Terra
1806 2218 2031 2290 Carbii,
2054 2227 2112 2280 et
2136 2220 2379 2281 demum

836 2337 912 2378 ne
945 2314 1296 2377 parochiani
1327 2312 1554 2374 infirmi
1583 2359 1599 2384 ,
1637 2321 1695 2374 et
1735 2314 1911 2375 morti
1941 2313 2201 2394 proximi
2228 2360 2245 2386 ‚
2271 2333 2374 2375 eo-

834 2429 1092 2491 rumque
1112 2409 1417 2471 Cadavera
1442 2407 1517 2469 ad
1541 2407 1601 2468 d.
1629 2410 1878 2470 Terram
1897 2415 2376 2487 transportaren-

836 2515 935 2567 tur
963 2550 980 2577 ,
1026 2512 1086 2565 et
1122 2523 1198 2565 ex
1232 2503 1331 2564 his
1358 2548 1376 2576 ‚
1423 2510 1482 2565 et
1514 2502 1928 2564 consimilibus
1970 2503 2378 2564 contentiones

832 2606 1075 2661 exortae
1115 2606 1254 2658 snut
1298 2598 1454 2658 inter
1484 2598 1892 2658 Promotorem
1937 2596 2224 2658 Fiscalem
2260 2594 2378 2657 Cu-

831 2691 961 2753 riae
1000 2689 1366 2771 Episcepalis
1401 2690 1664 2750 Narniae
1688 2735 1705 2763 ‚
1743 2698 1802 2751 et
1846 2689 2121 2760 homines
2158 2689 2380 2752 Terrae

834 2785 1034 2848 Carbii
1059 2804 1137 2844 ex
1160 2803 1302 2855 una,
1332 2792 1391 2844 et
1415 2784 1822 2845 Promotorem
1850 2784 2138 2846 Fiscalem
2161 2785 2379 2847 Curiae

835 2877 1205 2961 Episcopalis
1240 2876 1524 2938 Sabinen.
1560 2897 1637 2938 ex
1663 2876 1849 2940 altera
1880 2878 2175 2958 partibus.

953 2971 1178 3034 Delatis
1224 2971 1299 3032 ad
1351 2970 1507 3031 hanc
1553 2969 1797 3033 Sacram
1844 2972 2377 3054 congregationem

834 3063 1255 3130 controversiis
1274 3109 1291 3135 ‚
1320 3063 1611 3143 scriptum
1638 3063 1754 3126 fuit
1786 3065 2027 3145 utrique
2051 3064 2378 3128 Ordinatio

836 3181 946 3242 pro
986 3158 1413 3220 informatione
1436 3203 1455 3232 ‚
1485 3166 1544 3219 et
1568 3158 1846 3221 Vicarius
1870 3159 2182 3221 Generalis
2205 3161 2380 3222 Sabi-

832 3275 974 3316 nen.
1003 3253 1211 3315 retulit
1228 3252 1379 3314 fines
1399 3271 1544 3314 suae
1570 3252 1863 3314 Dioecesis
1890 3254 2158 3333 protrahi
2186 3273 2379 3334 usque

832 3349 909 3411 ad
934 3347 1165 3408 foveam
1192 3347 1415 3407 Terrae
1448 3344 1677 3418 Carhii;
1700 3345 1888 3407 necin
1908 3346 2022 3409 hoc
2045 3346 2235 3408 ullam
2257 3366 2384 3410 esse

835 3461 1007 3524 posse
1030 3440 1442 3501 difficultatem
1460 3485 1478 3513 ‚
1510 3459 1648 3500 cum
1678 3441 2037 3519 pertinentia
2065 3440 2249 3503 fuerit
2276 3442 2380 3504 de-

835 3534 1062 3597 clarata
1088 3534 1154 3593 iu
1179 3533 1474 3595 sententia
1496 3534 1568 3595 A.
1601 3532 1667 3594 C.
1699 3533 1887 3594 Cincii
1917 3580 1934 3606 ,
1966 3554 2123 3615 quae
2147 3535 2384 3598 transiit

834 3627 899 3688 in
925 3627 1261 3708 judicatum
1284 3671 1302 3699 ‚
1326 3634 1386 3688 et
1414 3645 1597 3707 quam
1623 3627 1996 3689 renunciatio
2024 3628 2118 3690 liti
2146 3638 2279 3692 acta
2302 3630 2382 3691 ab

831 3721 1127 3800 Episcopo
1167 3719 1455 3782 Narnien.
1486 3720 1853 3800 subsequuta
1884 3730 1991 3783 est.
2023 3723 2254 3785 Retulit
2286 3723 2386 3784 iu-

833 3833 1014 3897 super
1065 3832 1256 3875 novae
1299 3813 1667 3876 Parochialis
1717 3817 2077 3877 erectionem
2129 3818 2386 3880 servatis

835 3907 1147 3971 servandis
1175 3927 1210 3969 a
1240 3927 1303 3969 se
1330 3907 1545 3969 factam
1571 3955 1588 3978 ‚
1618 3914 1678 3970 et
1704 3909 1945 3971 demum
1972 3910 2241 3973 subdidit
2269 3912 2385 3975 Pa-

837 4002 1155 4066 rochianos
1187 4001 1367 4062 fuisse
1404 4009 1729 4064 commotos
1769 4022 1806 4065 a
1846 4004 2113 4066 Parocho
2162 4007 2385 4068 Terrae

837 4095 1039 4159 Carbii
1064 4141 1081 4168 ,
1131 4103 1190 4156 et
1237 4114 1300 4157 se
1350 4101 1617 4157 coactum
1663 4096 1845 4159 fuisse
1890 4098 1966 4160 ad
2015 4098 2378 4180 publicanda

836 4191 1029 4252 edicta
1072 4190 1253 4251 etiam
1307 4190 1581 4270 poenalia
1609 4236 1627 4264 ‚
1684 4199 1753 4252 ut
1799 4210 2010 4253 eorum
2060 4193 2373 4255 audaciam

839 4292 1276 4364 compesceret,
1307 4289 1378 4344 ut
1409 4283 1552 4364 jura
1594 4302 1784 4346 novae
1819 4284 2144 4348 Parochiae
2172 4285 2382 4348 defen-

840 4380 1039 4451 deret,
1069 4386 1130 4438 et
1156 4386 1223 4438 ut
1242 4377 1480 4439 tandem
1510 4377 1858 4440 scandalum
1887 4380 1961 4442 de
1990 4379 2183 4442 medio
2207 4381 2380 4444 tolle-

838 4481 954 4546 ret,
981 4470 1207 4533 infirmi
1229 4471 1447 4532 etenim
1473 4491 1590 4533 non
1615 4470 1812 4535 adhuc
1830 4473 2228 4536 Sacramentis
2250 4494 2383 4535 mu-

840 4566 954 4627 niti
993 4584 1171 4645 super
1217 4563 1467 4626 asellum
1507 4564 1836 4646 aliquando
1878 4586 2086 4628 versus
2129 4568 2380 4630 Terram

844 4659 1045 4720 Carbii
1077 4657 1360 4738 asportati
1389 4667 1531 4719 sunt
1554 4704 1572 4732 ‚
1600 4657 1746 4720 etin
1771 4658 1989 4721 itinere
2020 4661 2250 4741 absque
2275 4662 2384 4726 Sa-

845 4751 1167 4814 cramentis
1188 4751 1374 4812 vitam
1409 4772 1546 4813 cum
1577 4760 1765 4814 morte
1790 4762 2260 4817 commutarunt.

959 4845 1286 4925 Episcopus
1318 4864 1353 4906 e
1378 4853 1587 4907 contra
1628 4846 1916 4908 Narnien.
1966 4867 2186 4909 novam
2230 4849 2386 4911 hanc

844 4937 1198 5002 Parochiam
1228 4938 1290 4998 in
1318 4958 1426 5000 sua
1456 4938 1881 5004 informatione
1901 4942 2101 5023 inquit
2125 4952 2383 5006 erectam

846 5033 1029 5095 fuisse
1045 5033 1271 5113 absque
1302 5033 1614 5107 reditibus,
1637 5043 1696 5096 et
1722 5036 2150 5098 subsidiarium
2179 5039 2383 5118 populi

845 5126 1205 5188 coactionem
1227 5145 1353 5187 esse
1371 5126 1924 5206 impracticahilem,
1955 5139 2082 5190 tum
2101 5132 2246 5210 quia
2269 5131 2388 5213 agi-

845 5231 946 5282 tur
966 5221 1040 5282 de
1058 5221 1422 5302 pauperibus
1443 5220 1766 5282 habitatori
1775 5224 1906 5294 buS,
1924 5234 2049 5285 tum
2071 5226 2214 5304 qnia
2236 5245 2386 5284 non-

846 5314 1001 5377 nulli
1033 5334 1105 5375 ex
1132 5313 1229 5375 his
1253 5313 1476 5396 duplici
1505 5334 1687 5376 onere
1708 5324 2038 5397 gravantur
2063 5363 2080 5391 ‚
2118 5317 2387 5380 solvendi

849 5407 1124 5471 videlicet
1151 5407 1454 5471 Decimam
1480 5427 1635 5471 novo
1656 5408 1947 5487 Parocho,
1974 5429 2010 5472 a
2037 5429 2160 5492 quo
2178 5410 2386 5474 Sacra·

2482 1183 2828 1246 discessura.
2859 1186 3088 1246 Rursus
3106 1184 3392 1247 habentes
3413 1184 3784 1247 domicilium
3808 1186 3871 1246 in
3899 1185 4030 1266 ipsa

2481 1279 2883 1357 Terra,Carhii
2905 1298 3043 1339 snos
3059 1299 3184 1340 esse
3200 1279 3491 1352 subditos,
3511 1298 3618 1342 nec
3634 1279 3900 1341 subditos
3921 1300 4030 1360 per

2481 1393 2847 1454 consequens
2873 1374 3097 1435 censeri
3129 1393 3296 1454 posse
3322 1374 3597 1455 Episcopi
3628 1374 3910 1436 Sabinen.
3944 1375 4026 1436 li-

2480 1476 2575 1530 cet
2599 1467 2929 1549 aliquando
2959 1477 3268 1529 morentur
3294 1467 3357 1529 in
3387 1468 3517 1530 loco
3538 1488 3644 1550 per
3669 1471 4026 1532 sententiam

2480 1562 2556 1624 A.
2593 1560 2659 1622 C.
2690 1561 2989 1643 assignato
3018 1563 3308 1642 Episcopo
3348 1562 3632 1624 Sabinen.
3682 1583 3820 1625 cum
3859 1564 3919 1626 in
3947 1585 4022 1627 eo

2481 1663 2928 1717 commorentur
2953 1674 3129 1716 causa
3156 1655 3578 1717 commodioris
3611 1656 3884 1718 culturae
3916 1658 4031 1718 bo·

2481 1768 2743 1823 norum,
2788 1756 2848 1811 et
2890 1748 3178 1812 facilioris
3218 1749 3527 1816 fructuum
3568 1749 4025 1820 recollectionis.

2482 1843 2759 1925 Denique
2783 1843 3007 1904 mirum
3031 1863 3151 1906 non
3174 1863 3321 1914 esse,
3353 1844 3401 1905 si
3427 1844 3656 1930 infirmi
3684 1848 3760 1908 ad
3785 1849 4033 1910 Terram

2483 1938 2683 2001 Carbii
2738 1937 3124 2011 deferantur,
3168 1958 3304 2000 cum
3347 1939 3583 2001 solvant
3625 1941 3899 2005 collectas
3929 1963 4038 2023 pro

2481 2032 2783 2114 stipendio
2813 2031 3035 2093 Medici
3067 2078 3082 2105 ,
3120 2041 3179 2095 et
3210 2033 3497 2114 Chirurgiv
3519 2035 3714 2105 dictae
3738 2037 3980 2100 Terrae.

2602 2127 2766 2188 Haec
2792 2135 2933 2188 sunt
2959 2146 3117 2207 quae
3149 2126 3214 2188 in
3242 2136 3499 2208 utraque
3519 2129 3811 2193 relatione
3838 2133 4034 2194 conti·

2483 2229 2739 2294 nemun
2777 2240 3036 2301 cumque
3074 2222 3217 2303 jura
3247 2220 3392 2284 hinc
3434 2223 3575 2291 inde
3602 2225 4037 2290 circumferan-

2486 2323 2586 2379 tur
2613 2362 2630 2390 ‚
2657 2315 2976 2396 quaeritur

2603 2410 2652 2471 Ι.
2687 2409 2784 2469 An
2820 2412 3020 2472 erectio
3062 2409 3346 2472 Ecclesiae
3373 2408 3443 2471 S.
3475 2411 3710 2473 Mariae
3751 2414 3828 2473 ad
3859 2413 4035 2476 Nives

2483 2504 2549 2563 t'n
2579 2502 2885 2563 Territorio
2931 2501 3133 2564 Carbia·
3168 2505 3233 2562 in
3269 2502 3665 2564 Purochialem
3691 2505 4031 2570 demandata

2482 2601 2548 2659 in
2574 2596 2760 2660 Sacra
2798 2596 3130 2658 Visitationc
3157 2589 3506 2658 sustineatur
3532 2599 3596 2656 in
3616 2618 3751 2670 cum
3770 2610 3874 2661 cic.

2602 2691 2684 2751 11.
2720 2689 2815 2751 An
2855 2689 3070 2751 Edicta
3120 2689 3338 2752 Vicat-ii
3384 2687 3678 2754 Generalis
3704 2692 4034 2757 Suttuensis

2485 2789 2873 2849 sustineantur
2894 2787 2960 2845 in
2985 2804 3121 2847 casu
3147 2794 3248 2846 etc.

2595 2976 2744 3028 Sacra
2772 2974 2967 3043 Congr.
2994 2973 3287 3040 respoudit:

2665 3063 2762 3116 Ad
2782 3063 3019 3129 primum
3046 3061 3250 3129 dilata,
3279 3074 3333 3115 et
3357 3061 3434 3115 ad
3455 3075 3700 3117 mentem.
3736 3065 3833 3119 Ad
3848 3085 4039 3120 secem-

2487 3151 2612 3204 ‹Ium
2641 3151 2841 3203 dilata.

2858 3342 3217 3417 QUAESTIO
3267 3342 3682 3408 cccxxxu.

2594 3530 2668 3591 In
2698 3528 2889 3593 Causa
2912 3527 3301 3602 Cremonensi,
3330 3531 3421 3592 dic
3448 3537 3506 3594 5.
3538 3531 3714 3594 Iunii
3749 3540 3921 3598 1723.

2491 3662 2574 3774 P
2578 3718 2737 3780 lures
2763 3715 3202 3779 controversiae
3239 3723 3484 3780 exortae
3520 3717 3680 3781 inter
3710 3720 4027 3803 Praeposi-

2492 3822 2619 3876 tum
2653 3810 3017 3873 Parochialis
3044 3809 3340 3871 Ecclesiae
3383 3810 3448 3871 S.
3473 3811 3780 3889 Leonardi
3809 3815 4033 3879 Casalis

2491 3906 2736 3988 Majoris
2762 3951 2779 3978 ,
2812 3913 2872 3965 et
2904 3902 3247 3966 Confratres
3284 3904 3494 3965 Mortis
3518 3950 3535 3977 ,
3577 3915 3637 3967 et
3677 3907 3987 3973 Orationis
4012 3957 4032 3986 ,

2492 3999 2838 4064 Oratorium
2863 3998 3151 4059 habentes
3177 3997 3339 4059 intra
3367 3998 3589 4061 limites
3629 4000 3822 4064 dictae
3847 4002 4035 4066 Paro-

2491 4093 2683 4165 chiae,
2713 4091 2961 4152 fuerunt
2981 4090 3383 4167 examinatae,
3416 4098 3477 4152 et
3494 4092 3792 4165 resolutae
3816 4096 3908 4157 dic
3929 4102 4027 4159 23.

2489 4187 2769 4251 Ianuarii
2803 4189 2974 4245 1706.
3013 4192 3082 4244 ut
3108 4203 3186 4245 ex
3214 4183 3361 4246 folio
3391 4185 3584 4249 dictae
3612 4184 4038 4273 Congregatio-

2490 4281 2587 4344 nis
2606 4278 2802 4360 colligi
2842 4283 3051 4358 potest.

2610 4374 2830 4454 Aliqua
2861 4383 3056 4434 tamen
3086 4369 3271 4433 dubia
3301 4371 3564 4437 indecisa
3591 4386 4032 4453 remanserunt,

2491 4476 2553 4533 et
2575 4469 2903 4550 signanter,
2932 4485 3011 4527 an
3035 4464 3378 4528 Confratres
3400 4460 3767 4532 celebrantes
3793 4471 4033 4533 Festum

2491 4561 2832 4626 Nativitatis
2859 4562 2927 4622 B.
2961 4559 3191 4624 Mariae
3217 4559 3491 4641 Virginis
3516 4561 3578 4622 in
3599 4581 3708 4625 suo
3728 4563 4029 4637 Oratorio,

2491 4657 2750 4719 invitare
2787 4660 3130 4715 tenerentur
3159 4653 3570 4733 Praepositum
3596 4655 3656 4715 S.
3693 4657 3989 4719 Leonardi
4009 4706 4030 4730 ,

2492 4758 2551 4813 et
2576 4758 2872 4831 quatenus
2902 4744 3257 4809 affirmative
3278 4791 3295 4819 ‚
3325 4744 3416 4808 an
3434 4746 3627 4809 dictus
3655 4749 4033 4829 Praepositus

2492 4852 2794 4908 teneretur
2833 4860 2940 4921 per
2981 4838 3241 4920 seipsum
3271 4837 3334 4900 in
3379 4839 3538 4903 dicto
3575 4843 3750 4906 Festo
3787 4845 4030 4908 Missam

2491 4939 2816 5001 solemnem
2855 4933 3158 4995 celebrare
3179 4979 3196 5006 ,
3232 4940 3291 4993 et
3324 4941 3622 5014 qnatenus
3649 4948 3799 5000 esset
3838 4938 4030 5020 impe-

2491 5033 2682 5101 ditus,
2734 5035 3033 5090 teneretur
3081 5025 3369 5105 deputare
3415 5026 3843 5109 Cappellanum
3884 5032 4030 5095 dicti

2494 5123 2781 5195 Oratorii,
2813 5120 2906 5182 vel
2928 5119 3126 5200 potius
3151 5118 3438 5198 deputare
3465 5119 3691 5182 valeret
3716 5123 3906 5184 alium
3930 5126 4031 5187 Sa-

2493 5220 2790 5281 cerdotem
2817 5214 2930 5276 sibi
2957 5212 3326 5274 benevisum.

2612 5311 2896 5389 Adeoque
2921 5306 3074 5368 facta
3108 5305 3326 5365 horum
3354 5304 3677 5366 dubiorum
3708 5329 3862 5370 nova
3889 5331 4029 5391 pro-

2497 5406 2789 5489 positione
2822 5402 2884 5462 in
2913 5398 3381 5482 Congregatione
3403 5398 3608 5463 habita
3634 5401 3732 5463 die
3759 5408 3856 5465 31.
3882 5405 3917 5465 J
3923 5406 4031 5468 ulii
