4393 6299
944 491 1054 541 2⁴0

1947 486 2394 559 Quaesrtones
2430 488 2788 544 cenoman

771 651 829 706 et
859 642 945 706 sic
984 642 1118 705 sine
1157 640 1373 704 litteris
1415 642 1827 705 declaratoriis
1864 642 2323 706 Matrimonium
2433 645 2724 723 primatar
2752 641 2963 721 aradus
3005 641 3327 722 proximior
3350 685 3367 714 ‚
3403 659 3501 702 aee
3542 640 3684 720 facit
3714 640 3815 719 jas
3842 687 3859 711 ‚
3889 659 3994 703 nee

770 746 1141 800 contractum
1169 737 1316 807 fuit,
1354 748 1415 800 et
1453 746 1596 800 tunc
1624 737 1828 800 statim
1871 757 1941 801 ac
1974 738 2189 801 notitia
2217 739 2322 801 de-

2430 738 2714 798 observari
2738 747 2952 817 potest,
2982 756 3043 797 eo
3063 737 3212 816 qaod
3234 736 3632 797 adversantur
3657 737 3833 797 eidem
3865 756 3988 796 mo-

771 831 967 894 sertur
992 832 1070 894 ad
1097 832 1492 894 Ordinarium
1516 881 1534 904 ,
1570 833 1749 895 debet
1774 833 1880 894 ille
1906 832 2204 914 Conjuges
2231 852 2323 894 se·
2434 834 2523 892 tui
2545 834 2776 912 proprio
2797 830 2899 891 Pii
2935 829 3006 891 V.
3024 832 3224 891 relato.
3250 827 3664 908 consequenter
3680 851 3855 909 aeque
3873 850 3989 891 non

769 945 1008 1007 parare,
1044 946 1358 1007 usquequo
1387 927 1621 989 litterae
1646 928 1979 989 afferantur
2004 974 2021 999 ,
2047 928 2136 988 uti
2170 928 2326 989 bene

771 1022 1063 1102 ponderat
1083 1021 1340 1083 Sanchez
1368 1025 1482 1082 loco
1503 1025 1695 1084 citato.
1725 1022 1858 1083 Uno
1879 1023 2063 1083 verbo
2089 1042 2327 1102 semper

770 1124 860 1177 est
885 1116 1289 1178 obediendum
1322 1116 1747 1178 Constitutioni
1778 1117 2002 1178 Pinnae
2027 1162 2044 1191 ,
2078 1125 2138 1178 et
2166 1136 2324 1178 sem·

771 1228 878 1289 per
904 1209 1312 1288 expediendae
1338 1218 1481 1271 sunt
1503 1209 1740 1271 litterae
1760 1209 2193 1272 declaratoriae
2219 1229 2322 1270 su-

768 1322 877 1384 per
906 1303 1352 1384 propinquiori,
1381 1305 1510 1366 sive
1537 1303 1898 1366 Ordinarius
1922 1305 2320 1386 ignoraverit,

766 1398 895 1460 sive
922 1398 1165 1460 sciverit
1204 1399 1692 1481 conjunctionem
1735 1400 1959 1481 gradus
1988 1399 2322 1479 proximio-

767 1494 854 1555 ris
877 1539 895 1566 ,
926 1502 986 1556 et
1028 1493 1156 1555 sive
1195 1493 1661 1556 Matrimonium
1689 1492 1873 1555 fuerit
1899 1503 2273 1556 contractum
2300 1543 2318 1566 ,

764 1587 893 1650 sive
916 1606 1035 1648 non
1060 1632 1077 1660 ,
1110 1595 1170 1649 et
1195 1587 1558 1649 Ordinarius
1580 1633 1598 1661 ,
1631 1588 1737 1669 qui
1763 1607 1884 1649 non
1908 1589 2182 1651 obstante
2215 1608 2323 1651 no-

766 1682 900 1744 titia
928 1681 1152 1763 gradus
1187 1681 1642 1762 propinquioris
1668 1729 1686 1756 ,
1718 1701 1838 1743 non
1871 1681 2072 1744 allatis
2100 1682 2338 1745 litteris·

765 1775 1178 1838 declaratoriis
1201 1822 1219 1850 ,
1288 1776 1796 1856 dispensationem
1870 1788 2271 1858 exequeretur
2298 1825 2316 1853 ,

769 1881 1056 1951 peccaret.
1112 1870 1446 1932 Iamburin.
1487 1873 1554 1932 de
1599 1869 1865 1933 Sacram.
1902 1874 2002 1932 lib.
2037 1878 2096 1934 8.
2145 1884 2316 1935 tract.

767 1972 825 2025 2.
859 1986 984 2045 cap.
1016 1970 1074 2026 9.
1102 1964 1167 2047 §-
1203 1971 1264 2026 7.
1291 1986 1453 2026 nam.
1486 1971 1544 2027 6.
1577 1964 1847 2028 Clericat.
1880 1966 2077 2028 Theor.
2103 1968 2318 2029 Eccles.

762 2081 885 2140 cap.
937 2064 1072 2121 137.
1115 2079 1336 2120 numer.
1373 2065 1469 2122 13.
1516 2061 1680 2142 quod
1724 2060 1869 2123 satis
1909 2071 1996 2123 est
2039 2082 2117 2124 ne
2160 2061 2321 2123 litte-

765 2173 870 2215 rae
897 2154 1329 2216 declaratoriae
1365 2162 1658 2236 tanquam
1683 2155 2103 2220 frustratoriae
2129 2158 2318 2220 habe-

765 2256 970 2309 antur.

882 2347 981 2403 20.
1013 2340 1258 2404 Caetera
1286 2341 1409 2405 alia
1434 2388 1451 2415 ,
1483 2360 1641 2423 quae
1678 2344 1741 2404 in
1765 2344 2138 2406 contrarium
2170 2365 2318 2425 pon·

763 2436 1135 2498 derabantur
1163 2480 1180 2507 ,
1214 2435 1797 2517 stylum.respiciunt
1826 2438 2114 2500 Datariae
2138 2485 2155 2510 ‚
2189 2448 2248 2500 et
2284 2459 2319 2500 a

764 2531 923 2592 dicto
949 2528 1108 2612 stylo
1140 2528 1417 2590 nonnulli
1451 2531 1739 2610 praedicti
1773 2532 2060 2593 Auctores
2089 2532 2318 2595 inducti

765 2624 1014 2686 fuerunt
1038 2623 1118 2684 ad
1140 2622 1554 2698 sustinendam
1574 2624 1913 2688 nullitatem
1942 2627 2317 2689 Matrimonii

764 2716 1053 2779 contracti
1085 2717 1329 2796 praevia
1358 2717 1803 2797 dispensatione
1822 2740 2003 2799 super
2033 2720 2317 2782 remotio·

764 2812 843 2881 ri,
870 2828 987 2871 non
1014 2811 1277 2871 obtentis
1295 2811 1512 2872 litteris
1540 2812 1952 2875 declaratoriis
1973 2834 2154 2896 super
2176 2835 2318 2895 pro-

767 2904 1098 2985 pinquiori.
1148 2905 1337 2967 Porro
1371 2905 1446 2966 de
1477 2905 1592 2967 boc
1618 2906 1778 2987 stylo
1809 2907 2111 2989 loquendo
2137 2956 2153 2983 ‚
2201 2910 2315 2972 mi-

764 3019 904 3061 rum
929 3009 1049 3070 est,
1080 3016 1238 3078 quae
1266 3009 1326 3060 et
1353 2999 1562 3078 qualia
1589 2999 1748 3062 dicta
1775 3002 1896 3063 sint
1923 3003 2002 3063 ab
2036 3003 2173 3064 aliis
2199 3006 2318 3067 Au-

763 3094 1031 3157 ctoribus
1051 3139 1069 3168 ,
1102 3093 1206 3175 qui
1235 3093 1504 3156 sentiunt
1534 3114 1644 3175 pro
1667 3095 1981 3159 validitate
2002 3098 2317 3163 Matrimo-

764 3190 875 3251 nii.
912 3189 1181 3251 Tambur.
1216 3189 1282 3249 de
1312 3187 1580 3251 Sacram.
1615 3191 1715 3251 lib.
1748 3196 1807 3252 8.
1845 3202 2013 3254 tract.
2041 3198 2101 3253 2.
2133 3196 2200 3255 de
2232 3197 2317 3256 di-

761 3296 1005 3367 spensat.
1035 3304 1162 3364 cap.
1192 3289 1251 3345 9.
1277 3282 1342 3366 §-
1368 3290 1428 3345 7.
1454 3286 1580 3345 eub.
1606 3306 1767 3346 nam.
1795 3291 1852 3348 9.
1882 3287 2040 3349 facta
2061 3289 2178 3350 sibi
2208 3308 2316 3370 op·

763 3380 1060 3461 positione
1088 3378 1299 3440 Brevis
1342 3378 1575 3440 Urbani
1609 3379 1782 3441 v111.
1818 3400 1855 3443 a
1889 3383 2153 3445 Barbosa
2185 3383 2316 3446 loco

761 3474 944 3536 citato
971 3472 1143 3534 relati
1173 3519 1189 3545 ,
1219 3472 1465 3554 inquit,
1502 3494 1631 3535 cum
1650 3495 1767 3536 noa
1789 3478 1866 3536 sit
1891 3478 2176 3552 credibile,
2211 3478 2316 3541 Ur-

762 3570 971 3631 banum
1002 3566 1162 3627 VIII.
1187 3586 1293 3647 per
1317 3567 1548 3630 litteras
1567 3569 1833 3649 privatas
1851 3570 2113 3635 voluisse
2134 3574 2313 3635 abro-

761 3680 908 3743 gare
927 3660 1154 3722 dictum
1176 3660 1456 3740 generale
1476 3662 1795 3724 Decretum
1823 3664 1915 3725 Pii
1939 3665 2015 3726 V.
2046 3666 2195 3727 mihi
2221 3667 2314 3729 vi-

759 3757 940 3818 detur
965 3774 1091 3817 esse
1114 3755 1449 3835 putandum
1469 3755 1536 3816 in
1559 3758 1904 3819 memoratis
1930 3759 2183 3839 privatis
2211 3760 2313 3822 lit-

759 3851 905 3913 teris
932 3849 1199 3930 aliquem
1220 3849 1531 3930 irrepsisse
1549 3870 1797 3912 morem
1815 3874 1853 3914 a
1875 3856 2152 3915 ministris
2171 3875 2315 3915 com·

758 3947 1012 4006 missum.
1044 3943 1167 4004 Alii
1193 3962 1299 4024 per
1323 3941 1508 4005 aliam
1536 3942 1698 4007 viam
1724 3946 2091 4025 procedunt;
2122 3945 2313 4009 Goba-

760 4050 850 4099 1as
888 4038 1116 4120 quippe
1153 4039 1219 4097 in
1264 4036 1522 4134 *⁶⁰3⁰9·
1557 4042 1997 4119 experimentali
2043 4052 2212 4105 tract.
2249 4048 2307 4105 9.

758 4136 933 4214 capit.
961 4136 1059 4192 22.
1087 4135 1152 4192 in
1177 4132 1417 4212 append.
1434 4152 1571 4212 paq.
1601 4134 1747 4194 mim
1773 4139 1947 4197 1003.
1975 4156 2133 4198 nam.
2164 4143 2306 4200 620.

758 4236 811 4287 et
838 4246 986 4304 seqq.
1015 4226 1145 4299 ait,
1181 4233 1242 4286 et
1273 4227 1720 4305 expressiones,
1751 4247 1910 4309 quae
1937 4229 2222 4312 leguntur
2246 4234 2311 4295 in

760 4320 1059 4381 Brevibus
1084 4367 1101 4389 ,
1132 4319 1208 4380 de
1226 4319 1453 4399 quibus
1482 4320 1683 4402 agitur
1710 4368 1728 4396 ‚
1758 4343 1877 4385 non
1912 4324 2272 4390 affirmative
2292 4375 2311 4404 ,

756 4415 860 4476 sed
902 4412 1153 4476 relative
1185 4413 1371 4474 fuisse
1396 4415 1694 4493 expositas
1717 4461 1733 4489 ,
1782 4418 1945 4496 quod
1973 4428 2063 4481 est
2106 4420 2264 4483 idem
2293 4468 2310 4495 ,

757 4528 829 4571 ac
854 4508 1054 4571 dicere
1080 4507 1491 4592 expressiones
1522 4528 1645 4571 non
1674 4511 1750 4572 ad
1782 4512 2130 4575 Pontificem
2158 4563 2176 4586 ‚
2210 4518 2311 4578 sed

758 4602 836 4664 ad
855 4601 1270 4683 Supplicantes
1288 4621 1413 4663 esse
1432 4601 1801 4666 referendasz
1823 4617 1873 4667 et
1898 4606 2077 4669 Pater
2094 4608 2313 4671 Siisiue

757 4695 1145 4759 Placentinus
1169 4741 1186 4768 ‚
1217 4704 1276 4757 et
1302 4695 1810 4760 Poenitentiarius
1836 4702 2214 4782 Apostolicus
2250 4705 2311 4765 in

755 4789 1142 4851 Sacrosancta
1169 4789 1424 4852 Basilica
1454 4790 1876 4855 Lateranensis
1905 4798 1972 4854 in
1989 4799 2110 4856 suis
2129 4798 2311 4858 adno-

757 4885 1066 4945 tationibus
1095 4886 1500 4964 manscript&
1529 4886 1606 4947 ad
1638 4884 2107 4951 Constitutionem
2132 4892 2307 4953 Inno-

754 4979 927 5038 centii
955 4977 1150 5056 Papae
1168 4976 1306 5036 XII.
1332 4997 1500 5057 saper
1516 4978 1888 5056 facultatibus
1910 4985 2144 5062 majoris
2163 4985 2309 5047 Poe-

757 5073 1089 5133 nitentiarii
1125 5091 1260 5152 paq.
1300 5074 1445 5133 mihi
1472 5078 1612 5135 737.
1639 5094 1799 5136 aum.
1840 5082 1937 5138 38.
1974 5082 2204 5159 inquit:
2234 5084 2311 5143 ad

753 5165 993 5246 Stylum
1021 5176 1213 5228 autem
1254 5164 1468 5229 Curiae
1503 5171 1866 5248 respondetur
1889 5217 1907 5247 ,
1949 5175 2137 5255 ipsum
2174 5179 2307 5255 qui-

754 5261 879 5320 dem
902 5260 1084 5338 facere
1104 5261 1203 5338 jas
1228 5307 1246 5331 ,
1278 5261 1371 5320 sed
1397 5280 1510 5321 non
1533 5265 1760 5341 quando
1793 5277 1870 5325 est
1900 5279 2099 5329 contra
2122 5271 2308 5349 ipsum

747 5354 865 5433 jus.
892 5351 1097 5433 Stylue
1118 5364 1309 5414 autem
1341 5356 1404 5414 in
1429 5356 1675 5434 subjecta
1700 5362 1966 5430 materia,
1996 5363 2145 5440 quod
2164 5363 2306 5424 Ma-

756 5449 1090 5510 trimonium
1123 5451 1198 5509 sit
1225 5451 1453 5510 nullam
1476 5494 1495 5525 ‚
1534 5452 1648 5512 nisi
1677 5455 1741 5513 in
1771 5454 2180 5537 dispensatione
2204 5477 2305 5519 ex·

2431 927 2665 986 obtentis
2696 927 2900 986 litteris
2929 925 3325 985 declarator-iis
3354 943 3521 1004 super
3544 925 3727 984 eodem
3759 924 3946 1004 prada
3965 971 3986 995 ,

2432 1021 2639 1098 inferri
2665 1020 2816 1080 debet
2834 1021 3060 1080 nullum
3081 1039 3188 1079 esse
3215 1018 3660 1080 Matrimonium
3680 1064 3699 1093 ‚
3729 1022 3781 1079 si
3810 1020 3988 1097 fuerit

2431 1125 2782 1176 contractam
2824 1116 3012 1192 viqore
3050 1114 3480 1194 dispensationis
3522 1115 3771 1175 obtentae
3798 1162 3814 1185 ‚
3856 1135 3989 1176 cum

2435 1210 2572 1270 tales
2601 1212 2822 1271 litterae
2850 1211 3032 1270 solum
3060 1210 3265 1268 dentur
3290 1208 3366 1270 ad
3392 1210 3658 1271 evitanda
3683 1210 3861 1271 dubia
3886 1256 3906 1283 ,
3934 1221 4002 1273 et·

2430 1304 2703 1364 scandala
2728 1348 2747 1376 ,
2781 1322 2925 1381 quae
2947 1304 3095 1362 eriri
3113 1313 3337 1382 possent
3365 1304 3428 1361 ia
3460 1301 3702 1383 Populo.

2551 1401 2649 1457 21.
2694 1399 2774 1458 At
2815 1395 3117 1477 quidquid
3159 1395 3237 1456 sit
3264 1398 3341 1457 de
3380 1395 3545 1457 bisce
3576 1396 3987 1476 responsioni-

2432 1491 2548 1552 bus
2570 1535 2587 1564 ,
2632 1501 2692 1553 et
2740 1490 2986 1571 praevia
3017 1489 3446 1570 protestatione
3474 1490 3662 1552 debiti
3708 1491 3987 1573 obsequii

2430 1603 2573 1665 erga
2595 1584 2822 1666 stylum
2849 1585 3163 1655 Datariae,
3194 1584 3481 1646 sustineri
3510 1604 3679 1665 posse
3707 1584 3983 1661 videtur,

2429 1677 2630 1758 primo
2651 1723 2669 1753 ,
2702 1678 2867 1760 quod
2892 1676 3184 1739 nonnulla
3201 1725 3218 1748 ,
3250 1696 3407 1758 quae
3429 1697 3540 1758 pro
3565 1678 3774 1740 eodem
3802 1678 3988 1740 dedu-

2429 1783 2673 1847 cuntur,
2704 1793 2826 1836 non
2849 1773 3081 1835 faciunt
3102 1772 3180 1834 ad
3206 1791 3357 1845 rem,
3387 1772 3650 1834 secundo
3677 1773 3841 1854 quod
3869 1771 3987 1835 ali·

2428 1885 2552 1947 qua
2576 1868 2941 1931 concordant
2963 1886 3101 1929 cum
3123 1866 3250 1940 his,
3281 1885 3439 1946 quae
3466 1866 3532 1927 in
3560 1867 3991 1947 superioribus

2429 1964 2587 2044 dicta
2612 1972 2792 2037 sunt;
2822 1962 2996 2024 tertio
3014 2009 3030 2032 ,
3062 1961 3221 2041 quod
3257 1960 3376 2022 alia
3398 1980 3671 2041 pugnare
3698 1961 3986 2023 videntur

2430 2077 2538 2138 pro
2568 2057 2878 2119 validitate
2923 2056 3299 2118 Matrimonii
3328 2100 3346 2130 ,
3397 2054 3614 2116 ultimo
3641 2102 3657 2126 ,
3712 2055 3870 2117 nibil
3916 2055 3984 2118 in

2428 2151 2800 2214 contrarium
2836 2150 3157 2213 adducitur
3181 2195 3199 2223 ,
3231 2149 3646 2230 quod'directe
3688 2150 3987 2231 percutiat

2428 2245 2899 2309 controversiam
2927 2289 2947 2319 ,
2984 2244 3059 2305 de
3085 2262 3211 2325 qua
3237 2263 3399 2306 nunc
3428 2245 3651 2327 agitur.

2546 2346 2645 2411 22.
2685 2340 2861 2416 Quod
2901 2348 3105 2402 autem
3135 2338 3471 2412 nonnulla,
3518 2357 3678 2419 quae
3716 2340 3987 2402 afferun-

2428 2442 2530 2496 tur
2550 2480 2568 2508 ,
2607 2454 2728 2496 non
2758 2434 2981 2497 faciant
3009 2434 3083 2495 ad
3126 2453 3255 2495 rem
3280 2480 3299 2504 ,
3330 2440 3532 2513 patet,
3569 2433 3714 2514 quia
3742 2428 3820 2497 ex
3854 2434 3987 2498 suf-

2426 2529 2621 2612 fragio
2647 2530 2713 2591 in
2735 2528 3107 2591 contrarium
3127 2527 3387 2610 allegato
3414 2527 3561 2589 clar.
3594 2548 3774 2590 mem.
3797 2527 3977 2591 Card.

2426 2625 2501 2688 de
2531 2625 2827 2705 Carpineo
2854 2643 2974 2686 non
3004 2622 3171 2685 aliud
3199 2622 3484 2694 infertur,
3516 2622 3631 2684 nisi
3655 2624 3817 2703 quod
3843 2623 3983 2704 Epi·

2425 2720 2584 2800 scopi
2615 2720 2905 2782 habentes
2931 2738 2966 2780 a
2990 2718 3140 2780 Sede
3163 2716 3500 2797 Aposlolica
3528 2716 3873 2780 facultatem
3892 2717 3983 2780 di-

2424 2813 2744 2894 spensandi
2794 2813 2858 2873 in
2909 2813 3086 2874 tertio
3111 2857 3129 2885 ,
3162 2810 3262 2872 vel
3305 2819 3525 2892 quarto
3562 2830 3685 2872 non
3730 2820 3978 2892 possunt

2425 2909 2770 2989 dispensare
2791 2907 2854 2968 in
2886 2908 3171 2979 secundo,
3205 2904 3300 2967 vel
3331 2906 3508 2968 tertio
3530 2950 3547 2978 ,
3578 2925 3700 2966 non
3730 2907 3978 2969 obstan-

2428 3010 2485 3065 te
2511 3002 2687 3064 Bulla
2723 3002 2784 3062 S.
2823 3001 2916 3063 Pii
2947 3002 3022 3062 V.
3060 3000 3234 3061 Bulla
3275 3000 3503 3080 quippe
3529 3000 3719 3082 exigit
3747 2999 3982 3064 litteras

2424 3095 2850 3161 declaratorias
2871 3140 2888 3168 ‚
2922 3105 2983 3158 et
3029 3093 3266 3158 litterae
3300 3093 3736 3158 declaratoriae
3762 3113 3799 3158 a
3829 3094 3983 3159 Sede

2425 3191 2762 3272 Apostolica
2784 3198 2927 3252 sunt
2952 3190 3368 3271 impetrandae
3393 3236 3411 3263 ,
3433 3191 3596 3271 quod
3628 3191 3839 3271 utique
3867 3210 3984 3254 nec

2426 3285 2817 3366 impugnatur
2841 3329 2858 3357 ,
2891 3301 2999 3345 nec
3033 3283 3383 3366 impugnari
3410 3292 3623 3364 potest.

2540 3385 2637 3441 23.
2671 3379 2847 3453 Quod
2877 3380 3021 3441 item
3049 3376 3256 3457 aliqua
3290 3379 3652 3441 concordent
3673 3398 3813 3441 cum
3838 3378 3972 3453 bis,

2421 3495 2580 3557 quae
2607 3475 2669 3535 in
2697 3473 3113 3555 superioribus
3147 3472 3304 3535 dicta
3330 3484 3494 3544 sunt,
3532 3473 3710 3537 facile
3730 3473 3977 3536 demon·

2421 3578 2648 3632 stratur
2674 3616 2691 3640 ‚
2736 3577 2797 3630 et
2845 3568 2992 3630 talia
3024 3575 3169 3629 sunt
3216 3567 3420 3630 omnia
3454 3568 3813 3633 documenta
3838 3613 3856 3643 ,
3899 3588 3978 3632 ex

2423 3664 2652 3745 quibus
2685 3662 2923 3725 eruitur
2950 3711 2966 3733 ,
3014 3661 3177 3743 quod
3225 3662 3500 3725 exhibita
3525 3662 3854 3725 Ordinario
3880 3664 3977 3725 di-

2421 3758 2800 3838 spensatione
2824 3776 3004 3838 super
3034 3755 3376 3828 remotiori,
3398 3755 3459 3819 et
3484 3758 3739 3820 constitu
3766 3778 3974 3821 coram

2420 3853 2630 3914 eodem
2661 3853 2735 3913 de
2755 3850 3180 3932 conjunctione
3200 3850 3383 3912 etiam
3417 3851 3480 3912 in
3499 3853 3692 3934 gradu
3724 3853 3977 3933 propin-

2422 3946 2622 4027 quiori
2649 3967 2665 4020 ;
2716 3944 3036 4006 Pontifices
3083 3943 3369 4006 dixerunt
3396 3992 3414 4016 ‚
3468 3945 3976 4026 dispensationem

2422 4059 2544 4101 non
2576 4039 2760 4101 fuisse
2799 4038 3220 4119 subreptitiam
3249 4085 3266 4108 ,
3296 4047 3357 4101 et
3402 4039 3488 4103 sic
3522 4040 3809 4103 Oratores
3852 4060 3980 4104 esse

2419 4134 2870 4215 dispensandos,
2895 4141 2963 4194 ut
2986 4133 3441 4195 Matrimonium
3464 4136 3822 4198 contrahere
3844 4155 3976 4217 pos-

2419 4237 2592 4302 sent,
2639 4236 2874 4290 servata
2917 4225 3112 4287 forma
3144 4225 3438 4299 Concilii,
3476 4228 3723 4308 praevia
3772 4241 3975 4291 tamen

2421 4323 2825 4385 declaratione
2850 4321 3117 4403 ejusdem
3160 4340 3281 4381 non
3312 4323 3552 4384 obstare
3596 4325 3972 4405 conjunctio·

2423 4438 2562 4480 nem
2590 4418 2653 4478 in
2684 4417 2877 4499 gradu
2907 4411 3354 4495 propinquiori;
3376 4415 3524 4495 quid
3552 4417 3716 4478 enim
3747 4436 3976 4499 quaeso

2418 4532 2496 4574 ex
2544 4511 2706 4573 bisce
2743 4510 3119 4572 documentis
3144 4510 3320 4590 argui
3353 4509 3515 4572 valet
3542 4556 3559 4583 ,
3591 4511 3711 4573 nisi
3763 4513 3924 4592 quod
3954 4559 3974 4586 ‚

2418 4608 2672 4669 constitu
2701 4614 2842 4667 ante
2873 4603 3329 4666 Matrimonium
3358 4604 3433 4666 de
3459 4603 3882 4687 conjunctione
3907 4607 3975 4668 in

2419 4702 2611 4783 gradu
2649 4697 3110 4780 propinquiori,
3137 4698 3545 4779 expediendae
3571 4710 3712 4761 sunt
3735 4700 3975 4762 litterae

2418 4794 2868 4863 declarator-iae,
2906 4793 2958 4854 si
2984 4812 3101 4854 non
3126 4793 3375 4855 fuerunt
3403 4812 3524 4856 una
3560 4814 3698 4856 cum
3728 4795 3971 4875 dispen-

2417 4890 2649 4952 satione
2668 4888 2981 4969 expeditae
3006 4933 3022 4960 ,
3052 4887 3216 4968 quod
3246 4887 3458 4969 utique
3483 4889 3829 4952 admittitur
3854 4936 3872 4964 ,
3909 4898 3972 4952 et

2419 4995 2508 5047 est
2536 4984 3019 5046 admittendum?

2536 5083 2635 5140 24.
2665 5080 2896 5140 Rursus
2916 5077 3078 5157 quod
3103 5077 3309 5157 aliqua
3329 5086 3596 5157 pugnent
3620 5095 3729 5157 pro
3751 5075 3974 5139 validi·

2421 5181 2536 5236 tate
2548 5172 2944 5244 Matrimonii,
2962 5172 3206 5252 ponitur
3229 5172 3290 5232 in
3313 5170 3512 5243 claris,
3531 5171 3703 5251 plura
3721 5172 3975 5246 etenim,

2415 5279 2473 5330 et
2504 5269 2680 5349 plura
2705 5275 2827 5329 tam
2845 5267 3122 5347 antiqua,
3148 5285 3330 5346 quam
3357 5266 3645 5327 moderna
3667 5286 3702 5328 a
3726 5267 3976 5331 Dataria

2415 5362 2599 5424 allata
2619 5372 2760 5423 sunt
2787 5361 3084 5440 exempla,
3115 5363 3180 5421 in
3204 5361 3427 5440 quibus
3450 5369 3578 5440 post
3598 5371 3976 5424 contractum

2418 5456 2874 5521 Matrimonium
2910 5454 3160 5537 praevia
3188 5453 3629 5536 dispensatione
3654 5475 3835 5538 super
3877 5478 3974 5520 re-
