4393 6299
1720 513 2190 581 ‘onzes'rto
2254 514 2366 566 vn.
3418 513 3456 564 τ

426 691 522 750 per
546 670 1093 732 Reverendissimum
1122 668 1463 749 Episcopum
1497 669 1882 733 convertendos
1908 668 1985 729 ad

429 768 638 825 dictum
667 785 861 824 mum.

542 860 612 920 In
636 858 1055 920 executionem
1076 858 1277 919 oneris
1307 857 1561 940 injuncti
1586 903 1603 930 ,
1630 855 1981 937 Cappellani

426 953 698 1033 quotidie
723 953 935 1014 Missas
961 952 1344 1015 celebrarunt
1370 997 1386 1024 ,
1422 959 1481 1014 et
1503 950 1851 1023 celebrant,
1880 950 1985 1011 sed

424 1048 636 1111 Missas
654 1069 766 1110 nec
785 1047 1200 1127 applicarunt,
1229 1066 1338 1109 nec
1362 1045 1701 1126 applicant,
1728 1045 1842 1107 nisi
1863 1044 1987 1107 illis

426 1142 642 1203 diebus
664 1140 1002 1213 ferialibus,
1024 1142 1087 1201 in
1116 1140 1341 1221 quibus
1365 1140 1428 1202 iu
1453 1138 1821 1202 Kalendas-io
1845 1139 1987 1201 dici-

427 1247 526 1298 tur
555 1238 622 1297 cle
640 1258 730 1309 sa,
749 1257 817 1299 ea
841 1256 951 1317 pro
974 1236 1155 1320 hujus
1172 1235 1309 1298 facti
1332 1236 1586 1306 ratione,
1616 1236 1835 1295 nedum
1860 1233 1986 1294 lon-

423 1351 675 1413 gaevam
706 1333 968 1394 afferunt
989 1332 1458 1404 observantiam,
1485 1331 1586 1393 sed
1618 1330 1875 1391 ulterius
1898 1328 1989 1389 in·

425 1427 710 1489 nituntur
744 1427 1086 1491 visitationi
1117 1427 1307 1489 factae
1334 1445 1496 1489 anno
1530 1431 1704 1487 1669.
1757 1443 1792 1488 a
1832 1424 1981 1488 clar.

427 1540 614 1583 mem.
639 1521 950 1584 cardinali
973 1521 1155 1583 Cerro
1175 1518 1473 1601 Episcopo
1504 1519 1901 1589 Ferrariensi,
1924 1519 1986 1581 in

426 1633 570 1696 qua,
605 1614 909 1694 loquendo
935 1614 1009 1675 de
1037 1612 1437 1694 applicatione
1463 1612 1808 1685 Missarum,
1829 1631 1988 1693 quae

425 1709 557 1770 fieri
578 1709 841 1771 debebat
858 1707 1241 1789 cappellanis
1262 1707 1704 1789 possidentibus
1735 1706 1988 1788 Cappel-

427 1801 624 1863 lanias
651 1802 937 1864 fundatas
965 1821 1002 1864 a
1049 1800 1378 1862 Calamello
1411 1801 1486 1862 de
1507 1799 1881 1873 Calamellis,
1903 1800 1989 1864 sic

426 1898 670 1960 statuit:
707 1897 1019 1959 Mandavit
1044 1897 1316 1958 celebrari
1341 1897 1621 1975 quotidie,
1650 1907 1701 1956 et
1728 1915 1857 1956 cum
1882 1916 1987 1975 ap-

429 1994 734 2072 plicatione
762 1990 1055 2073 Sacrificii
1083 1991 1274 2051 diebus
1301 1990 1598 2068 ferialibus
1638 1990 1715 2051 ad
1745 2000 1985 2050 tenorem

430 2087 799 2167 fundationis.

546 2180 782 2242 Collato
815 2180 1177 2261 Episcopatu
1218 2177 1590 2241 Ferrariensi
1620 2178 1984 2243 Eminentis·

428 2273 582 2335 simo
606 2274 866 2336 Domino
889 2273 1197 2336 Cardinali
1231 2274 1440 2344 Ruffo,
1466 2271 1531 2333 in
1555 2272 1981 2353 Congregatio-

427 2389 508 2430 ne
533 2371 614 2431 ab
636 2369 767 2451 ipso
785 2370 1067 2449 deputata
1087 2387 1267 2450 super
1287 2367 1632 2430 visitatione
1649 2387 1795 2429 suae
1816 2368 1986 2429 Dioe-

425 2463 614 2534 cesis,
650 2464 957 2544 supposita
1012 2463 1130 2524 fuit
1170 2462 1436 2525 examini
1467 2462 1777 2543 dispositio
1809 2480 1987 2541 saepe

422 2558 745 2620 memorati
770 2557 1080 2620 Calamelli
1102 2558 1177 2619 de
1197 2556 1564 2627 Calamellis,
1594 2568 1652 2618 et
1676 2556 1984 2618 existima-

423 2663 556 2712 tum
583 2650 722 2722 fuit,
752 2651 1146 2732 Cappellanos
1180 2652 1259 2713 ab
1285 2669 1357 2712 eo
1386 2650 1697 2712 institutos
1726 2650 1985 2711 nullate·

423 2764 544 2805 nus
570 2744 911 2807 satisfacere
943 2745 1223 2826 propriae
1242 2743 1643 2825 obligationi,
1673 2744 1985 2805 celebran-

420 2841 506 2903 «to
522 2841 817 2921 quotidie,
837 2849 898 2902 et
918 2840 1277 2921 applicando
1300 2839 1721 2901 tantummodo
1738 2839 1982 2900 Missam

422 2935 642 2995 diebus
665 2934 980 2996 ferialibus
1004 2980 1020 3007 ,
1048 2935 1112 2995 in
1146 2933 1371 3015 quibus
1397 2933 1461 2993 in
1494 2933 1863 2994 Kalendario
1895 2933 1984 2993 di-

425 3029 590 3089 citur
616 3030 683 3089 ds
709 3049 807 3100 sa,
841 3029 944 3091 sed
973 3028 1160 3089 teneri
1191 3027 1265 3089 ad
1308 3026 1739 3088 celebrandum
1784 3027 1983 3107 quoti-

423 3123 525 3184 die
552 3143 689 3185 cum
721 3123 1151 3205 applicatione,
1188 3122 1344 3183 itaut
1370 3120 1497 3183 sola
1529 3120 1870 3183 differentia
1901 3120 1990 3181 in·-

426 3230 519 3280 ter
551 3219 701 3290 dies,
728 3220 791 3280 in
820 3218 1044 3301 quibus
1074 3216 1141 3278 fit
1162 3216 1440 3277 Officium
1465 3215 1713 3296 duplex,
1740 3225 1799 3277 et
1830 3216 1988 3276 inter

428 3315 559 3375 dies
587 3360 602 3385 ,
630 3315 695 3374 in
718 3314 943 3394 quibus
959 3312 1186 3393 duplex
1212 3310 1488 3373 Officium
1524 3329 1643 3370 non
1670 3309 1735 3372 fit
1756 3355 1772 3382 ,
1799 3309 1987 3371 consi·

420 3418 584 3468 ster-e
632 3408 847 3469 debeat
875 3408 941 3467 in
987 3407 1105 3467 hoc
1133 3452 1150 3479 ,
1176 3406 1337 3486 quod
1375 3406 1437 3466 in
1469 3405 1716 3477 diebus,
1754 3405 1816 3465 in
1848 3404 1983 3487 qui-

423 3501 542 3568 bus
568 3521 689 3561 non
719 3501 789 3561 fit
807 3500 1085 3563 Officium
1112 3499 1335 3580 duplex
1357 3542 1375 3572 ,
1406 3498 1715 3561 celebrare
1740 3507 1983 3562 teneaa-

422 3604 528 3656 tur
550 3596 768 3656 Missas
788 3597 1193 3666 Mortuerum,
1225 3613 1378 3674 quas
1400 3593 1710 3655 celebrare
1737 3612 1860 3654 nou
1890 3594 1986 3654 de-

424 3692 573 3754 bent
602 3693 664 3753 in
690 3692 903 3754 diebus
928 3690 1123 3752 Officii
1149 3689 1432 3770 duplicis,
1469 3689 1699 3768 absque
1731 3708 1803 3750 eo
1826 3689 1989 3768 quod

425 3794 629 3849 tamen
658 3785 1122 3868 applicationem
1158 3783 1449 3846 omittant
1495 3783 1624 3844 ullo
1667 3782 1767 3844 die
1792 3827 1810 3856 ,
1863 3782 1991 3844 sive

426 3881 539 3955 sit,
563 3883 695 3943 sive
720 3899 841 3942 non
865 3881 943 3941 sit
969 3879 1101 3941 dies
1125 3877 1317 3941 Officii
1348 3878 1631 3958 duplicis.

551 3976 647 4036 Ab
693 3975 805 4037 boc
851 3973 1345 4056 congregationis
1408 3973 1729 4052 deputatae
1769 3985 1947 4033 sensu
1971 4014 1988 4044 ,

423 4069 780 4151 Coppellani
802 4088 865 4131 se
880 4072 1160 4149 gravatos
1175 4066 1631 4137 existimarunt,
1656 4076 1715 4128 et
1736 4065 1993 4146 benigne

424 4163 555 4225 illis
586 4182 863 4225 concessa
884 4165 963 4224 ab
983 4161 1474 4224 Eminentissimo
1502 4161 1799 4240 Episcopo
1814 4161 1993 4222 liceu-

426 4257 511 4318 tia
531 4256 881 4318 recurrendi
902 4256 976 4317 ad
996 4256 1152 4317 banc
1168 4254 1410 4316 Sacram
1432 4253 1988 4335 congregationem,

424 4370 649 4433 operae
692 4350 952 4431 pretium
980 4358 1075 4411 est
1109 4367 1413 4429 exponere
1463 4358 1767 4410 momenta
1806 4349 1991 4411 ratio-

422 4464 575 4509 num
592 4491 609 4513 .
637 4463 796 4524 quae
818 4444 1063 4523 utrique
1076 4443 1249 4525 parti
1268 4443 1544 4505 assistere
1562 4450 1830 4522 possunt.

546 4540 783 4601 Dicitur
817 4539 1027 4618 itaque
1040 4541 1109 4599 in
1132 4537 1562 4599 informatione
1581 4537 1994 4601 Eminentissi·

424 4635 510 4697 mi
523 4634 799 4715 Episcopi
827 4652 948 4694 non
969 4631 1537 4712 posseassappeltanis
1556 4632 1875 4712 suffragari
1897 4633 1990 4696 vel

420 4727 895 4800 observantiam,
918 4726 1011 4788 vel
1039 4725 1817 4805 praeteritas-visitationes,
1844 4727 1991 4806 quia

422 4822 675 4903 quando
700 4831 790 4883 est
818 4821 977 4882 clara
1012 4820 1109 4882 lex
1158 4818 1560 4890 fundationis,
1591 4819 1697 4881 illa
1740 4829 1830 4880 est
1866 4839 1993 4881 ser-

420 4916 625 4978 vanda
644 4961 662 4989 ,
695 4927 752 4977 et
798 4914 1163 4996 praesidium
1194 4912 1474 4974 constitui
1504 4932 1626 4974 non
1654 4921 1849 4997 potest
1894 4913 1991 4975 vel

422 5011 490 5073 in
517 5009 981 5081 consuetudine,
1011 5009 1105 5070 vel
1145 5008 1207 5068 in
1234 5008 1507 5070 aliorum,
1525 5025 1726 5069 semu.
1755 5007 1991 5075 Dicitur

425 5106 609 5167 etiam
628 5150 644 5176 ,
669 5101 1129 5185 applicationem
1161 5103 1480 5164 Missurum
1505 5120 1617 5183 pro
1642 5101 1866 5164 Anima
1887 5103 1991 5163 Ca-

427 5201 681 5269 lamelli,
704 5208 762 5261 et
786 5198 1002 5270 Patris,
1027 5206 1084 5259 et
1098 5197 1311 5261 Matris
1326 5197 1616 5278 ejusdem,
1643 5203 1705 5258 et
1727 5196 1990 5261 aliorum

426 5294 618 5375 ipsius
658 5293 1147 5375 Propinquorum
1172 5293 1245 5354 ad
1280 5310 1498 5371 paucos
1529 5291 1721 5373 redigi
1746 5291 1907 5364 dies,
1937 5293 1986 5354 si

430 5390 538 5451 fiat
566 5388 687 5449 illis
712 5395 945 5451 tantum
976 5387 1218 5455 diebus,
1250 5386 1312 5447 in
1344 5386 1569 5466 quibus
1594 5386 1659 5447 in
1686 5385 1991 5449 Kalenda-

428 5485 521 5553 rio
542 5483 763 5553 dicitur
797 5484 863 5544 ds
895 5502 982 5552 ια,
1019 5501 1156 5545 cum
1187 5479 1427 5563 singulo
1448 5498 1683 5555 mense,
1706 5489 1815 5543 aut
1848 5499 1993 5566 pau·

2091 666 2169 738 ci,
2202 676 2309 728 aut
2340 665 2492 739 nulli
2525 665 2724 728 adsint
2746 666 2904 740 dies,
2928 667 2990 728 iu
3015 665 3240 747 quibus
3266 666 3335 728 fit
3373 666 3650 729 Officium

2092 761 2169 820 de
2194 760 2403 821 Feria:
2433 779 2694 840 cumque
2719 762 2988 823 Testator
3018 780 3136 821 non
3166 766 3315 822 esset
3332 760 3650 836 Sacerdos,

2093 856 2214 915 sed
2239 855 2484 925 Laicus,
2525 864 2586 915 et
2626 834 3070 934 consequente(
3106 856 3408 934 praesumi
3458 856 3656 919 valeat

2095 948 2345 1029 ignarus
2395 949 2706 1010 Feriarum
2727 998 2743 1019 ‚
2792 960 2973 1030 atque
3020 948 3255 1009 dierum
3273 996 3289 1022 ,
3324 951 3386 1011 in
3432 950 3658 1030 quibus

2093 1043 2154 1103 in
2180 1043 2548 1105 Kalendario
2589 1042 2659 1104 fit
2685 1042 2977 1105 Officium·
2990 1044 3066 1105 de
3107 1043 3257 1106 feria
3277 1089 3293 1116 ,
3324 1054 3498 1126 urget
3528 1065 3655 1108 ma·

2093 1139 2260 1199 xima
2294 1138 2761 1199 verisimilitudo
2779 1183 2795 1211 ,
2820 1139 2981 1220 quod
3010 1159 3395 1220 quocumque
3422 1140 3522 1201 die
3549 1160 3654 1202 vo·

2096 1232 2281 1294 luerit
2301 1233 2764 1295 celebrationem
2780 1280 2797 1305 ,
2823 1244 2884 1294 et
2913 1233 3371 1313 applicationem
3397 1233 3614 1298 Missae
3634 1281 3651 1309 ,

2094 1335 2153 1390 et
2175 1329 2339 1409 quod
2377 1329 2622 1390 nomine
2646 1328 2881 1389 dierum
2913 1327 3241 1389 Ferialium
3265 1328 3654 1405 intellexerit,

2096 1435 2274 1503 prout
2316 1423 2552 1505 Vulgus
2585 1423 2902 1506 intelligit,
2927 1442 3029 1486 eos
3050 1422 3178 1485 dies
3220 1424 3284 1484 in
3308 1424 3534 1505 quibus
3561 1444 3658 1488 oe·

2096 1516 2322 1579 lebrari
2355 1528 2608 1598 possunt
2633 1517 2852 1580 Missae
2884 1519 3156 1600 privatae
3184 1518 3615 1582 Defunctorum
3638 1566 3656 1595 ,

2094 1629 2254 1691 quae
2287 1614 2466 1694 juxta
2499 1612 2822 1674 Rubi-icam
2868 1613 2988 1676 dici
3032 1613 3238 1676 valent
3279 1633 3662 1696 quocumque

2095 1705 2195 1767 die
2225 1716 2460 1785 praeter
2487 1725 2671 1786 quam
2704 1706 2766 1767 in
2798 1707 2987 1769 Fastis
3025 1707 3371 1789 duplicibus
3391 1756 3408 1780 ,
3440 1722 3502 1772 et
3536 1711 3660 1773 Do-

2097 1800 2359 1861 minicis.
2397 1802 2633 1862 Dicitur
2673 1801 2937 1881 denique
2964 1800 3028 1862 in
3065 1802 3248 1864 citata
3281 1802 3662 1867 informatio·

2096 1912 2205 1966 ne,
2231 1894 2462 1955 nullam
2490 1914 2619 1955 esse
2644 1894 3054 1957 difficultatem
3086 1897 3287 1977 quoad
3307 1898 3661 1978 applicatio-

2101 2006 2241 2050 nem
2263 1988 2478 2050 diebus
2495 1987 2837 2051 Ferialibus
2852 2036 2868 2061 ,
2893 2010 3029 2051 cum
3051 1990 3113 2052 id
3134 2009 3413 2071 expresse
3433 1992 3662 2055 dictum

2096 2081 2283 2145 fuerit
2305 2103 2338 2144 a
2362 2085 2668 2145 Testatore
2682 2129 2699 2154 ,
2727 2084 3008 2165 idemque
3022 2084 3322 2166 judicium
3343 2084 3662 2150 ferendum

2095 2197 2255 2250 esse,
2298 2179 2500 2259 quoad
2554 2178 3017 2259 applicationem
3069 2180 3320 2241 caeteris
3349 2180 3487 2247 aliis
3533 2182 3661 2245 die-

2097 2273 2232 2345 bus,
2258 2293 2394 2334 cum
2419 2293 2560 2334 vera
2585 2275 3008 2336 sit‘Doctorum
3033 2275 3261 2356 opinio,
3286 2277 3449 2356 quod
3474 2294 3665 2357 quau·

2098 2367 2177 2426 do
2205 2387 2280 2428 ex
2313 2368 2550 2438 verbis,
2575 2378 2681 2429 aut
2715 2382 2914 2431 mente
2944 2370 3306 2432 Fundatoris
3334 2390 3454 2432 non
3489 2371 3661 2434 colli·

2092 2461 2290 2542 gitur,
2325 2464 2486 2542 quod
2523 2463 2648 2542 ipse
2676 2463 2992 2544 reliquerit
3020 2465 3358 2526 libertatem
3394 2466 3661 2547 applica·

2097 2556 2281 2619 tionis
2307 2555 2633 2631 Sacrificii,
2672 2557 2821 2619 illud
2850 2570 2935 2619 est
2962 2577 3072 2639 pro
3101 2561 3319 2621 Anima
3344 2560 3531 2640 ipsius
3552 2578 3661 2642 ap-

2096 2652 2469 2734 plicandum.

2217 2748 2293 2808 Et
2322 2747 2687 2809 concordant
2717 2746 2897 2829 hujus
2928 2747 3144 2810 Sacrae
3165 2749 3661 2832 Congregatienis

2094 2842 2512 2903 resolutiones.
2541 2843 2612 2904 Iu
2635 2842 2850 2904 Tinen.
2875 2844 3095 2904 etenim
3117 2844 3538 2923 applicationis
3560 2847 3662 2908 Sa·

2092 2936 2305 2998 crificii
2326 2936 2426 2998 die
2441 2942 2535 2998 18.
2555 2936 2805 3019 Augusti
2833 2942 3008 2999 1668.
3027 2937 3132 2998 lib.
3156 2942 3253 2998 26.
3272 2940 3662 3003 Deci-storum

2095 3030 2203 3092 fol.
2236 3037 2333 3092 61.
2369 3031 2454 3093 sic
2477 3031 2734 3113 legitur:
2761 3031 2869 3091 Ex
2895 3033 3251 3112 dispositions
3277 3032 3656 3097 Testamenta-

2093 3129 2189 3188 ria
2211 3128 2536 3205 antiquitus·
2553 3127 2709 3204 facta
2729 3148 2767 3188 a
2789 3129 2887 3208 pio
2914 3126 2966 3187 T
2960 3132 3198 3188 astatore
3219 3131 3503 3209 reperitur
3522 3130 3657 3209 sun·

2092 3221 2233 3283 data
2259 3224 2537 3300 quaedam
2564 3220 2946 3303 cappellania
2974 3241 3101 3282 cum
3120 3242 3282 3283 onere
3312 3221 3661 3304 Coppellano

2092 3335 2198 3396 pro
2229 3327 2465 3396 ternpore
2499 3336 2725 3378 sacrum
2764 3317 3011 3394 faciendi
3036 3319 3277 3395 sinqulis
3304 3316 3617 3381 Dominicis
3639 3365 3655 3392 ‚

2094 3413 2338 3490 aliisque
2364 3411 2597 3472 Festivis
2633 3412 2823 3471 dicbus
2839 3456 2857 3484 ,
2882 3413 3050 3472 nulla
3076 3412 3296 3489 adjecta
3322 3413 3661 3475 declaratio·

2094 3525 2164 3567 ns
2181 3554 2196 3577 ‚
2233 3509 2308 3566 ad
2333 3508 2495 3585 cujas
2512 3506 2851 3587 suffroqium
2870 3507 3277 3586 applicandum
3295 3519 3428 3568 essct
3453 3507 3657 3570 Sacri·-

2093 3602 2307 3683 ficium.
2345 3600 2475 3661 Ideo
2503 3600 2816 3680 Episcopus
2864 3600 3065 3661 Tinea.
3093 3603 3380 3681 supplicat
3411 3623 3516 3683 per
3542 3603 3660 3666 Sa-

2097 3713 2254 3754 cram
2299 3693 2801 3773 Conqreqaeioaem
2850 3688 3166 3767 doctori,
3216 3714 3295 3756 an
3339 3697 3662 3775 hujusmodi

2099 3784 2468 3868 Sacrificium
2487 3788 2893 3867 applicandum
2915 3791 2990 3846 sit
3009 3808 3115 3868 pro
3131 3790 3330 3850 anima
3355 3793 3533 3870 ipsius
3557 3791 3660 3852 Tse

2097 3881 2363 3951 statoris,
2397 3899 2622 3942 unvero
2646 3882 2724 3941 ad
2769 3882 2992 3940 libitum
3026 3879 3397 3961 Coppellani,
3426 3886 3517 3944 uti
3552 3885 3654 3947 ha·

2098 3987 2290 4035 ctenas
2340 3977 2554 4053 sactum
2586 3994 2695 4035 ssss
2743 3979 3051 4055 comperiit.-
3111 3976 3218 4037 Dis
3266 3983 3359 4039 18.
3405 3978 3660 4058 Auqusti

2103 4071 2279 4129 1668.
2313 4068 2501 4131 Sacra
2533 4067 2906 4147 Conqreqaeio
2927 4068 3176 4131 Consilii
3201 4073 3518 4151 respondit,
3562 4095 3662 4155 ap·

2096 4162 2430 4242 plicandum
2443 4181 2553 4221 csse
2575 4161 2941 4243 Sacrificium
2961 4179 3064 4243 pro
3089 4165 3302 4225 Anima
3328 4165 3661 4237 Testatoris:

2098 4263 2160 4316 et
2206 4275 2344 4316 cum
2391 4255 2505 4317 hoc
2551 4256 2760 4317 eodem
2815 4276 2991 4319 sensu
3036 4258 3217 4320 Sacra
3268 4259 3662 4343 congregatio

2102 4349 2382 4429 processit
2412 4350 2475 4410 in
2505 4350 2747 4411 Lucana
2774 4351 2918 4411 anni
2952 4355 3125 4412 1683.
3158 4371 3292 4431 pag.
3321 4357 3458 4414 241.
3484 4373 3520 4416 a
3545 4365 3658 4416 ter·

2100 4461 2209 4524 go,
2239 4451 2300 4503 et
2328 4442 2406 4502 ·in
2451 4441 2678 4503 Collen.
2728 4444 2992 4523 ejusdem
3020 4445 3165 4505 anni
3205 4464 3337 4527 pag.
3370 4450 3507 4507 264.
3545 4446 3655 4511 lib.

2103 4542 2202 4598 33.
2232 4545 2292 4598 et
2320 4537 2381 4596 in
2408 4536 2529 4598 alia
2570 4536 2799 4598 Collen.
2833 4539 2977 4599 anai
3007 4543 3178 4599 1686.
3225 4539 3335 4600 lib.
3386 4546 3483 4604 35.
3510 4543 3659 4605 etin

2102 4631 2423 4692 vicentina
2464 4631 2608 4692 anni
2656 4636 2830 4691 1688.
2879 4630 2983 4694 fol.
3033 4637 3171 4692 421.
3215 4633 3323 4694 lib.
3373 4641 3469 4697 38.
3504 4644 3564 4696 et
3593 4636 3660 4700 iu

2098 4725 2419 4806 Spoletana
2449 4724 2898 4804 applicationis,
2932 4744 3036 4786 seu
3062 4728 3428 4790 reductionis
3448 4728 3658 4793 Missa·

2098 4841 2237 4886 rum
2263 4820 2406 4882 anni
2445 4825 2621 4881 1710.
2650 4819 2755 4881 fol.
2787 4825 2846 4880 4.
2879 4840 2916 4881 a
2948 4830 3112 4901 tergo
3140 4822 3248 4884 lib.
3279 4827 3377 4883 60.

2219 4916 2338 4977 Pro
2362 4914 2743 4996 Cappellanis
2759 4917 2796 4975 e
2812 4925 3019 4976 contra
3043 4916 3216 4984 facit,
3243 4917 3473 4995 primo,
3495 4920 3658 5000 quod

2096 5010 2162 5073 in
2195 5031 2292 5084 re,
2326 5019 2387 5071 et
2411 5011 2488 5070 ad
2516 5010 2788 5070 effectum
2820 5010 2894 5070 de
2921 5029 3043 5089 quo
3070 5010 3270 5090 agitur
3290 5057 3306 5083 ,
3342 5014 3660 5074 attendens

2097 5106 2173 5167 da
2203 5114 2344 5166 sunt
2370 5104 2555 5165 verba
2574 5102 2946 5165 fundationis
2962 5150 2977 5175 ,
3005 5122 3268 5184 cumque
3285 5125 3360 5166 ex
3389 5106 3511 5167 illis
3534 5126 3658 5169 non

2094 5198 2394 5265 habeatur
2425 5197 2537 5258 nisi
2567 5196 2728 5278 quod
2771 5196 3119 5277 Cappellani
3165 5196 3471 5260 celebrent
3512 5218 3659 5279 quo-

2096 5294 2275 5365 tidie,
2333 5301 2391 5354 et
2442 5293 2606 5373 quod
2660 5290 3035 5353 Sacrificium
3095 5292 3397 5374 applicent
3439 5293 3658 5358 diebus

2097 5386 2445 5460 ferialibus,
2473 5385 2795 5448 celebratio
2824 5386 2941 5447 erit
2979 5387 3224 5466 quidem
3254 5387 3527 5468 quolibet
3559 5389 3658 5452 die

2098 5480 2523 5564 adimplenda,
2565 5480 2666 5541 sed
2696 5478 3018 5563 applicatio
3046 5478 3180 5543 fieri
3209 5500 3329 5544 non
3369 5482 3653 5559 debebit,
