4393 6299
928 477 1034 530 2⁶1

748 641 923 707 nem',
954 650 1140 714 qnam
1170 634 1434 701 habebat
1464 657 1500 702 a
1526 648 1687 705 statu
1727 643 2152 719 ecclesiastico,
2182 653 2243 707 et
2263 663 2299 706 a

742 726 944 791 Sacris
968 728 1334 804 Ordinibus,
1368 732 1551 799 fuisse
1594 738 1847 801 ulterius
1882 761 1919 802 a
1956 741 2133 805 Patre
2162 760 2301 821 spo-

744 820 963 886 liatum
990 844 1196 889 annuo
1222 829 1423 892 reditu
1455 833 1711 896 duarum
1745 837 1913 900 mille
1936 847 2211 911 centum,
2242 846 2298 899 et

744 920 998 1004 triginta
1046 924 1322 1005 quinque
1362 927 1660 992 librarum
1688 980 1706 1006 ,
1756 933 1910 998 itaut
1957 936 2171 998 Carolo
2225 936 2300 997 ad

744 1016 1052 1081 miseriam
1088 1021 1364 1096 redacto,
1395 1023 1523 1095 inse
1550 1027 1768 1106 pietate
1797 1039 1995 1093 motus
2025 1052 2301 1093 nummos

743 1131 858 1193 pro
879 1114 1352 1176 substentatione
1371 1119 1701 1199 aliquando
1722 1125 2292 1188 subministraverit.

868 1206 1071 1271 Refert
1104 1209 1367 1290 denique
1402 1233 1467 1276 se
1512 1217 1814 1281 audivisse
1858 1219 2193 1282 Parochum
2234 1221 2295 1282 S.

746 1302 988 1383 Sulpitii
1034 1304 1305 1386 Languet
1332 1307 1420 1369 'de
1461 1310 1713 1393 Gergis,
1760 1314 2063 1375 Pastorem
2105 1314 2299 1375 maxi-

744 1417 987 1478 mopere
1026 1402 1601 1479 commendabilem,
1651 1415 1777 1469 tum
1827 1416 2071 1488 propter
2104 1407 2299 1470 zelum

739 1495 1125 1567 animarum,
1167 1502 1297 1558 tum
1342 1508 1588 1580 propter
1634 1501 1917 1562 eximiam
1961 1503 2301 1563 veneratio-

744 1608 920 1662 nem,
950 1607 1135 1667 quam
1177 1609 1321 1669 erga
1364 1594 1764 1673 Apostolicam
1811 1596 2022 1657 Sedem
2055 1594 2301 1674 profite-

741 1692 878 1760 tur,
906 1685 1014 1764 qui
1055 1685 1241 1755 dixit,
1274 1705 1338 1747 se
1365 1689 1492 1750 suis
1522 1690 1740 1753 litteris
1767 1691 2152 1752 sanctissimo
2176 1693 2298 1753 Do-

738 1778 909 1841 mino
935 1779 1154 1841 Nostro
1190 1783 1565 1860 exposuisse,
1613 1784 1774 1862 quod
1816 1784 2067 1845 Carolus
2107 1784 2299 1847 invito

739 1870 947 1935 animo
975 1872 1171 1937 fuerat
1192 1874 1397 1936 Sacris
1426 1875 1762 1939 Ordinibus
1789 1878 2084 1939 initiatus.
2196 1924 2204 1937 .

858 1967 1103 2030 Praeter
1128 1968 1441 2047 epistolam
1493 1980 1890 2034 memoratam
1928 1972 2294 2035 Eminentia-

739 2060 875 2123 simi
907 2061 1148 2122 Domini
1184 2062 1362 2124 Card.
1402 2064 1479 2125 de
1529 2066 1707 2135 Risst‚
1760 2067 2012 2128 affertur
2040 2065 2290 2145 epistola

742 2155 939 2217 Patris
964 2156 1039 2217 de
1065 2157 1475 2218 Tournemine
1493 2160 1712 2239 scripta
1755 2159 2143 2221 Sanctissimo
2174 2162 2294 2221 Do-

737 2248 908 2312 mino
926 2250 1164 2319 Nostro.
1196 2272 1319 2314 una
1350 2274 1489 2314 cum
1515 2248 1861 2317 testimonio
1883 2254 2057 2316 relati
2104 2256 2292 2316 Paro-

738 2343 834 2406 chi
871 2345 932 2406 S.
966 2345 1236 2422 Sulpitii,
1272 2347 1332 2409 in
1363 2348 1589 2429 quibus
1619 2349 1847 2410 invitus
1902 2349 2100 2412 Caroli
2155 2351 2292 2411 ani-

737 2458 896 2516 mus,
928 2440 1124 2502 Patris
1151 2442 1425 2517 durities,
1457 2445 1709 2529 ejusque
1740 2443 1935 2506 malae
1962 2452 2122 2515 artes
2144 2489 2167 2515 ,
2226 2452 2296 2506 ut

740 2533 906 2596 iilius
932 2533 1142 2597 Sacros
1168 2535 1428 2601 Ordines
1453 2538 1768 2618 reciperet,
1798 2547 2226 2617 exponuntur-a

859 2629 1098 2703 Quibus
1121 2630 1915 2710 proindeconcnrrentibus,
1938 2633 2287 2714 quaeritur:

856 2724 952 2784 An
965 2728 1040 2784 sit
1067 2727 1216 2786 loeus
1238 2728 1647 2807 dispensationi
1664 2749 1834 2810 super
1852 2740 1978 2792 voto
2002 2732 2294 2792 continca-

742 2821 858 2879 tiae
877 2820 941 2877 in
961 2837 1097 2880 casu
1124 2828 1225 2880 otc.

842 3009 996 3060 Sacra
1024 3008 1222 3080 Congr.
1250 3011 1526 3079 respon-lit
1553 3033 1565 3063 :

915 3096 1143 3166 Dilata,
1194 3110 1246 3153 ee
1294 3098 1690 3171 coadjuvemur
1731 3102 2090 3173 probationes
2115 3102 2290 3172 iuxta

736 3185 1151 3241 instructionem
1177 3223 1189 3236 .
1434 3195 1435 3200 ’
2164 3195 2169 3202 ·

1196 3439 1200 3444 .
1224 3381 1585 3458 QUAESTIO
1644 3383 1789 3446 CCI.

730 3580 805 3641 In
833 3579 1024 3644 Causa
1049 3582 1268 3643 Montis
1298 3582 1531 3658 Falisci,
1565 3585 1654 3645 die
1672 3588 1771 3645 25.
1799 3583 2083 3647 Ianuarii
2109 3590 2285 3648 1721.

738 3707 829 3828 In
850 3767 1088 3836 ultimo,
1104 3788 1239 3829 cum
1254 3789 1377 3848 quo
1401 3770 1648 3832 decessit
1675 3779 2024 3835 testamento
2042 3773 2287 3835 condito

729 3880 883 3923 anno
908 3865 1079 3923 1628.
1105 3863 1284 3924 Lucia
1322 3865 1540 3926 Portici
1563 3865 1639 3926 de
1662 3865 2004 3929 valentano
2036 3867 2281 3929 Dioece-

731 3954 814 4015 sis
858 3957 1082 4018 Montis
1111 3957 1326 4020 Falisci
1352 3958 1668 4020 haeredem
1700 3960 1969 4022 instituit
1994 3961 2282 4023 Sacerdo-

731 4056 851 4110 tem
865 4050 1154 4112 Fiditium
1169 4052 1498 4114 Cardarelli
1509 4102 1523 4124 ,
1540 4073 1801 4134 eumque
1812 4056 2285 4132 gravavitonere

733 4162 856 4224 quo
881 4144 955 4206 ad
991 4157 1191 4225 usqne
1218 4147 1448 4209 viveret
1481 4149 1822 4210 celebrandi
1855 4157 2117 4228 quatuor
2139 4151 2285 4211 Mis·

729 4255 828 4299 sas
850 4238 1124 4316 quolibet
1158 4260 1361 4302 mense
1382 4287 1398 4312 ,
1437 4233 1767 4323 secuteque
1799 4245 1928 4324 ejus
1955 4243 2149 4315 obitu,
2180 4244 2287 4306 de·

733 4332 1066 4403 mandavit,
1101 4342 1165 4394 nt
1185 4355 1258 4395 ex
1280 4335 1568 4398 omnibus
1595 4337 1720 4398 suis
1744 4337 1919 4398 bonis
1952 4337 2287 4417 erigeretur

728 4425 1098 4488 Beneficium
1127 4446 1264 4488 cum
1290 4447 1476 4490 onere
1511 4423 1835 4510 perpetuae
1863 4429 2285 4494 celebrationis

729 4527 994 4601 quatuor
1018 4521 1243 4601 pariter
1269 4523 1594 4584 Missarum
1638 4525 1915 4605 quolibet
1944 4545 2146 4587 mense
2172 4547 2284 4605 pro

730 4613 934 4675 anima
958 4632 1091 4685 sua,
1120 4633 1386 4696 suaeque
1416 4617 1651 4690 Matris,
1686 4629 1745 4680 et
1780 4638 2031 4680 suorum
2050 4619 2283 4702 Cogna-

732 4716 935 4771 torum
958 4752 976 4768 .
1426 4775 1441 4788 Α,

846 4801 1017 4861 Anno
1049 4807 1223 4864 1632.
1283 4803 1544 4865 Fiditius
1577 4804 1789 4865 haeres
1829 4808 2169 4885 comparuit
2213 4808 2277 4870 in

726 4894 906 4956 Curia
929 4895 1264 4975 Episcopali
1290 4898 1511 4958 Montis
1538 4899 1782 4971 Falisci,
1805 4907 1866 4961 et
1891 4902 2192 4980 exposuit,
2218 4922 2282 4964 se

728 4988 893 5049 nolle
912 4997 1230 5068 expectare
1262 4990 1545 5052 ultimum
1575 4993 1737 5054 vitae
1768 4993 2073 5072 spiritum,
2105 5004 2165 5057 et
2195 4996 2281 5058 sic

726 5101 791 5143 se
821 5083 885 5143 in
911 5082 1201 5145 bonorem
1222 5083 1642 5147 Sanctissimae
1687 5086 2004 5149 Trinitatis
2049 5089 2283 5170 erigere

729 5176 886 5237 velle
908 5187 1260 5256 perpetuum
1296 5178 1773 5243 Ecclesiasticum
1810 5182 2176 5244 Beneficium
2207 5184 2281 5245 de

730 5271 904 5332 dictis
940 5272 1111 5332 bonis
1145 5271 1613 5344 haereditariis3
1667 5296 1928 5357 cumque
1965 5281 2141 5359 juxta
2182 5298 2277 5352 ea,

727 5384 885 5445 quae
908 5365 1143 5425 fuerant
1168 5389 1202 5428 a
1232 5370 1410 5429 Lucia
1438 5369 1825 5447 demandata,
1861 5381 2123 5451 quatuor
2145 5382 2278 5433 tan-

732 5467 859 5520 tum
877 5458 1094 5521 Missae
1109 5470 1301 5523 essent
1326 5462 1494 5543 quoti
1506 5463 1603 5526 bet
1634 5484 1838 5528 mense
1855 5467 2275 5541 celebrandae,

1928 481 2373 557 Quaesrtousss
2410 479 2768 538 CANONICAE

2411 636 2499 697 uti
2529 655 2712 717 supra
2740 635 2967 700 dictum
2989 644 3099 712 est,
3125 639 3250 720 ipse
3268 640 3500 704 addidit
3527 659 3681 713 onus
3709 639 3959 715 alterius

2410 730 2627 792 Missae
2660 731 2933 811 qualibet
2952 733 3326 797 hebdomada
3356 756 3467 815 pro
3489 735 3694 798 anima
3718 756 3850 808 sua,
3898 746 3959 800 et

2409 844 2683 899 suorum,
2719 846 2948 888 necnon
2976 848 3130 889 onus
3173 848 3419 910 quoque
3465 830 3752 910 imposuit
3775 832 3958 894 Bene·

2409 919 2611 983 ficiato
2635 922 2965 1002 personalis
2979 924 3336 987 residentiae
3354 925 3417 986 in
3444 926 3711 990 Ecclesia
3734 927 3953 1009 Majori

2408 1014 2757 1088 Valentani,
2785 1025 2846 1079 et
2868 1017 3098 1081 servitii
3130 1019 3192 1082 in
3229 1020 3469 1083 Divinis
3498 1023 3559 1082 in
3609 1020 3821 1084 eadem
3851 1022 3957 1085 Ec-

2408 1109 2612 1182 clesia,
2636 1120 2816 1191 prout
2847 1114 3370 1198 Archipresbyter,
3406 1127 3467 1180 et
3485 1117 3772 1181 Canonici
3795 1119 3958 1199 ejus-

2409 1202 2544 1264 dem
2575 1205 2860 1279 residere,
2887 1217 2948 1271 et
2966 1208 3253 1273 interesse
3280 1219 3584 1287 tenentur,
3616 1224 3676 1276 et
3705 1215 3953 1295 Episco-

2410 1316 2523 1377 pus
2545 1299 2910 1364 Beneficium
2933 1306 3147 1374 erexit,
3174 1305 3609 1370 Canonicatum
3639 1329 3956 1390 nuncupa-

2409 1401 2561 1465 tum,
2577 1415 2712 1458 cum
2725 1397 3012 1460 oneribus
3030 1420 3063 1460 a
3079 1399 3302 1462 Fiditio
3323 1404 3640 1481 expressis,
3656 1411 3716 1465 et
3728 1405 3800 1465 ad
3823 1406 3958 1484 ejus

2410 1489 2885 1553 nominationem
2943 1494 3205 1557 instituit
3275 1496 3574 1559 Clericum
3650 1498 3955 1561 Ioannem

2411 1582 2694 1645 Naidium
2723 1631 2738 1646 .

2528 1679 2793 1743 Clericus
2828 1682 2947 1756 hic,
2980 1683 3210 1765 aliique
3230 1686 3353 1747 duo
3381 1686 3440 1746 in
3493 1687 3794 1750 Beneficio
3817 1707 3956 1752 suc-

2408 1792 2665 1836 cessores
2690 1796 2873 1839 onera
2903 1778 3181 1858 imposita
3230 1779 3292 1840 in
3335 1781 3635 1843 erectione
3662 1781 3951 1862 impleve-

2409 1876 2584 1938 runt;
2612 1878 2673 1930 at
2696 1891 2848 1947 anno
2886 1877 3058 1935 1718.
3092 1874 3291 1936 delato
3325 1876 3627 1938 Beneficio
3648 1876 3725 1939 ad
3758 1876 3951 1940 Cleri·

2405 1984 2539 2025 cum
2557 1965 3009 2029 Ferdinandum
3030 1970 3439 2051 Scaglionum,
3465 1993 3600 2032 cum
3627 1971 3726 2034 hic
3757 1992 3958 2034 recur-

2403 2078 2535 2121 sum
2565 2060 2874 2140 habuisset
2912 2065 2988 2128 ad
3022 2064 3182 2127 hanc
3230 2065 3473 2128 Sacram
3520 2067 3950 2150 Congregatio-

2407 2176 2564 2226 nem,
2589 2160 2896 2220 exorando
2920 2178 3029 2239 pro
3055 2160 3489 2229 declaratione.
3517 2182 3579 2220 se
3604 2181 3725 2224 non
3750 2161 3952 2225 teneri

2399 2251 2474 2313 ad
2506 2251 2914 2322 residentiam,
2952 2274 3058 2315 nec
3085 2254 3162 2317 ad
3193 2255 3405 2317 Missas
3432 2275 3465 2317 a
3499 2254 3721 2318 Fiditio
3740 2275 3956 2334 super-

2401 2345 2657 2415 additas,
2702 2347 2801 2408 sed
2851 2356 3082 2409 tantum
3097 2350 3172 2411 ad
3195 2357 3458 2429 quatuor
3488 2350 3742 2411 Missasa
3765 2349 3951 2413 Lucia

2398 2440 2530 2501 ordi
2539 2448 2729 2521 natas,
2737 2443 2913 2522 juxta
2940 2462 3168 2504 morem
3187 2441 3476 2524 scriptum
3493 2444 3611 2506 fuit
3624 2443 3958 2507 Ordinario

2407 2553 2519 2615 pro
2555 2533 3018 2599 informatione.
3485 2528 3486 2531 ¹

2525 2631 2752 2693 Retulit
2777 2631 3140 2694 Ordinarius
3174 2632 3444 2711 exposita
3476 2633 3537 2693 in
3569 2633 3725 2696 facto
3752 2634 3952 2695 subsi-

2400 2733 2579 2796 stere,
2605 2725 2708 2787 sed
2728 2724 3061 2788 Canonicos
3083 2727 3452 2809 collegiatae
3468 2748 3754 2802 asserere,
3785 2728 3951 2810 quod

2400 2825 2624 2882 attenta
2645 2819 2935 2902 longaeva
2951 2822 3335 2885 observantia
3362 2823 3707 2900 octuaginta
3721 2831 3875 2896 octo,
3891 2832 3953 2886 et

2398 2914 2660 2992 amplius
2706 2933 3010 2977 annorum
3038 2963 3057 2989 ,
3117 2926 3375 2997 nequeat
3401 2918 3668 2980 Ecclesia
3698 2919 3953 2983 servitio

2405 3025 2513 3068 nec
2526 3008 2729 3070 anima
2751 3008 3113 3071 Fundatoris
3133 3011 3769 3092 Missarumsntl'ragiis
3785 3010 3951 3074 frau-

2400 3100 2558 3174 dari,
2607 3102 3036 3182 propositaque
3086 3103 3374 3167 instantia
3420 3104 3580 3167 inter
3613 3105 3948 3169 summaria

2401 3214 2646 3276 precum
2690 3199 2780 3258 dio
2806 3201 2993 3277 prima
3044 3199 3304 3261 Octobris
3359 3204 3536 3261 1720.
3592 3201 3950 3281 rescriptum

2398 3288 2714 3371 fuit,quod
2740 3291 3172 3370 praefigeretur
3198 3293 3498 3355 terminus
3518 3294 3837 3359 Canonicis
3863 3295 3943 3358 ad

2399 3402 2507 3446 sua
2529 3385 2672 3466 jura
2695 3385 3044 3448 deducenda
3076 3386 3138 3448 in
3169 3386 3347 3450 Sacra
3376 3387 3851 3469 Congregatione
3871 3432 3888 3449 .

2513 3479 2829 3542 Praefixus
2854 3480 2970 3542 fuit
2997 3481 3313 3543 Canonicis
3340 3483 3655 3556 terminus,
3687 3500 3948 3562 cumque

2389 3573 2567 3653 juxta
2584 3572 2841 3635 dubium
2857 3573 3018 3638 infra
3039 3574 3444 3647 referendum,
3459 3575 3752 3655 disputari
3768 3576 3949 3639 mode

2395 3667 2724 3748 contingat,
2755 3687 2858 3739 an,
2887 3676 2948 3729 et
2974 3668 3049 3730 ad
3077 3687 3236 3749 quae
3260 3688 3448 3730 onera
3475 3677 3755 3731 teneatur
3787 3669 3944 3731 Ora·-

2399 3771 2513 3832 tor,
2544 3761 2671 3842 ipse
2693 3762 3012 3824 contendit
3041 3782 3105 3824 se
3136 3782 3258 3824 non
3287 3763 3474 3824 teneri
3512 3762 3589 3825 ad
3612 3783 3767 3825 onus
3795 3764 3946 3826 resi-

2393 3855 2664 3928 dentiae;
2697 3876 2804 3918 nec
2832 3858 2906 3919 ad
2936 3856 3404 3921 celebrationem
3433 3859 3691 3934 aliarum
3726 3859 3941 3921 Missa-

2393 3968 2531 4010 rum
2579 3957 2813 4030 praeter
2855 3970 2955 4012 eas
2977 3999 2997 4023 ,
3041 3970 3199 4031 quae
3240 3951 3487 4022 fuerunt
3514 3973 3549 4015 a
3606 3953 3786 4018 Lucia
3847 3954 3947 4017 de·

2397 4043 2714 4105 mandatae
2738 4087 2755 4104 .
3472 4097 3494 4130 ⁴.

2510 4137 2996 4200 Fundamentum
3030 4138 3091 4199 in
3109 4137 3222 4200 hoc
3248 4137 3539 4213 consistit,
3566 4142 3728 4222 quod
3753 4144 3942 4204 Bene·

2391 4229 2596 4291 ficium
2618 4229 2734 4292 fuit
2753 4241 3018 4293 erectum
3042 4251 3116 4292 ex
3144 4233 3317 4294 bonis
3339 4242 3574 4295 tantum
3603 4235 3942 4297 haeredita-

2391 4325 2497 4385 riis
2546 4325 2802 4399 Luciae;
2836 4345 3096 4406 cumque
3132 4327 3257 4406 ipsa
3278 4338 3543 4408 quatuor
3573 4339 3806 4392 tantum
3839 4349 3942 4391 or-

2389 4418 2691 4480 dinaverit
2721 4419 2933 4481 Missas
2960 4420 3233 4500 quolibet
3253 4442 3477 4496 mense,
3510 4433 3567 4486 et
3605 4423 3668 4484 in
3703 4424 3939 4486 Benefi-

2389 4514 2789 4575 ciiercctione
2826 4534 2946 4574 non
2974 4515 3336 4588 meminerit,
3372 4537 3480 4578 nec
3518 4517 3720 4578 locuta
3747 4518 3824 4578 sit
3863 4519 3941 4580 de

2389 4628 2572 4669 onere
2601 4608 2982 4681 residentiae,
3011 4630 3129 4671 non
3152 4620 3283 4672 erat
3307 4611 3370 4672 iri
3397 4609 3681 4673 facultate
3703 4612 3935 4686 Fiditii,

2389 4703 2493 4781 qui
2531 4702 2684 4763 nihil
2706 4703 2781 4765 de
2806 4723 2930 4765 suo.
2950 4706 3369 4767 contribuebat
3391 4754 3408 4775 ,
3442 4726 3627 4768 onera
3655 4708 3938 4786 superad-

2389 4796 2532 4857 dere
2560 4803 2795 4876 praeter
2813 4818 2908 4870 ea,
2933 4818 3091 4878 quae
3113 4799 3363 4861 fuerunt
3383 4821 3417 4861 a
3443 4801 3807 4863 Fundatrice
3827 4822 3936 4862 ex·

2389 4910 2623 4970 pressa,
2673 4900 2737 4953 ut
2781 4893 2844 4952 in
2892 4893 3167 4955 terminis
3214 4895 3515 4974 Episcopi,
3562 4895 3725 4974 quod
3780 4914 3936 4958 nova

2383 5005 2566 5046 onera
2597 4985 2906 5065 imponere
2936 4996 3199 5067 nequeat
3232 4988 3567 5061 Beneficiis,
3625 4991 3935 5070 respondit

2385 5077 2533 5138 huot·
2558 5084 2684 5140 Sac.
2712 5080 3005 5161 Congreg.
3026 5083 3091 5140 in
3112 5101 3233 5142 una
3260 5082 3481 5142 Montis
3514 5082 3728 5144 Falisci
3750 5089 3927 5145 1604.

2388 5177 2486 5234 lib.
2521 5180 2610 5235 tt).
2644 5177 3154 5245 decretorum‚ctiu
3176 5195 3294 5236 una
3321 5175 3595 5248 Bitecten.
3624 5181 3799 5239 1608.
3827 5180 3925 5237 lib.

2391 5275 2483 5328 11.
2520 5270 2895 5337 decretorum,-
2944 5277 3005 5329 et
3031 5270 3192 5349 quod
3223 5270 3503 5330 similiter
3553 5271 3612 5331 id
3672 5272 3928 5333 vetitum

2384 5365 2464 5424 sit
2498 5363 2796 5435 Patronis,
2831 5364 3075 5436 beccel,
3107 5365 3270 5443 quod
3301 5373 3603 5444 nequeant
3648 5365 3710 5427 hi
3739 5386 3929 5430 onera

2387 5478 2508 5522 non
2519 5478 2796 5539 expressa
2807 5459 2872 5521 iu
2883 5458 3237 5523 fundatione
3252 5459 3676 5540 superaddere,
3690 5479 3933 5542 respon·
