4393 6299
958 467 1064 519 148

778 614 1297 703 quadragenariae
1326 636 1464 679 cum
1501 615 1681 680 titulo
1722 616 2018 693 colorato,
2046 637 2208 680 unus
2235 624 2327 681 ta-

779 733 919 778 men
967 732 1046 777 ex
1089 711 1365 775 Dominis
1398 711 1570 774 illam
1611 709 1847 774 fortiter
1895 712 2320 794 impugnavit,

773 811 951 892 juxta
968 828 1038 872 ea
1053 855 1070 879 ,
1101 826 1260 889 quae
1278 807 1584 869 habentur
1600 806 1666 889 S.
1694 811 1789 869 18.
1813 818 1865 868 et
1883 809 2146 888 pluribus
2172 827 2323 886 seqq.

777 917 832 967 ot
856 905 921 988 S.
961 909 1095 967 101.
1128 914 1180 964 st
1208 922 1355 982 seqq.
1403 913 1455 963 st
1500 901 1566 984 S.
1604 906 1735 963 131.
1772 912 1825 963 ot
1850 922 1997 981 seqq.
2029 920 2223 982 usque
2262 901 2329 962 in

776 999 965 1063 finem
999 997 1314 1061 decisionis
1340 999 1454 1058 diei
1499 1001 1554 1058 1.
1585 996 1760 1058 Junii
1790 1001 1960 1058 1708.
2008 1016 2199 1059 coram
2239 1016 2329 1057 co-

779 1096 901 1155 dem
921 1094 1206 1165 Amatae,
1231 1094 1379 1172 quod
1397 1104 1475 1153 est
1502 1093 1667 1154 decis.
1692 1096 1791 1152 24.
1816 1102 1935 1172 post
1957 1101 2328 1152 memoratum

779 1187 1122 1268 Prosper-um
1149 1187 1215 1246 ds
1245 1185 1555 1246 Ten-iterio
1577 1196 1876 1267 separato,-
1918 1194 1979 1246 et
2015 1204 2153 1246 cum
2198 1190 2329 1265 post

778 1282 927 1345 haec
946 1281 1156 1344 fuisset
1176 1282 1257 1343 ab
1272 1281 1567 1362 Episcopo
1587 1280 1774 1362 petita
1788 1325 1807 1353 ,
1827 1287 1887 1341 et
1903 1280 2149 1341 obtenta
2170 1296 2326 1341 nova

777 1376 1119 1448 audientia,
1150 1383 1209 1437 et
1244 1376 1318 1437 ad
1348 1375 1616 1437 tramites
1641 1374 1873 1437 ordinis
1892 1373 2198 1456 judicialis
2225 1373 2323 1434 fu-

775 1471 919 1533 isset
965 1469 1336 1552 propositum
1383 1469 1640 1531 dubium
1662 1513 1680 1541 ,
1722 1488 1802 1531 an
1847 1478 1981 1529 esset
2020 1468 2320 1540 standum,

775 1568 865 1628 cel
887 1565 1248 1627 recedendum
1274 1584 1313 1624 a
1337 1564 1564 1635 decisis,
1589 1564 1904 1643 perstitum
1933 1560 2053 1623 fuit
2077 1562 2140 1622 in
2165 1560 2326 1623 deci-

777 1659 895 1731 sis,
929 1665 990 1720 et
1010 1659 1133 1720 duo
1158 1676 1233 1719 ex
1261 1658 1390 1717 DI).
1424 1655 1748 1737 amplexati
1776 1662 1920 1717 sunt
1949 1654 2152 1718 omnia
2180 1652 2325 1716 fun-

778 1754 1059 1816 damenta
1102 1752 1356 1813 deducta
1395 1770 1507 1831 pro
1545 1759 1716 1832 parte
1753 1749 2034 1821 Abbatis,
2071 1748 2324 1831 jurisdi-

776 1848 993 1911 ctionis
1034 1846 1259 1909 scilicet
1290 1846 1578 1918 Nativae,
1615 1844 1896 1918 Dativae,
1930 1852 1990 1906 et
2023 1844 2324 1906 Praescri-

778 1944 1012 2024 ptivae;
1039 1941 1192 2003 alter
1220 1940 1477 2021 perstitit
1503 1940 1567 2000 in
1601 1939 1812 2002 decisis
1837 1958 1913 2001 ex
1947 1937 2075 2001 solo
2102 1937 2324 2000 funda·

780 2044 983 2099 mento
1006 2034 1443 2118 jurisdictionis
1474 2034 1758 2108 Dativae;
1804 2041 2067 2115 quatuor
2106 2051 2325 2095 conve·

775 2132 937 2193 nisse
962 2130 1244 2192 videntur
1267 2129 1333 2190 in
1357 2128 1824 2209 praescriptione
1843 2125 2327 2209 quadragenaria

778 2244 916 2285 cum
961 2221 1142 2285 titulo
1171 2220 1469 2294 colorat03
1498 2229 1559 2282 et
1595 2240 1755 2281 unus
1779 2219 2056 2281 dissensit
2087 2220 2167 2282 ab
2192 2237 2324 2280 om·

780 2317 995 2389 nibus,
1026 2324 1088 2377 et
1120 2313 1524 2397 Jurisdictioni
1552 2313 2024 2393 Praescriptivae
2061 2332 2199 2374 cum
2245 2311 2322 2373 ti-

776 2410 907 2472 tulo
928 2408 1194 2471 colorato
1223 2407 1459 2468 fortiter
1477 2406 1740 2480 obstitit,
1765 2406 1860 2468 cui
1885 2406 2143 2467 subinde
2164 2424 2324 2466 unus

777 2503 1054 2576 acceoeit,
1097 2511 1158 2563 et
1188 2501 1342 2563 alter
1367 2519 1440 2562 eo
1481 2501 1720 2575 audito,
1755 2500 1820 2560 in
1862 2519 1994 2562 eam
2022 2500 2327 2561 descendit

777 2596 1125 2677 opinionem
1141 2641 1159 2669 ,
1181 2603 1252 2656 ut
1276 2594 1622 2656 differretur
1644 2591 1958 2667 resolutio,
1982 2602 2041 2654 et
2065 2601 2133 2654 ut
2157 2601 2326 2655 actus

779 2689 1170 2772 particulares
1195 2686 1690 2749 examinarentur
1708 2734 1722 2756 ,
1754 2704 1906 2766 quos
1934 2687 2136 2747 Abbas
2160 2704 2325 2766 prae-

781 2784 1028 2846 tendere
1062 2790 1297 2863 poterat
1327 2800 1392 2842 se
1439 2780 1920 2862 praescripsisse,
1969 2780 2056 2842 uti
2104 2781 2327 2863 legitur

782 2882 847 2936 in
873 2879 1040 2937 decis.
1076 2877 1230 2936 edita
1258 2876 1346 2934 dis
1372 2879 1432 2935 2.
1463 2874 1637 2934 lunii
1669 2878 1841 2935 1710.
1873 2873 1938 2956 S.
1972 2880 2029 2935 3.
2063 2874 2126 2956 S.
2161 2881 2219 2935 9.
2249 2874 2318 2957 S.

784 2976 881 3031 33.
915 2969 981 3050 S.
1032 2974 1127 3029 35.
1167 2986 1357 3027 coram
1381 2968 1552 3026 citato
1600 2966 1672 3026 R.
1718 2964 1795 3026 P.
1846 2966 1922 3026 1).
1954 2969 2239 3037 Ansaldm
2268 2973 2329 3027 et

781 3084 902 3126 non
932 3064 1206 3124 obstante
1232 3060 1345 3121 hac
1373 3070 1647 3120 votorum
1676 3059 1929 3121 scissura
1957 3059 2021 3120 in
2050 3059 2195 3140 ipsis
2222 3058 2328 3121 de-

781 3157 1109 3221 cisionibus
1156 3154 1469 3217 Rotalibus
1511 3152 1832 3234 patefacta,
1875 3154 2198 3216 deventum
2238 3160 2328 3216 est

781 3253 858 3315 ad
891 3270 1106 3315 causae
1126 3249 1597 3329 expeditionem3
1627 3257 1686 3309 et
1713 3247 1798 3309 sic
1824 3249 1899 3310 ad
1930 3248 2326 3328 prolationem

778 3346 1076 3408 secundae
1100 3342 1428 3404 sententiae
1455 3341 1661 3402 favore
1687 3341 1960 3401 Abbatis.

899 3437 1160 3499 Habitus
1184 3444 1272 3496 est
1298 3435 1377 3497 ab
1420 3433 1713 3513 Episcopo
1751 3452 2027 3495 recursus
2053 3433 2131 3496 ad
2158 3434 2328 3496 Emi-

781 3529 1197 3592 nentissimum
1221 3527 1623 3589 Corradinum
1653 3535 1796 3587 tunc
1820 3545 1950 3588 san.
1982 3547 2160 3590 mem.
2191 3528 2326 3591 Cle-

780 3623 1000 3686 mentis
1022 3624 1133 3684 XI.
1163 3620 1514 3684 Auditorem
1530 3666 1548 3694 ,
1576 3621 1949 3701 deductoque
1969 3640 2171 3685 coram
2198 3622 2326 3703 ipso

779 3719 1053 3799 sequenti
1084 3717 1511 3788 fundamento,
1543 3715 1705 3796 quod
1745 3716 1861 3777 dici
1906 3734 2024 3778 non
2057 3723 2322 3797 poterat,

778 3810 1064 3893 suffragia
1098 3811 1458 3872 Auditorum
1491 3811 1677 3872 Rotae
1702 3829 1778 3871 ex
1808 3809 2059 3873 diversis
2087 3809 2326 3871 motivis

779 3906 845 3968 in
876 3924 1068 3967 unum
1092 3903 1279 3966 finem
1307 3904 1688 3985 conspirare,
1722 3905 1821 3965 sed
1850 3923 1977 3965 esse
2003 3904 2202 3984 potius
2227 3903 2323 3964 in-

780 4011 873 4064 ter
901 4020 966 4063 se
1003 3997 1204 4061 taliter
1245 3999 1679 4072 discordantia,
1710 4006 1778 4059 ut
1805 4018 1993 4058 unum
2021 3997 2187 4059 aliud
2218 3998 2324 4059 de-

778 4101 1069 4164 strueret,
1098 4091 1325 4173 placuit
1349 4093 1545 4153 eidem
1575 4093 1885 4153 insinuare
1910 4093 2037 4152 DD.
2069 4091 2324 4153 Audito·

778 4187 953 4249 ribus
1001 4188 1219 4257 Rotae,
1263 4184 1424 4264 quod
1456 4185 1521 4245 in
1568 4203 1746 4246 causa
1790 4184 2180 4265 Herbipolen.
2218 4203 2321 4247 seu

779 4278 1035 4343 Fulden.
1066 4279 1511 4340 Jurisdictionis
1547 4278 1901 4359 expediebat
1925 4278 2110 4340 dubia
2149 4298 2322 4360 sepa-

779 4393 950 4447 rare,
981 4373 1135 4435 itaut
1159 4393 1351 4433 unum
1379 4373 1689 4447 Nativam,
1719 4372 1978 4435 alterum
2006 4373 2320 4448 Dativam,

779 4475 841 4530 et
884 4466 1130 4528 tertium
1175 4465 1672 4546 Praescriptivam
1705 4464 2185 4547 jurisdictionem
2232 4485 2327 4528 re·

778 4561 1064 4642 spiceret,
1099 4560 1380 4640 editoque
1422 4560 1645 4622 idcirco
1681 4560 1761 4621 ab
1789 4560 1996 4622 eadem
2032 4563 2185 4622 Rota
2229 4580 2327 4623 re·

779 4672 998 4734 sponso
1020 4653 1122 4715 die
1153 4657 1246 4713 13.
1278 4651 1504 4732 Aprilis
1538 4657 1710 4713 1711.
1746 4670 1856 4733 pro
1882 4652 2176 4714 dictorum
2213 4654 2327 4714 du-

781 4747 1023 4808 biorum
1057 4744 1463 4827 separatione,
1496 4745 1678 4807 unius
1699 4745 1976 4808 videlicet
1998 4764 2179 4826 super
2208 4747 2327 4808 Na·

781 4841 943 4913 tiva,
993 4838 1243 4902 alterius
1284 4858 1464 4918 super
1509 4838 1727 4901 Dativa
1748 4884 1765 4911 ,
1816 4847 1876 4900 et
1929 4838 2089 4904 tertii
2144 4859 2326 4919 super

780 4932 1217 5013 Praescriptiva
1266 4951 1405 4994 cum
1449 4931 1625 4993 titulo
1672 4931 1937 4994 colorato
1958 4978 1974 5006 ,
2022 4934 2326 5013 proposita

783 5027 903 5089 fuit
926 5046 1102 5090 causa
1132 5046 1311 5107 super
1348 5026 1564 5088 Nativa
1597 5027 1695 5088 die
1726 5032 1820 5088 12.
1848 5028 2016 5088 Junii
2050 5033 2224 5089 1701.
2268 5036 2329 5089 et

783 5140 1136 5202 responsum
1166 5120 1315 5194 fuit,
1347 5120 1716 5183 Sententiam
1761 5121 2032 5184 Rotalem
2068 5142 2194 5184 esse
2231 5142 2326 5183 re·

782 5215 1159 5277 formandam
1193 5215 1390 5294 quoad
1428 5215 1706 5278 Nativam
1730 5262 1747 5289 ,
1789 5216 1879 5277 uti
1920 5215 2226 5298 colligitur
2251 5236 2327 5278 ea:

780 5310 1050 5370 decisione
1075 5309 1228 5369 edita
1252 5310 1404 5371 dicta
1433 5310 1523 5370 dio
1546 5329 1738 5370 coram
1765 5311 1890 5370 bon.
1922 5331 2083 5372 mem.
2125 5312 2196 5372 R.
2249 5310 2322 5372 P.

785 5401 860 5465 D.
890 5401 1230 5487 Consulto,-
1253 5422 1514 5485 cumque
1541 5403 1641 5467 die
1666 5409 1759 5466 15.
1786 5405 2049 5487 ejusdem
2080 5405 2324 5480 mensis,

1972 465 2418 534 ontsswom-:s
2451 461 2810 521 momen

2438 624 2499 679 et
2538 617 2683 680 anni
2727 614 3033 698 proposita
3080 613 3307 696 pariter
3348 611 3556 674 fuisset
3594 630 3774 676 causa
3803 632 3989 695 super

2436 708 2575 773 aliis
2594 710 2832 772 duobus
2855 708 3059 771 dubiis
3085 708 3338 770 Dativae
3354 751 3373 779 ,
3402 714 3462 767 et
3490 698 3984 787 Praescriptivae,

2437 823 2788 885 responsum
2818 802 2936 864 fuit
2977 802 3177 884 quoad
3205 801 3518 871 Dativam,
3550 801 3714 880 quod
3761 801 3986 862 iterum

2438 907 2872 979 proponeretur
2889 943 2906 969 ,
2929 905 2989 959 et
3009 896 3378 958 Sententiam
3399 893 3669 957 Rotalem
3693 914 3820 957 esse
3840 915 3985 957 con-

2437 992 2798 1054 firmandam
2824 991 3021 1072 quoad
3053 988 3584 1069 Praescriptivam,
3619 996 3988 1068 extensaque

2438 1085 2737 1148 decisione
2767 1104 2946 1165 super
2976 1082 3410 1164 Praescriptiva
3451 1081 3531 1142 ab
3557 1082 3765 1142 eodem
3803 1084 3874 1143 R.
3910 1083 3980 1143 P.

2438 1183 2511 1243 D.
2541 1179 2890 1253 Cafl'arello,
2919 1180 3241 1241 deventum
3271 1177 3388 1238 fuit
3416 1176 3493 1238 ad
3539 1175 3984 1256 expeditionem

2433 1294 2676 1346 causae,
2707 1284 2769 1338 et
2792 1274 2878 1336 sic
2900 1274 2977 1335 ad
3007 1273 3242 1335 tertiam
3272 1269 3665 1333 Sententiam.

2548 1370 2640 1431 Ad
2662 1369 2941 1430 evitanda
2959 1365 3328 1448 praejudicia
3345 1384 3421 1425 ex
3440 1362 3778 1445 prolatione
3794 1361 3982 1425 trium

2430 1463 2874 1526 Sententiarum
2905 1461 3210 1524 Rotalium
3238 1460 3301 1520 in
3330 1479 3394 1521 se
3426 1456 3765 1520 derivantia
3789 1505 3806 1529 ,
3838 1475 3984 1538 sup-

2431 1558 2613 1638 plices
2653 1577 2854 1638 preces
2891 1558 2971 1620 ab
2999 1556 3288 1637 Episcopo
3315 1553 3627 1614 exhibitae
3666 1558 3812 1613 sunt
3845 1570 3977 1612 san.

2430 1673 2608 1714 mem.
2638 1651 2925 1714 Clementi
2950 1653 3144 1732 Papae
3165 1650 3278 1710 XI.
3311 1648 3417 1728 qui
3445 1646 3984 1728 Congregationem

2432 1746 2860 1809 Particularem
2906 1744 3217 1826 deputavit
3263 1743 3394 1805 loeo
3436 1741 3797 1823 Signaturae
3832 1740 3989 1801 Gra-

2432 1842 2569 1913 tiae,
2602 1851 2993 1921 promotaque
3018 1839 3081 1899 in
3107 1837 3220 1898 bac
3252 1834 3725 1916 congregatione
3758 1833 3987 1897 instan-

2433 1934 2512 1996 tia
2540 1955 2646 2015 pro
2669 1934 3015 1995 avocatione
3046 1950 3259 1994 causae
3277 1949 3312 1992 a
3347 1926 3666 1990 Tribunali
3688 1930 3878 1989 Rotae
3907 1927 3988 1990 ad

2429 2030 2585 2091 hanc
2605 2031 2844 2091 Sacram
2869 2024 3404 2109 congregationem
3435 2021 3688 2085 Concilii
3708 2068 3727 2095 ‚
3756 2041 3895 2083 curn
3920 2022 3988 2083 in

2429 2125 2584 2187 dicta
2640 2121 2991 2185 particulari
3050 2107 3524 2202 Congregatione
3582 2116 3984 2197 ponderatum

2429 2217 2638 2280 fuisset
2661 2264 2676 2291 ,
2710 2227 2893 2280 totam
2922 2216 3230 2278 decidendi
3270 2213 3705 2291 rationem-pro
3745 2212 3988 2274 Abbate

2430 2313 2710 2374 Fuldensi
2741 2311 3122 2372 constitutam
3172 2308 3356 2370 fuisse
3385 2307 3448 2368 in
3487 2305 3987 2387 Quadragenaria

2429 2428 2564 2469 curn
2603 2406 2778 2467 titulo
2825 2407 3091 2467 colorato
3117 2450 3132 2477 ,
3174 2413 3234 2465 et
3276 2420 3403 2463 esse
3439 2399 3772 2463 articulum
3817 2400 3988 2462 luris

2429 2500 2780 2563 Conciliaris
2801 2546 2818 2573 ,
2867 2519 2944 2562 an
2995 2508 3123 2579 post
3169 2496 3504 2558 Concilium
3553 2492 3983 2555 Tridentinurn

2427 2595 2921 2675 Quadragenaria
2940 2613 3075 2656 cum
3101 2591 3278 2653 titulo
3300 2589 3563 2651 colorato
3584 2587 3840 2649 sufficiat
3871 2606 3986 2667 pro
4079 2604 4086 2607 ·

2428 2688 2791 2769 acquirenda
2813 2686 3232 2769 jurisdictione
3251 2682 3554 2745 Activain
3596 2681 3875 2750 Clerum,
3923 2689 3986 2742 et

2431 2782 2725 2862 Populum
2753 2801 2872 2843 una
2899 2801 3034 2843 cum
3068 2777 3398 2841 Territorio
3421 2785 3717 2857 separato,
3743 2793 3988 2856 respon·

2428 2895 2560 2937 sum
2583 2876 2697 2936 fnit
2727 2876 2825 2937 die
2847 2880 2945 2936 29.
2981 2872 3231 2955 Augusti
3260 2875 3434 2933 1714.
3460 2870 3984 2933 eidem-noeman·

2430 2972 2700 3049 facultate
2726 2969 3123 3030 manutenendi
3145 2987 3308 3047 quem
3339 2967 3406 3026 de
3429 2965 3561 3044 jure
3584 3007 3605 3040 ,
3625 2962 3718 3029 “-
3747 2967 3988 3026 mrito

2430 3065 2496 3126 ds
2524 3066 2702 3125 tribus
2727 3112 2742 3134 ,
2774 3065 3015 3124 discusso
3046 3073 3233 3123 tamen
3258 3064 3421 3142 prius
3461 3060 3726 3123 articulo·
3747 3058 3818 3119 in
3843 3057 3982 3121 Soc.

2437 3157 2877 3237 Conqreqationo
2918 3158 3202 3226 concilii,
3232 3176 3310 3218 an
3338 3155 3822 3236 Quadi-aymerici
3860 3173 3991 3216 eun·

2433 3254 2602 3312 titulo
2628 3255 2873 3314 colorato
2890 3255 2963 3312 sit
2984 3251 3257 3332 sufficiens
3278 3252 3354 3313 ad
3371 3250 3823 3311 constituendum
3848 3249 3988 3310 Ten·-

2431 3347 2697 3406 ritorium
2722 3356 3047 3427 soporatum
3069 3368 3093 3416 ,-
3128 3364 3238 3408 nec
3269 3343 3526 3418 mirum,
3577 3363 3714 3406 cum
3760 3344 3987 3406 etenim

2430 3439 2636 3501 Sixtus
2656 3441 2734 3500 V.
2763 3444 2828 3500 in
2846 3460 2951 3503 sun
2985 3440 3398 3501 Constitutione
3422 3442 3523 3499 74.
3554 3437 3888 3518 Conqreyat.
3919 3444 3983 3500 8.

2430 3531 2497 3615 S.
2529 3538 2582 3594 1.
2611 3533 2843 3596 Bullar.
2871 3546 3001 3595 tom.
3029 3539 3089 3595 2.
3116 3533 3479 3615 privativam
3503 3531 3822 3594 indulserit
3841 3532 3990 3595 huic

2430 3627 2560 3690 Sac.
2592 3627 3048 3711 Congregationi
3077 3627 3492 3690 auctoritatem
3539 3626 3983 3706 interpretandi

2428 3721 2661 3783 decreta
2682 3723 2812 3783 Sac.
2844 3721 3120 3793 Concilii,
3147 3721 3290 3782 hinc
3315 3719 3541 3782 factum
3568 3729 3701 3792 est,
3740 3727 3805 3778 ut
3834 3738 3984 3799 qno-

2437 3814 2542 3876 ties
2570 3814 2777 3876 incidit
2802 3816 3075 3894 quaestio
3095 3832 3274 3894 super
3304 3812 3702 3894 intelligentia
3732 3810 3994 3892 alicujus

2428 3908 2644 3969 decreti
2671 3907 2918 3969 Concilii
2940 3953 2957 3980 ,
2993 3907 3040 3968 si
3066 3925 3236 3968 casus
3261 3905 3341 3967 sit
3368 3905 3625 3977 dubius,
3653 3913 3715 3967 et
3743 3902 3897 3966 alias
3945 3923 3984 3966 a

2428 3999 2900 4081 Congregatione
2953 4019 3072 4060 non
3122 3989 3352 4061 decisus
3375 4043 3393 4071 ,
3445 4000 3595 4060 Rota
3653 3998 3781 4078 ipsa
3816 4044 3833 4068 ,
3880 4005 3990 4062 aut

2430 4093 2962 4175 Congregationem
2990 4092 3299 4166 consulat,
3329 4101 3435 4153 aut
3455 4091 3751 4174 significet
3785 4093 3984 4153 Parti-

2430 4188 2545 4249 bus
2565 4232 2583 4260 ,
2632 4196 2700 4248 ut
2733 4187 3019 4267 ipsaemet
3061 4188 3279 4249 adeant
3325 4185 3861 4268 Congregationem
3884 4230 3902 4259 ,
3949 4203 3987 4248 a

2428 4298 2552 4361 qua
2579 4279 2684 4341 ubi
2717 4279 3141 4341 resolutionem
3167 4279 3545 4340 obtinuerint
3571 4324 3589 4352 ,
3618 4278 3864 4341 redeant
3888 4296 3988 4357 po-

2427 4381 2553 4437 stea
2574 4393 2712 4436 cum
2733 4374 2861 4455 ipsa
2881 4374 2955 4435 ad
2977 4376 3187 4435 Rotam
3205 4391 3315 4453 pro
3331 4371 3559 4435 musae
3576 4372 3981 4453 expeditione,

2432 4467 2938 4550 quemadmodum
2964 4467 3208 4529 totidem
3233 4467 3435 4528 verbis
3458 4474 3704 4528 testatur
3720 4465 3981 4545 Faqnan.

2433 4565 2496 4621 in
2521 4581 2645 4641 cap.
2682 4560 2969 4636 Quoniam
3009 4580 3168 4620 num.
3207 4565 3303 4621 38.
3336 4560 3403 4620 dc
3434 4559 3941 4620 constitutionibus
3964 4606 3981 4631 ,

2433 4663 2493 4717 et
2535 4654 2654 4716 late
2682 4655 2863 4715 etiam
2904 4654 3288 4734 prosequitur
3330 4654 3404 4715 R.
3454 4653 3527 4714 P.
3582 4654 3656 4712 D.
3696 4654 3867 4715 Petra
3909 4654 3988 4714 ad

2436 4748 2871 4809 Constitutione„
2921 4749 3266 4827 Apostolicns
3321 4759 3450 4807 tom.
3499 4752 3558 4809 4.
3616 4750 3684 4808 in
3711 4750 3858 4808 notis
3904 4747 3986 4809 ad

2437 4841 2741 4904 Constitue.
2779 4847 2874 4903 10.
2906 4841 3163 4903 Martini
3184 4841 3393 4917 Quinti
3417 4862 3576 4901 num.
3612 4847 3710 4903 31.
3735 4845 3910 4902 0132.

2550 4936 2949 4997 Cohaerenter
2980 4935 3052 4996 ad
3083 4935 3229 4996 baec
3265 4936 3325 4995 in
3355 4937 3534 4998 Sacra
3555 4935 3986 5018 Congregatio-

2432 5049 2508 5090 ne
2556 5030 2804 5091 Concilii
2855 5029 3062 5089 habita
3105 5030 3193 5088 die
3223 5035 3279 5089 3.
3316 5028 3570 5089 Octobris
3617 5034 3792 5090 1716.
3842 5047 3988 5109 pro·

2436 5123 2691 5205 positum
2730 5123 2845 5183 suit
2888 5123 3141 5183 dubium
3170 5171 3185 5192 ,
3223 5144 3300 5184 an
3344 5122 3824 5202 Qemdraqenaria
3854 5143 3985 5182 cum

2433 5219 2600 5284 titulo
2652 5219 2896 5278 colorato
2917 5219 3012 5276 *sit
3061 5218 3333 5296 sufficiens
3380 5220 3455 5278 ad
3498 5218 3989 5297 praescribendum

2439 5312 2812 5373 Tora-iterium
2852 5322 3173 5391 separatum
3225 5314 3287 5370 in
3324 5332 3492 5379 casu:
3530 5330 3791 5391 cumque
3839 5319 3987 5370 tunc

2433 5407 2604 5470 nulla
2656 5404 2864 5469 fuisset
2894 5411 3066 5487 capta
3121 5404 3406 5468 resolutio
3430 5449 3448 5479 ,
3495 5405 3598 5467 sed
3645 5402 3989 5467 secretario
