4393 6299
964 523 1034 571 oo
1963 515 2413 587 Quasrtousss
2449 514 2816 574 canusima

778 674 978 744 derit,
1009 694 1072 736 se
1110 673 1366 738 (lausam
1415 672 1711 734 remisisse
1757 671 1835 734 ad
1884 670 2043 733 hanc
2084 669 2333 732 Sacram

776 768 1357 851 congregationem,
1383 778 1452 831 ut
1484 769 1614 849 ejus
1652 766 1968 830 oraculum
2005 764 2337 828 haberetur

780 863 842 925 in
875 864 1113 946 negotio
1157 863 1551 926 ecclesiastico
1576 909 1589 935 ,
1629 862 1792 943 quod
1825 861 1994 924 varie
2037 860 2099 921 in
2147 860 2335 921 variis

778 957 1216 1020 Tribunalibus
1243 956 1561 1020 definitum
1592 956 1739 1028 suit,
1770 975 2049 1037 expresse
2070 972 2338 1016 asseren-

779 1054 888 1124 do,
919 1054 1081 1133 quod
1118 1062 1247 1132 post
1274 1052 1454 1134 hujus
1482 1052 1699 1113 Sacrae
1725 1049 2221 1132 Congregatiouis
2244 1067 2341 1108 re-

778 1145 1164 1218 solutionem,
1195 1145 1386 1207 Causa
1411 1145 1475 1205 in
1506 1144 1677 1206 nullo
1706 1143 1828 1206 alio
1856 1140 2206 1215 Tribunali,
2234 1161 2338 1202 seu

779 1241 1254 1325 Congregatione
1266 1240 1741 1310 examinabitur;
1760 1239 1911 1301 itaut
1932 1236 2344 1320 hujusSacrae

779 1335 1272 1418 Congregationis
1293 1334 1609 1397 oraculum
1633 1334 1712 1397 sit
1731 1333 2004 1395 futurum
2031 1332 2339 1404 ultimum,

778 1441 835 1494 et
866 1429 1193 1495 decisivum
1233 1430 1414 1512 hujus
1441 1430 1700 1501 Causae,
1729 1429 1790 1490 in
1827 1437 1912 1490 tot
1946 1426 2084 1490 aliis
2114 1426 2339 1489 Tribu-

779 1524 1021 1586 nalibus
1043 1523 1441 1585 examinatae.
1474 1523 1585 1585 His
1604 1522 1928 1594 stantibuS,
1963 1527 2340 1599 reassumpta

780 1621 972 1680 Causa
1003 1618 1101 1678 die
1129 1623 1228 1678 26.
1256 1619 1513 1697 Augusti
1544 1622 1717 1679 1719.
1745 1616 2089 1696 quaesitum
2113 1613 2229 1675 fuit

899 1710 949 1773 1.
986 1712 1078 1770 Aa
1104 1722 1308 1772 comtet
1334 1710 1398 1772 de
1425 1712 1675 1771 simonia
1707 1712 1769 1771 in
1793 1729 1950 1779 casu,
1967 1782 1970 1791 A
1988 1718 2039 1769 et
2061 1719 2342 1788 quatenus

777 1806 1139 1886 affirmative:
1874 1828 1879 1835 ·

897 1900 980 1961 11.
1004 1900 1120 1970 An,
1141 1911 1191 1960 et
1215 1902 1278 1960 in
1302 1918 1445 1981 quas
1464 1917 1670 1985 [penas
1686 1899 1999 1959 incurrerit
2017 1895 2338 1970 Maureta,

778 1997 843 2055 in
865 2016 1000 2057 casu
1024 2005 1125 2056 ete.

887 2190 1027 2239 sacr.
1066 2186 1263 2253 Cougr.
1296 2184 1603 2254 respo-dit:
1644 2162 1648 2171 ὁ

962 2273 1056 2325 Ad
1086 2273 1331 2323 Primum
1353 2310 1369 2336 ,
1407 2290 1514 2323 non
1545 2280 1798 2333 comare
1824 2268 1891 2321 de
1918 2268 2166 2322 Simom'a
2192 2307 2212 2333 ,
2248 2266 2348 2321 sed

776 2359 1321 2428 donationemsuisse
1346 2360 1617 2412 illicitam.
1652 2358 1747 2412 Ad
1771 2357 2098 2420 Secundum,
2124 2368 2234 2408 non
2264 2356 2346 2407 ἕη-

777 2449 1010 2502 currt'sse
1039 2489 1051 2509 ,
1082 2461 1132 2500 et
1163 2448 1237 2499 ad
1264 2461 1493 2500 mentem
1519 2489 1535 2511 ,
1562 2467 1758 2516 nempe
1780 2459 1839 2498 ue
1865 2444 2348 2500 Emineneissimus
2427 2463 2431 2468 ·

778 2538 1246 2607 Arcleiepiscopus
1272 2535 1526 2602 mandet,
1558 2536 1883 2609 Maurorum
1914 2533 2195 2586 remoueri.

1271 2727 1639 2804 QUAESTIO
1683 2728 1847 2791 LIII.

898 2935 970 2995 In
1001 2933 1195 2996 causa
1224 2931 1536 2995 Feretrana
1557 2932 1919 3019 Reductionis
1946 2928 2234 3005 Onerum,

1165 3043 1259 3103 'die
1288 3047 1346 3103 3.
1366 3040 1729 3121 Septembris
1762 3045 1938 3102 1718.

780 3185 981 3300 Licet
1000 3256 1035 3298 a
1053 3231 1531 3315 Congregatione
1546 3249 1726 3311 super
1742 3237 1900 3292 statu
1919 3229 2341 3312 Regularium,

783 3331 1094 3396 occasione
1128 3326 1567 3408 suppressionis
1614 3324 1928 3406 cujusdam
1979 3324 2150 3404 parvi
2184 3323 2343 3386 Con-

2443 674 2535 737 rio
2560 719 2579 745 ,
2610 672 2737 753 ipse
2761 691 2871 753 pro
2898 669 3082 732 scutis
3103 667 3340 729 duobus
3387 672 3695 726 teneretur
3738 659 4005 724 residere

2445 770 2508 830 in
2556 769 2809 831 aedibus
2854 767 3241 834 Conventus,
3288 761 3533 822 Missam
3582 757 4006 838 quotidianam

2444 866 2750 929 celebrare
2772 910 2789 937 ,
2824 872 2884 925 et
2915 860 3255 923 Parochum
3282 858 3650 938 coadjuvare
3680 854 3741 914 in
3780 851 4007 913 exerci-

2448 964 2532 1026 tio
2553 980 2735 1025 curae
2760 958 3120 1021 Animarum
3138 1001 3155 1028 ,
3187 953 3262 1016 ad
3286 971 3447 1033 quae
3466 948 3748 1011 evitanda
3788 949 4007 1009 absur-

2448 1060 2564 1131 da,
2595 1054 2930 1126 concludit,
2982 1051 3075 1113 vel
3123 1070 3188 1112 se
3230 1068 3348 1109 non
3384 1044 3571 1110 teneri
3621 1044 3694 1106 ad
3726 1062 3997 1105 annuam

2447 1153 2812 1217 solutionem
2837 1157 3145 1212 scutorum
3180 1151 3274 1207 10.
3313 1142 3404 1204 vel
3434 1161 3561 1202 esse
3590 1138 3788 1202 locum
3824 1138 4007 1199 redu-

2448 1250 2630 1314 ctioni
2657 1247 2917 1310 aliorum
2953 1261 3209 1305 onerum
3238 1236 3682 1318 Cappellaniae.

2569 1344 2872 1408 Adversus
2916 1339 3064 1401 haec
3114 1330 3339 1414 excipit
3379 1328 3828 1400 Seminarium,
3876 1343 4001 1387 nou

2448 1462 2574 1503 esse
2609 1440 2807 1501 Iocum
2837 1431 3202 1498 absolutioni
3233 1430 3313 1491 ab
3340 1446 3526 1489 onere
3551 1434 3858 1487 scutorum
3907 1426 4004 1483 10.

2447 1553 2825 1603 annuorum,
2862 1539 2994 1591 tum
3021 1524 3167 1607 quia
3195 1524 3397 1584 Testes
3427 1540 3464 1583 a
3500 1516 3868 1599 cappellano
3896 1513 4008 1577 ad-

2447 1632 2612 1693 ducti
2654 1628 2969 1709 patiuntur
2994 1619 3374 1696 exceptiones
3401 1615 3466 1676 in
3505 1630 3757 1695 persona
3784 1659 3799 1682 ,
3839 1617 3901 1671 et
3939 1608 4009 1670 in

2448 1726 2622 1789 dictis
2648 1771 2664 1797 ,
2703 1734 2832 1785 tum
2873 1718 3019 1800 quia
3068 1715 3278 1776 eadem
3326 1713 3485 1773 bona
3511 1755 3528 1781 ‚
3559 1727 3719 1788 quae
3751 1705 4010 1768 aderant

2450 1804 2716 1900 tempore
2735 1809 3173 1895 suppressiouis
3189 1808 3558 1874 Conventus,
3581 1802 3802 1865 adsunt
3820 1797 4006 1861 etiam

2449 1917 2525 1977 de
2548 1910 2868 1995 praesenti,
2894 1910 3049 1971 itaut
3080 1903 3385 1966 redituum
3408 1895 3823 1966 deterioratio,
3854 1910 4013 1975 qua·

2448 2021 2623 2072 tenus
2649 2015 2801 2069 esset
2820 2006 2881 2067 in
2908 2004 3065 2075 facto
3087 1995 3399 2063 verificata
3426 2041 3443 2068 ,
3481 1994 3545 2055 in
3573 1994 3717 2075 jure
3744 2008 3866 2051 non
3910 2005 4010 2049 re-

2451 2106 2699 2176 levaret,
2736 2108 2943 2182 utpote
2968 2095 3294 2178 procedens
3321 2091 3401 2153 ab
3421 2087 3747 2150 omissione
3775 2081 4017 2146 debitae

2447 2201 2742 2263 culturae.
2774 2192 3012 2257 Similia
3051 2196 3195 2263 sunt
3238 2206 3346 2256 ea,
3398 2202 3558 2266 quae
3594 2181 3902 2244 habentur
3945 2175 4013 2237 in

2451 2292 2742 2357 relatione
2771 2286 3109 2352 Ordinarii.
3142 2280 3441 2357 Quocirca
3464 2326 3480 2352 ,
3520 2298 3598 2341 ex
3635 2273 3882 2358 juribus
3931 2269 4016 2333 ab

2448 2400 2708 2469 utraque
2740 2393 2909 2465 parte
2936 2374 3463 2446 circumferendis,
3493 2369 3833 2453 quaeritur:

2569 2484 2619 2545 1.
2658 2481 2754 2542 An
2777 2478 3163 2558 cappellanus
3195 2470 3513 2533 Conventus
3539 2464 3821 2546 suppressi
3850 2458 4013 2522 San-

2450 2582 2528 2639 cti-
2553 2577 2869 2656 Auqustim‘
2898 2572 3080 2634 Plani
3113 2567 3314 2631 Mileti
3354 2573 3612 2626 teneatur
3654 2561 3730 2622 ad
3755 2573 4015 2619 annuam

2450 2674 2884 2754 praestationem
2932 2677 3220 2726 scutorum
3270 2665 3365 2721 10.
3439 2659 3628 2734 favore
3692 2648 4015 2714 seminarii

2451 2758 3005 2837 MontisFefietr-ani
3027 2805 3042 2830 ,
3069 2770 3118 2817 et
3152 2765 3428 2834 quatenus
3456 2748 3815 2829 affirmative:

2569 2860 2651 2922 11.
2690 2859 2786 2918 An
2809 2903 2825 2927 ,
2850 2866 2902 2917 el
2924 2851 3193 2933 quomodo
3219 2850 3294 2908 sit
3320 2848 3470 2906 locus
3498 2840 3817 2904 reductioni
3858 2838 4011 2899 alio-

2450 2975 2581 3016 rum
2607 2972 2840 3013 onwum
2867 2952 3048 3009 dictae
3081 2942 3492 3023 cappellaniae
3515 2940 3578 2998 in
3606 2956 3766 2997 casu.

2487 3070 2492 3073 ’
2570 3047 2750 3123 Nulla
2785 3064 2947 3136 npnc
2973 3040 3090 3103 fuit
3116 3047 3290 3118 capta
3314 3033 3624 3103 resolutio,
3650 3029 3752 3091 sed
3780 3026 4014 3089 dictum

2450 3143 2569 3206 fuit
2594 3190 2610 3214 ‚
2645 3136 2809 3221 quod
2833 3137 3188 3199 'firmaretur
3218 3140 3409 3193 status
3440 3176 3454 3197 ,
3490 3134 3549 3188 et
3577 3122 4006 3187 examinaren-

2456 3249 2553 3299 tur
2575 3239 2776 3297 Testes
2816 3229 3127 3299 formiter,
3159 3223 3387 3288 auditis
3420 3222 3706 3282 interesse
3733 3212 4018 3277 habenti-

2454 3333 2586 3394 bus.
2615 3331 2863 3393 Factum
2889 3325 3005 3387 fuit
3025 3320 3282 3384 formale
3311 3317 3579 3379 Testium
3601 3330 3878 3384 examen,
3905 3327 4020 3370 un·

783 3435 999 3487 ventus
1029 3421 1581 3502 Sancti'Augustini
1613 3423 1689 3481 de
1723 3419 1913 3481 Plano
1941 3418 2136 3481 Mileti
2169 3418 2344 3481 Fere-
2453 3427 2778 3494 duiletum
2817 3419 3125 3503 proposita
3152 3416 3347 3478 Causa
3389 3411 3490 3474 die
3529 3415 3588 3470 ’1,
3644 3401 4017 3486 Septembri,

789 3530 994 3581 {ranae
1033 3517 1376 3586 muccosis,
1427 3514 1613 3577 suerit
1657 3513 2086 3577 demandatum
2114 3559 2130 3586 ,
2180 3513 2345 3594 quod
2459 3528 2636 3586 1720,
2699 3521 2702 3522 ’
3123 3536 3132 3544 =

784 3612 1117 3694 erigeretur
1143 3607 1531 3691 Cappcllania
1573 3617 1885 3689 perpetua,
1907 3608 2070 3690 quod
2092 3605 2346 3688 Cappel·

787 3707 963 3768 lanus
987 3707 1047 3766 iu
1074 3706 1401 3767 Conventa,
1413 3703 1720 3775 resideret,
1749 3701 1851 3782 pei·
1874 3722 1937 3763 se
1961 3702 2159 3783 ipsum
2190 3721 2347 3783 quo—

787 3801 932 3863 tidie
957 3799 1322 3871 celebraret,
1375 3799 1439 3859 in
1490 3797 1696 3859 schola
1743 3797 2015 3870 doceret,
2073 3796 2346 3874 parocho

784 3895 1186 3957 auxiliaretur
1228 3897 1290 3956 iu
1344 3912 1491 3955 cura
1536 3892 1932 3962 Animarum,
1971 3901 2030 3953 et
2074 3891 2352 3971 quolibet

782 4012 944 4054 auno
988 3990 1246 4052 solveret
1273 3988 1631 4050 seminario
1680 3996 1848 4048 scuta
1883 3991 1983 4048 20.
2039 3979 2348 4066 comperto

792 4084 1232 4156 nihilomiuus,
1289 4082 1455 4162 quod
1509 4079 1738 4142 'reditus
1790 4081 2134 4142 Conventus
2173 4091 2352 4143 erant

787 4179 1115 4241 admodum
1153 4186 1360 4239 tenues
1386 4224 1403 4247 ,
1453 4174 1665 4237 eadem
1706 4174 1887 4236 Sacra
1943 4169 2343 4255 Congregatio

791 4271 1054 4336 absolvit
1083 4270 1517 4351 Cappcllanum
1556 4288 1592 4331 a
1624 4269 1957 4331 retentione
1985 4267 2259 4341 scholae,
2291 4278 2352 4330 et

788 4368 1149 4430 solutionem
1174 4364 1514 4427 Seminario
1538 4363 1873 4426 faciendam
1897 4362 2170 4444 quolibet
2188 4383 2352 4426 anno

792 4463 1035 4526 reduxit
1072 4462 1147 4526 ad
1176 4471 1343 4522 scuta
1379 4461 1604 4521 decem.
2093 4464 2099 4470 “

907 4557 1218 4620 Praedicta
1247 4553 1636 4635 Cappellania
1671 4554 1746 4615 de
1777 4552 2072 4634 praesenti
2113 4551 2354 4615 obtine·

792 4664 890 4717 tur
923 4676 957 4714 a
983 4653 1304 4714 Sacerdote
1335 4649 1522 4711 Paulo
1553 4649 1819 4710 Antonio
1847 4647 2210 4728 Barnabeo',
2241 4647 2349 4728 qui

788 4747 1098 4810 contendit
1137 4767 1201 4807 se
1233 4765 1353 4806 non
1395 4764 1522 4805 esse
1570 4737 1905 4825 obligatum
1939 4742 2017 4805 ad
2063 4742 2353 4805 solvenda

790 4843 1097 4923 praedicta
1148 4850 1315 4901 scuta
1357 4840 1558 4901 decem
1595 4838 1937 4900 seminario
1965 4883 1982 4911 ,
2038 4857 2163 4900 nou
2204 4836 2351 4918 quia

792 4937 937 4998 hacc
963 4936 1058 4996 tex
1090 4955 1208 4995 non
1237 4933 1422 4994 fuerit
1450 4932 1728 5013 imposita
1753 4953 1787 4994 a
1814 4933 1997 4996 Sacra
2018 4931 2355 5014 Congrege-

794 5033 956 5093 tione
983 5050 1165 5110 super
1195 5037 1352 5089 statu
1384 5027 1777 5108 Regularium
1808 5073 1823 5100 ‚
1861 5027 1963 5088 sed
1998 5026 2144 5109 quia
2190 5025 2353 5087 redi-

796 5136 889 5186 tus
915 5121 1343 5204 CappeIlauiae
1368 5141 1531 5181 nunc
1563 5140 1681 5181 non
1714 5120 2013 5182 excedunt
2037 5128 2206 5182 scuta
2255 5124 2356 5180 20.

793 5234 852 5281 et
879 5220 1094 5280 obulos
1113 5224 1211 5278 50.
1240 5227 1297 5277 et
1324 5215 1551 5295 quibus
1571 5216 1618 5275 si
1653 5215 2061 5277 detrahantur·
2077 5225 2246 5276 scuta
2291 5218 2350 5274 8.

794 5315 1032 5375 circiter
1078 5333 1186 5391 pro
1224 5311 1446 5372 annuis
1481 5310 1770 5372 oneribus
1798 5355 1814 5383 ,
1866 5329 1988 5371 non
2029 5317 2357 5391 supersunt

796 5411 912 5472 nisi
942 5419 1106 5470 scuta
1144 5411 1237 5467 12.
1273 5407 1511 5469 circiter
1539 5453 1555 5475 ,
1585 5426 1662 5467 ex
1689 5407 1917 5486 quihus
1949 5404 1997 5466 si
2028 5414 2228 5467 essent
2250 5404 2353 5465 de·

796 5503 1092 5567 trahenda
1113 5511 1279 5564 scuta
1311 5507 1404 5562 10.
1444 5498 1719 5582 quolibet
1747 5520 1908 5565 anno
1938 5520 2049 5583 pro
2077 5499 2350 5565 Semina·
2407 5541 2416 5558 .

2461 3771 2468 3778 ,
2567 3714 2706 3766 Sacr.
2733 3710 2935 3774 Congr.
2965 3702 3248 3771 respondit
3275 3722 3287 3751 :

2638 3799 2733 3852 Ad
2759 3796 3009 3851 Primum
3043 3789 3396 3861 affirmative.
3428 3784 3527 3839 Aa
3550 3779 3851 3837 Secundum
3883 3775 4030 3829 dila-

2453 3902 2511 3943 ta
2527 3928 2541 3953 ,
2568 3900 2622 3940 ee
2648 3880 3121 3949 melius-firmetur
3139 3887 3330 3940 status,
3360 3887 3412 3927 et
3432 3871 3714 3926 scribatur
3737 3865 4022 3936 Episcopo

2448 3994 2551 4046 pro
2579 3971 2978 4044 Insormaeione
3000 3985 3170 4037 super
3181 3963 3498 4019 necessitate
3516 3953 3892 4028 coadjuvandt'
3913 3955 4023 4024 Βα-

2456 4053 2708 4119 νοεΙιὶιηι.

2893 4207 2896 4210 ’
2935 4233 3332 4316 rthssrlo
3377 4229 3540 4292 LIV.

2564 4447 2638 4509 In
2668 4444 2863 4508 Causa
2894 4441 3189 4503 Leodiensi
3218 4434 3666 4518 Dispensationis
3690 4478 3708 4503 ,
3744 4429 3834 4496 die
3861 4432 3920 4489 3.

2957 4549 3301 4631 Septembris
3344 4550 3521 4607 17¹8.

2462 4693 2810 4826 Proposita
2834 4740 2951 4803 fuit
2968 4737 3253 4801 instantia
3278 4729 3722 4797 Bartholomaei
3736 4728 4038 4789 Boveaux-

2465 4842 2482 4901 i
2491 4861 2527 4902 n
2555 4838 2830 4920 proxime
2851 4832 3174 4915 praeterita
3193 4823 3844 4908 congregationeinter
3865 4838 4028 4882 sum-

2464 4933 2654 4995 maria
2684 4950 2930 5012 precum
2949 4973 2966 5002 ,
2988 4935 3049 4990 et
3078 4942 3431 5006 responsum
3462 4920 3611 4993 suit,
3649 4917 3798 4997 quod
3820 4933 4026 4996 μυρο-

2464 5038 2694 5089 neretur
2721 5028 2784 5085 in
2817 5025 2958 5103 folio
2974 5069 2990 5094 ,
3017 5023 3198 5082 citata
3223 5018 3420 5078 Parte.

2584 5120 2835 5181 Factum
2855 5126 3057 5179 autem
3081 5114 3165 5174 ita
3193 5132 3258 5173 se
3292 5110 3492 5171 habet.
3524 5102 4026 5167 Bartholomaeus

2466 5234 2604 5276 mox
2641 5218 3012 5274 memoratus
3058 5209 3272 5268 Rector
3306 5197 3678 5265 Parochialis
3723 5194 4027 5257 Ecclesiae

2470 5309 2581 5373 loci
2608 5308 2684 5369 de
2712 5308 2893 5378 Bure,
2925 5301 3222 5365 Dioecesis
3244 5296 3530 5360 Leodien.
3572 5291 3692 5353 fuit
3723 5289 4036 5352 inhibitus·

2466 5406 2546 5468 ab
2597 5400 2926 5465 Ordinatio
2956 5445 2973 5470 ,
3023 5416 3100 5458 ne
3142 5396 3526 5457 conversarot
3570 5404 3710 5448 cum
3755 5383 4023 5464 quadam

2468 5498 2722 5562 muliero
2756 5496 2870 5557 sub
2900 5509 3092 5574 poena
3135 5482 3543 5569 suspensionis
3570 5499 3607 5545 a
3640 5478 3867 5543 divinis
3896 5479 4030 5562 ipso
