4393 6299
1630 513 2321 589 QuAESTtoLxxt.
3325 517 3396 568 το

376 674 695 748 propteroa
723 667 959 732 viribus
983 715 1001 745 ,
1046 677 1108 733 et
1160 670 1494 735 substantia
1524 671 1589 734 in
1631 671 1929 753 praesenti

375 771 465 823 est
492 762 955 842 inquirendum.

491 855 684 918 Porro
711 857 925 939 regula
947 859 1107 941 juris
1127 850 1258 935 est,
1288 861 1452 942 quod
1485 860 1602 924 hae
1625 908 1642 934 ,
1682 861 1931 924 similes-

2034 673 2259 736 censita
2281 672 2663 755 percussione
2690 688 3009 734 censuram
3048 668 3444 744 incurrisset,
3482 669 3581 732 de-

2035 786 2160 829 nuo
2188 768 2484 829 abstinuit
2509 787 2546 830 a
2566 764 2926 829 celebrando
2947 809 2964 837 ‚
2997 764 3084 826 uti
3111 783 3231 826 non
3253 765 3449 826 solum
3475 764 3582 826 de·

2041 862 2304 924 sumitur
2332 882 2405 923 ex
2433 863 2563 942 ejus
2587 861 2840 941 supplici
2888 860 3093 921 libello
3121 906 3137 933 ,
3167 859 3269 920 sed
3297 860 3477 923 etiam
3505 880 3583 923 ex

371 969 491 1031 que
524 954 1012 1028 consuetudines,
1038 954 1174 1017 licet
1197 956 1728 1031 immemorabiles,
1753 959 1930 1038 juxta
2038 955 2466 1020 informatione
2487 957 2715 1019 Vicarii
2738 955 3118 1037 Capitularis.
3149 954 3356 1017 ln‘boc
3379 974 3584 1016 rerum

371 1064 525 1125 quas
547 1046 792 1128 aliquid
828 1050 1190 1130 persolvitur
1212 1052 1519 1114 occasione
1553 1052 1935 1134 possessionis
2043 1062 2202 1115 statu
2225 1053 2510 1116 Sacerdos
2520 1053 2778 1114 Rosinus
2799 1061 3008 1113 exorat
3028 1071 3137 1131 pro
3158 1050 3582 1122 declaratione,

372 1139 780 1204 Canonicatus
804 1187 822 1217 ,
862 1153 922 1205 et
954 1144 1338 1208 Praebendae
1364 1192 1380 1219 ,
1418 1166 1540 1208 non
1570 1155 1712 1209 sunt
1738 1155 1931 1209 atten-

373 1235 614 1299 dendae
645 1246 937 1318 tanquam
964 1239 1436 1315 irrationabiles,
1461 1242 1512 1303 si
1539 1241 1600 1303 id
1621 1243 1783 1323 quod
1810 1242 1931 1304 exi-

2040 1167 2119 1210 an
2150 1149 2518 1221 incurrerit,
2546 1167 2658 1209 nec
2685 1167 2762 1208 ne
2788 1146 3324 1229 irregularitatem,
3349 1154 3409 1207 et
3441 1165 3587 1226 qua·

2046 1251 2221 1305 tenus
2248 1241 2608 1305 affirmative
2632 1241 2928 1322 supplices
2952 1240 3198 1303 exhibet
3232 1260 3434 1321 preces
3478 1259 3587 1321 pro

370 1331 541 1413 gitur
570 1377 590 1405 ,
622 1352 726 1395 seu
764 1333 1130 1414 persolvitur
1151 1384 1169 1407 ,
1198 1336 1356 1398 cedit
1381 1336 1443 1397 in
1477 1336 1799 1399 utilitatem
1822 1381 1840 1409 ,
1874 1346 1935 1399 et
2044 1338 2505 1419 dispensatione.

371 1424 685 1503 privatum
715 1429 1102 1490 commodum
1136 1429 1399 1491 aliorum
1445 1430 1884 1492 Canonicorum
1911 1476 1928 1505 ,

369 1517 500 1580 sive
519 1520 935 1597 Sacerdotum,
955 1521 1293 1586 aliorumve
1313 1523 1611 1587 Ecclesiae
1629 1526 1932 1587 Ministro-

372 1631 550 1688 rum;
584 1634 753 1678 secus
780 1624 983 1679 autem
1008 1665 1024 1685 .
1056 1618 1106 1679 si
1144 1618 1209 1681 id
1232 1665 1249 1693 ,
1299 1619 1460 1700 quod
1489 1620 1754 1703 exigitur
1778 1666 1796 1694 ,
1827 1640 1931 1682 seu

374 1709 748 1787 persolvitur
773 1759 791 1783 ,
829 1722 1111 1795 erogatur
1140 1713 1201 1775 in
1234 1733 1378 1776 usus
1409 1714 1570 1794 pios,
1600 1716 1689 1777 uti
1719 1714 1934 1797 probat

375 1803 605 1866 Textus
628 1807 693 1866 in
713 1825 839 1887 cap.
872 1806 1116 1869 Iacobus
1139 1808 1205 1868 de
1242 1811 1487 1872 &monia
1509 1856 1525 1882 ,
1574 1819 1635 1872 et
1670 1811 1934 1874 babetur

370 1899 436 1957 in
460 1918 590 1979 cap.
630 1904 726 1961 14.
765 1922 893 1962 sess.
921 1905 1020 1962 24.
1054 1903 1119 1962 de
1147 1902 1396 1982 Reform.
1422 1900 1559 1965 etin
1585 1904 1767 1975 Bulla
1795 1911 1927 1968 104.

376 1992 589 2054 Sancti
624 1993 728 2055 Pii
763 1994 974 2071 Quinti
997 1996 1161 2058 Ball.
1209 2009 1341 2058 tom.
1374 2002 1433 2059 2.
1467 2007 1528 2061 et
1562 1999 1678 2062 fuit
1705 2002 1932 2062 resolu-

379 2096 509 2148 tum
533 2088 614 2150 ab
636 2089 750 2152 hac
771 2091 951 2154 Sacra
972 2092 1448 2174 Congregatione
1467 2097 1532 2154 in
1552 2096 1928 2175 Poliqnanen.

377 2188 728 2246 anno1584.
769 2196 820 2247 et
856 2189 922 2247 in
961 2187 1302 2248 Avenionen.
1334 2209 1486 2249 anno
1526 2194 1700 2251 1586.
1739 2194 1836 2252 lib.
1870 2197 1929 2253 4.

384 2275 606 2338 Decret.
639 2299 772 2359 paq.
812 2286 871 2342 9.
903 2293 956 2342 et
976 2302 1110 2361 paq.
1155 2287 1288 2343 189.
1321 2296 1369 2344 et
1394 2288 1458 2344 in
1498 2285 1790 2364 Seyoln‘en.
1810 2288 1931 2348 11.

379 2370 540 2432 Jutn·
575 2377 747 2437 1590.
779 2378 935 2457 apud
978 2374 1159 2438 Garz.
1195 2380 1260 2438 de
1288 2377 1485 2458 Benef.
1520 2386 1578 2441 3.
1617 2392 1768 2460 part.
1804 2394 1929 2461 cap'.

380 2456 1965 2537 2.num.tes.am1udemn019Febrem—mess(

382 2561 477 2621 lib.
520 2566 616 2623 14.
649 2563 867 2625 Decret.
899 2566 999 2642 fol.
1030 2571 1168 2627 709.

505 2655 619 2717 His
650 2658 990 2732 stantibus,
1026 2660 1379 2740 quaeritur·

497 2750 595 2809 Aa
613 2755 948 2813 consuetudo
967 2757 1157 2833 viqens
1172 2758 1236 2815 in
1252 2756 1506 2818 Ecclesia
1518 2746 1766 2821 Malu-ici
1787 2757 1938 2820 San·

380 2856 502 2907 ctae
518 2845 755 2909 Mariae
777 2848 1027 2926 Major-is
1051 2848 1320 2912 Civitatis
1344 2852 1685 2914 Maratheno
1705 2856 1935 2932 eoeiqen-

382 2939 442 2998 di
463 2961 502 3000 a
526 2942 767 3017 quolibet
798 2941 1134 3022 Presbytero
1146 2946 1492 3013 admittendo
1516 2946 1592 3006 acl
1618 2949 1936 3027 participa*

385 3037 591 3095 tionem
613 3055 827 3096 massae
846 3040 1152 3097 communis
1173 3040 1414 3115 ejusdem
1430 3039 1733 3102 ‘Ecclesiae
1757 3039 1937 3102 Caro-

389 3129 540 3190 lenos
571 3130 751 3192 decem
770 3179 790 3203 ,
820 3134 896 3192 sit
925 3132 1201 3193 servanda
1234 3135 1297 3192 in
1329 3153 1499 3194 casu.

502 3323 647 3375 Sacr.
672 3323 875 3392 Congr.
898 3323 1203 3394 respondit:

567 3408 928 3478 Affirmatt‘ve
948 3451 965 3477 ,
1016 3412 1309 3473 dummodo
1340 3411 1465 3482 fiat
1528 3413 1833 3484 'depositum
1885 3413 1942 3466 t'n

385 3514 552 3565 capsa
578 3499 874 3552 Sacrisct'ae
891 3541 909 3567 ,
939 3514 991 3554 et
1015 3503 1203 3568 quoad
1240 3504 1541 3574 depositum
1590 3514 1843 3570 erogetur
1888 3501 1944 3553 in

384 3603 543 3638 usam
570 3585 810 3654 ejusdem
837 3591 1136 3645 sacristiae
1158 3605 1371 3645 tantum
1387 3631 1403 3660 ‚
1430 3605 1483 3646 et
1506 3570 1759 3663 amplius.

790 3783 1154 3858 QUAESTIO
1205 3788 1461 3850 LXXII.

421 3979 497 4042 In
522 3978 716 4045 Causa
737 3983 1006 4048 Civitatis
1038 3988 1395 4051 Castellanae
1416 3987 1896 4067 Irrequlart'tatt's,

798 4080 889 4141 die
922 4086 980 4142 3.
1023 4081 1335 4143 Decembris
1366 4088 1539 4143 1718.

397 4211 720 4328 Sacerdos
745 4271 1007 4332 loannes
1036 4272 1298 4352 Baptista
1326 4272 1582 4334 Rosinus
1612 4269 1939 4352 percussio-

388 4359 573 4422 nibus
596 4360 715 4424 fuit
737 4377 1096 4444 provocatus
1114 4387 1151 4429 a
1180 4365 1440 4446 Josepbo
1466 4365 1683 4428 Sancio
1709 4364 1940 4426 Clerico

2167 1431 2432 1493 Clericus
2457 1430 2691 1493 caelebs
2719 1449 2842 1492 non
2874 1430 3153 1492 incedens
3176 1430 3239 1491 in
3265 1429 3503 1502 babitu,
3531 1436 3591 1492 et

2057 1534 2327 1599 tonsura,
2360 1532 2418 1587 et
2449 1545 2569 1587 non
2597 1543 2843 1587 servans
2867 1526 3157 1605 requisita
3177 1525 3427 1587 Concilii
3454 1524 3592 1585 Tri-

2052 1621 2288 1682 dentini
2311 1640 2439 1681 sess.
2465 1625 2566 1681 23.
2599 1640 2723 1701 cap.
2755 1627 2815 1682 6.
2849 1622 2917 1682 de
2940 1620 3190 1700 Reform.
3220 1620 3445 1681 amittit
3465 1619 3596 1699 ipso

2039 1716 2187 1797 jure
2213 1715 2600 1796 privilegium
2623 1715 2763 1790 fori,
2792 1717 2894 1778 sed
2922 1735 3042 1778 non
3072 1713 3456 1796 privilegium
3480 1713 3594 1776 Ca-

2046 1809 2249 1883 nonis,
2265 1810 2357 1870 uti
2381 1807 2495 1870 tuit
2523 1809 2851 1871 resolutum
2874 1811 2952 1871 ab
2976 1809 3090 1871 bac
3123 1809 3303 1871 Sacra
3332 1809 3596 1889 Congre-

2047 1906 2291 1987 gatione
2316 1907 2407 1966 die
2438 1909 2532 1965 16.
2563 1902 2818 1966 Octobris
2845 1908 3019 1965 1582.
3053 1913 3112 1964 et
3140 1904 3260 1965 late
3282 1903 3595 1982 prosequi-

2056 2010 2159 2061 tur
2181 1999 2442 2079 Faqnan.
2480 2002 2545 2059 in
2573 2002 2746 2080 capit.
2787 1999 2861 2060 Si
2886 2002 3010 2078 quis
3037 2019 3196 2058 narn.
3231 2003 3330 2057 72.
3368 2010 3419 2058 et
3440 2017 3589 2076 seqq.

2050 2096 2122 2155 de
2165 2094 2312 2163 Foro
2338 2098 2686 2175 competenti.
2718 2094 2898 2154 Sectis
2915 2102 3118 2155 autem
3140 2093 3402 2165 videtur,
3434 2091 3596 2172 quod

2052 2209 2117 2251 se
2147 2189 2370 2251 habeat
2396 2208 2512 2262 res,
2544 2188 2846 2270 loquendo
2873 2188 2948 2248 de
2972 2187 3201 2249 Clerico
3230 2187 3593 2282 conjugato,

2044 2282 2145 2344 bic
2174 2282 2402 2362 quippe
2440 2282 2490 2343 si
2535 2302 2659 2343 non
2692 2281 2929 2344 deferat
2951 2280 3260 2352 habitum,
3296 2289 3357 2341 et
3384 2288 3591 2339 tonsu-

2047 2396 2218 2450 ram,
2270 2376 2613 2438 excluditur
2661 2390 2699 2437 a'
2752 2375 3014 2437 Canonis
3059 2373 3376 2457 privilegio
3416 2376 3594 2455 Juxta

2052 2471 2340 2532 Teaetum
2316 2493 2381 2531 m
2407 2491 2532 2552 cap.
2564 2470 2742 2531 Unico
2769 2473 2835 2531 de
2855 2469 3075 2532 Cleric.
3103 2468 3394 2548 Conjuq.
3369 2489 3434 2534 m
3456 2474 3512 2528 6.
3538 2475 3599 2528 et

2053 2563 2483 2646 distinguendo
2509 2563 2715 2625 firmat
2752 2563 2946 2625 Diana
2979 2560 3151 2643 Oper.
3182 2561 3403 2624 Moral.
3460 2572 3594 2622 tom.

2051 2666 2110 2722 5.
2141 2662 2210 2720 in
2237 2661 2371 2721 edit.
2400 2660 2585 2742 coord.
2618 2668 2784 2720 tract.
2804 2664 2863 2718 2.
2887 2659 3116 2719 resolut.
3140 2661 3240 2718 43.
3262 2677 3421 2717 num.
3456 2661 3511 2716 1.
3534 2661 3594 2718 2.

2173 2753 2461 2835 Adeoque
2488 2753 2685 2834 potior
2699 2751 3017 2814 difficultas
3037 2752 3102 2812 in
3122 2752 3278 2813 facto
3304 2750 3596 2824 consistit,

2048 2869 2131 2913 an
2193 2849 2418 2925 scilicet
2471 2846 2692 2929 loseph
2746 2846 2998 2909 Saucius
3046 2846 3344 2908 incederet
3376 2845 3606 2926 absque

2056 2943 2304 3017 babitu,
2335 2953 2395 3005 et
2424 2941 2704 3011 tonsurass
2738 2940 3049 3003 incedebat
3076 2939 3263 3010 enim,
3292 2938 3380 3000 uti
3411 2938 3600 3002 babe-

2052 3048 2154 3100 tur
2182 3038 2248 3098 in
2270 3035 2529 3118 supplici
2563 3034 2769 3098 libello
2794 3036 2942 3095 colla
2968 3045 3108 3094 veste
3132 3052 3330 3112 neyra,
3353 3052 3455 3093 con
3480 3052 3601 3093 cro-

2049 3143 2231 3209 vatta,
2254 3155 2282 3194 e
2307 3153 2422 3193 non
2448 3125 2533 3194 col
2562 3131 2862 3204 cellarino,
2892 3136 2952 3190 et
2980 3137 3171 3192 vestes
3195 3125 3514 3190 Clericales
3534 3126 3602 3189 in

2049 3248 2215 3303 casu,
2227 3236 2302 3291 et
2320 3227 2395 3299 ad
2426 3226 2699 3289 effectum
2729 3225 2805 3286 de
2834 3242 2958 3304 quo
2985 3223 3211 3305 agitur,
3245 3221 3388 3283 illae
3413 3231 3598 3294 sunt,

2052 3343 2212 3404 quae
2264 3341 2403 3384 cum
2437 3321 2525 3383 eis
2578 3319 2952 3381 incedentem
2999 3317 3197 3396 prima
3249 3314 3402 3376 facie
3449 3315 3606 3376 indi·

2048 3417 2247 3499 gitant
2297 3434 2425 3477 esse
2467 3413 2806 3485 Clericum,
2851 3420 2911 3473 et
2953 3430 3074 3474 non
3132 3403 3401 3482 Laicum,
3426 3409 3602 3489 juxta

2052 3509 2172 3572 late
2199 3510 2453 3572 deducta
2479 3527 2584 3589 per
2609 3507 2834 3570 Passer.
2885 3509 2952 3566 in
3002 3507 3101 3566 cit.
3135 3505 3384 3584 capitulo
3431 3505 3600 3563 unico

2047 3626 2209 3666 num.
2248 3610 2347 3665 26.
2386 3605 2451 3664 de
2478 3603 2635 3665 Cler.
2666 3601 2907 3682 Conjuq.
2934 3602 2999 3661 in
3027 3605 3084 3661 6.

2172 3700 2287 3761 His
2316 3699 2648 3771 stantibus,
2680 3697 2996 3777 quaeritur

2165 3793 2219 3853 I.
2258 3793 2355 3866 An
2383 3793 2658 3854 Sacerdos
2677 3790 2926 3852 loannes
2948 3788 3216 3867 Baptista
3244 3787 3484 3847 Rosinus
3513 3788 3600 3844 ir-

2051 3889 2483 3966 reqularitatem
2508 3885 2815 3946 incurrerit
2854 3885 2918 3942 in
2940 3902 3098 3952 casu,
3129 3893 3179 3944 et
3208 3891 3482 3959 quatenus
3509 3877 3601 3955 as·

2053 3984 2413 4064 firmative.

2177 4077 2262 4138 II.
2289 4077 2389 4137 An
2416 4058 2590 4136 eidem
2617 4077 2690 4135 sit
2713 4070 3063 4151 indulqenda
3096 4067 3478 4148 dispensatio.

2155 4272 2311 4323 Sacra
2335 4269 2533 4337 Congr.
2561 4264 2874 4335 respondit.

2228 4358 2368 4409 Esse
2393 4352 2796 4409 concedendam
2851 4347 3308 4421 dispensationem
3358 4344 3433 4397 ad
3480 4361 3606 4396 cau-

390 4453 725 4538 Conjugato
750 4479 861 4521 suo
890 4460 1116 4542 Nepote
1140 4507 1157 4535 ,
1196 4461 1303 4542 qui
1328 4480 1465 4523 eum
1499 4459 1563 4520 in
1593 4458 1797 4521 Platea
1826 4458 1938 4521 loci
2045 4446 2215 4514 “¹41'‘
2235 4483 2250 4496 ·

389 4547 704 4613 Julianelli
730 4554 1173 4635 apprehensum
1202 4552 1469 4634 capillis,
1501 4552 1671 4613 humi
1701 4552 1937 4625 stravit,

389 4651 453 4705 et
477 4646 694 4728 pugnis
714 4648 931 4710 affecit.
960 4649 1169 4712 Secuta
1191 4649 1567 4730 postmodum
1590 4647 1943 4724 reconcilia·
2023 4683 2031 4694 =

391 4737 558 4800 tione
579 4786 597 4813 ‚
630 4741 916 4803 Sacerdos
936 4744 1131 4822 spatio
1157 4743 1360 4805 decem
1389 4735 1627 4804 dierum
1650 4741 1946 4803 abstinuit

390 4850 431 4894 a
466 4834 682 4897 Missae
703 4837 1129 4911 celebratione,
1164 4857 1347 4919 quam
1374 4846 1576 4899 tamen
1607 4835 1826 4898 deinde
1850 4856 1945 4898 re-

390 4931 754 5011 assumpsit,
782 4933 897 4993 sub
936 4933 1220 5006 obtentu,
1251 4933 1415 5012 quod
1449 4929 1670 5012 Joseph
1696 4930 1947 4992 Saucius

394 5043 516 5084 non
550 5025 850 5087 incederet
872 5027 936 5086 in
970 5025 1186 5088 babitu
1222 5074 1236 5096 ,
1261 5035 1322 5088 et
1354 5034 1600 5088 tonsura
1621 5069 1639 5097 ,
1682 5032 1743 5086 et
1766 5024 1946 5104 quod

395 5138 430 5180 a
475 5118 713 5180 duobus
751 5120 1070 5199 Theologis
1120 5120 1432 5182 Societatis
1477 5120 1619 5181 Jesu
1669 5119 1942 5191 audivit,

396 5214 558 5293 quod
590 5215 929 5293 percutiens
954 5213 1251 5275 Clericum
1276 5215 1677 5295 Conjugatum
1702 5231 1823 5272 non
1851 5212 1947 5274 in·

397 5309 703 5370 cedentem
753 5309 814 5369 iu
861 5309 1077 5371 habitu
1104 5354 1121 5382 ‚
1159 5320 1218 5368 et
1254 5316 1500 5369 tonsura
1530 5327 1650 5368 non
1691 5307 1952 5369 incurrit

397 5404 1099 5465 excommunicationem.
1130 5403 1289 5478 Quia
1307 5422 1451 5464 vero
1476 5410 1606 5482 post
1627 5401 1952 5464 nonnullas

398 5496 612 5560 Missas
635 5496 966 5562 celebratas
987 5497 1257 5561 dubitari
1289 5495 1618 5570 intellexit,
1651 5514 1731 5560 an
1759 5516 1835 5561 ex
1856 5515 1952 5559 re-

2486 4635 2846 4712 QUAESTIO
2886 4630 3174 4696 LXXIII.

2094 4831 2168 4891 In
2188 4829 2385 4893 Causa
2412 4827 2793 4907 Berqomensi,
2823 4825 2912 4885 die
2947 4829 3007 4885 3.
3045 4820 3362 4883 Decembris
3386 4822 3560 4879 1718.

2057 4969 2276 5084 Anno
2300 5023 2473 5079 1628.
2503 5013 2979 5079 Confraternitas
2996 5008 3367 5074 Sanctissimi
3399 5005 3608 5069 Cruci-

2057 5116 2168 5176 fixi
2200 5120 2397 5175 erecta
2432 5112 2493 5172 in
2547 5108 2812 5171 Ecclesia
2857 5106 3058 5169 Sancti
3089 5104 3312 5184 Joseph
3346 5103 3504 5165 iutra
3533 5100 3610 5161 li-

2059 5211 2234 5271 mites
2256 5204 2586 5269 Parochiae
2605 5202 2894 5272 Gandini,
2925 5199 3224 5262 Dioecesis
3245 5200 3603 5279 Bergomen.

2060 5302 2287 5383 accepit
2327 5320 2365 5364 a
2391 5298 2649 5380 Josepbo
2692 5296 2997 5378 quondam
3030 5293 3277 5356 Antonii
3313 5293 3388 5353 de
3410 5289 3614 5372 Nigris

2060 5396 2331 5478 Capitale
2367 5394 2663 5456 librarum
2700 5397 2875 5453 1600.
2912 5398 3184 5450 monetae
3242 5389 3599 5468 Bergomon.

2062 5501 2123 5557 ct
2164 5512 2228 5556 se
2260 5488 2553 5572 obligavit
2609 5489 2685 5552 ad
2733 5495 3085 5570 perpetuam
3139 5482 3605 5546 celebrationem
