4393 6299
987 476 1090 525 050

794 623 1175 685 deducuntur
1198 645 1271 687 ex
1305 627 1568 689 Decretis
1593 629 1774 712 hujus
1812 630 1943 694 Sac.
1993 631 2337 717 Congrega-

797 717 977 779 tionis
1003 722 1322 782 Sacrorum
1347 720 1597 784 Rituum
1614 767 1630 783 .

916 813 985 872 In
1042 814 1352 875 Decisione
1395 816 1599 897 itaque
1653 817 1814 880 edita
1864 810 1955 881 16.
2018 822 2339 885 Februarii

800 910 974 968 1703.
1023 908 1087 989 §.
1125 911 1294 989 finali
1319 930 1511 972 coram
1545 914 1671 972 bon.
1709 933 1866 974 mem.
1897 915 2145 977 Molines
2193 917 2344 978 haec

795 998 1120 1062 habentur:
1153 1023 1227 1063 ex
1260 1008 1463 1066 motivo
1492 1008 1681 1086 itaque
1702 1012 2159 1089 praescriptionis
2179 1012 2337 1088 Qua-

794 1097 1166 1173 draqenariae
1194 1110 1414 1159 tantum
1462 1100 1695 1162 Domini
1740 1105 1806 1162 in
1848 1105 2042 1166 decisis
2086 1110 2342 1185 perstite-

794 1202 933 1250 runt
962 1239 976 1261 ,
1009 1193 1269 1255 addentes
1297 1242 1313 1266 ,
1344 1197 1493 1274 quod
1518 1199 1569 1256 si
1598 1199 1662 1257 in
1698 1199 1986 1277 aliquibus
2018 1203 2341 1279 particula-

793 1287 952 1345 ribus
976 1288 1108 1348 locis
1134 1288 1433 1350 Territorii
1456 1290 1769 1365 Fuldensis,
1792 1291 2104 1375 Episcopus
2123 1295 2338 1357 Herbi-

792 1382 1032 1459 polensis
1057 1385 1387 1461 praetendat
1420 1405 1495 1446 ex
1515 1388 1652 1446 aliis
1671 1390 2049 1467 peculiaribus
2090 1394 2335 1453 rationi-

795 1478 895 1536 bus
919 1524 933 1546 ,
959 1488 1011 1539 et
1035 1479 1373 1539 documentis
1385 1481 1840 1557 jurisdictionem
1861 1530 1880 1556 ‚
1908 1494 1974 1544 ut
2011 1487 2340 1548 insinuave-

794 1584 890 1633 rat
908 1574 971 1631 in
994 1573 1111 1649 ejus
1140 1576 1519 1636 commissione
1539 1587 1729 1637 nostro
1762 1578 2066 1640 Tribunali
2087 1581 2302 1642 directa
2329 1630 2344 1652 ,

795 1668 881 1725 cel
912 1669 963 1725 si
992 1668 1136 1727 idem
1176 1668 1484 1749 Episcopus
1510 1673 1839 1751 praetendat
1869 1721 1885 1743 ,
1938 1675 2084 1751 quod
2114 1677 2231 1754 ipse
2257 1695 2345 1740 so-

800 1761 918 1820 lum
933 1764 1210 1841 privative
1231 1764 1308 1823 ad
1324 1767 1507 1824 alium
1526 1765 1869 1845 Episcopum
1891 1770 2078 1829 debeat
2099 1771 2346 1846 conferre

801 1854 1065 1925 Ordines,
1086 1859 1171 1917 vel
1201 1857 1566 1919 Dimissorias
1593 1859 1854 1920 Subditis
1883 1862 2137 1932 Abbatis‚
2163 1866 2347 1940 juxta

794 1952 1149 2011 concordiam
1195 1955 1337 2011 anni
1367 1958 1542 2014 1613.
1591 1957 1677 2014 rel
1725 1975 1799 2015 ex
1842 1959 1960 2016 alio
2006 1960 2175 2017 titulo
2204 2007 2219 2029 ,
2252 1962 2349 2019 illi

789 2057 1226 2124 praeservarunt
1247 2048 1346 2123 jus
1374 2095 1389 2116 ‚
1419 2057 1470 2107 et
1499 2049 1829 2126 facultatem
1857 2052 1974 2127 ejus
1999 2055 2347 2131 praetensio-

795 2159 891 2199 nes
918 2140 1223 2200 deducendi
1248 2143 1313 2199 in
1334 2143 1453 2202 alio
1467 2144 1712 2219 judicio.
1741 2143 2090 2208 Consimilia
2116 2147 2344 2209 haben-

801 2241 900 2293 tur
921 2234 983 2292 in
1012 2232 1132 2294 alia
1158 2233 1468 2296 Decisione
1489 2236 1647 2298 edita
1678 2237 1775 2297 die
1793 2242 1890 2298 27.
1916 2238 2144 2318 Aprilis
2167 2246 2340 2302 1705.

795 2346 997 2388 coram
1025 2328 1231 2389 eodem
1262 2318 1517 2390 Molines
1549 2330 1613 2411 ἦ.
1643 2333 1813 2411 finali
1838 2354 1868 2403 ‚·
1893 2334 1995 2395 ubi
2028 2342 2160 2414 post
2187 2355 2350 2417 repe·

795 2420 967 2482 titam
994 2422 1216 2484 dictam
1246 2426 1784 2502 praeservativam,
1814 2427 2130 2489 subditur:
2169 2450 2351 2491 reser-

799 2517 982 2579 vando
1006 2519 1179 2577 alteri
1207 2521 1465 2579 examini
1491 2540 1554 2579 ea
1584 2567 1598 2589 ,
1630 2540 1774 2599 quae
1814 2532 1948 2581 sunt
1985 2523 2225 2585 Ordinis
2247 2570 2265 2598 ,
2301 2536 2352 2587 et

798 2614 1262 2673 consecrationem
1305 2616 1606 2690 requirunt
1633 2664 1647 2685 ‚
1682 2626 1732 2675 et
1774 2617 1899 2678 alia
1928 2637 2305 2698 quaecumque
2333 2670 2347 2689 ,

799 2726 944 2785 quae
985 2706 1358 2781 Inferioribus
1404 2706 1738 2769 Ordinariis
1783 2715 1950 2791 quasi
1991 2715 2353 2793 episcopalem

791 2800 1246 2878 jurisdictionem
1274 2803 1597 2861 habentibus
1633 2803 1880 2865 Concilii
1907 2806 2229 2866 Tridentini
2258 2809 2353 2869 de-

794 2895 961 2953 cretis
992 2904 1126 2952 sunt
1152 2894 1435 2972 adempta,
1465 2907 1632 2973 prout
1660 2899 1861 2957 eisdem
1888 2900 2089 2968 verbis,
2123 2909 2172 2960 et
2202 2903 2352 2962 inter

800 2987 1016 3047 easdem
1062 2996 1251 3065 partes
1304 2990 1609 3058 asseritur,
1654 3000 1706 3049 et
1746 2994 2095 3070 exprimitur
2122 2996 2186 3052 in
2219 2994 2354 3055 Voto

807 3078 1025 3141 Sacrae
1093 3078 1557 3158 Conqrcqationis
1625 3084 1871 3144 Concilii
1927 3090 1985 3145 2.
2038 3086 2353 3152 Decembris

802 3179 975 3236 1604.
1004 3186 1055 3236 et
1086 3178 1147 3234 in
1178 3175 1354 3236 Brevi
1380 3179 1611 3237 subinde
1636 3180 1768 3238 dato
1791 3201 1827 3239 a
1853 3200 1976 3241 san.
2011 3201 2174 3241 mem.
2219 3181 2269 3244 C
2273 3186 2351 3243 le-

796 3280 975 3345 mente
1002 3282 1193 3329 octavo
1220 3272 1308 3329 die
1330 3275 1428 3330 23.
1471 3271 1716 3332 Decemb.
1754 3277 1926 3334 1604.
1958 3294 2129 3356 super
2150 3279 2353 3356 quibus

795 3366 1093 3424 voluerunt
1126 3363 1253 3422 DD.
1283 3374 1347 3421 ut
1376 3367 1810 3442 particulariter
1835 3368 2148 3428 videretur.

918 3458 1309 3519 Transeundo
1340 3458 1412 3518 ad
1437 3477 1531 3528 ea,
1563 3479 1720 3539 quae
1754 3460 2057 3522 habentur
2077 3462 2138 3522 in
2172 3465 2353 3542 Rege-

801 3549 908 3611 stis
932 3549 1114 3629 hujus
1149 3551 1277 3610 Sao.
1294 3551 1817 3632 -Congregationis,
1845 3574 2065 3634 operae
2089 3557 2349 3636 pretium

802 3650 891 3703 est
908 3662 1320 3722 praenoscere,
1359 3645 1520 3721 quod
1552 3645 1751 3706 Julius
1784 3647 2112 3729 Episcopus
2135 3650 2356 3711 Herbi·

802 3735 1062 3815 polensis
1085 3756 1245 3797 anno
1276 3741 1449 3796 1576.
1477 3736 1771 3799 violenter
1793 3741 2026 3821 expulit
2054 3743 2131 3803 ab
2156 3745 2355 3806 Abba-

806 3828 888 3890 tia
914 3827 1196 3889 Fuldensi
1222 3829 1515 3890 Abbatem
1538 3831 2005 3907 Balthasarrem;
2027 3834 2356 3917 Gregorius

805 3932 1005 3983 autem
1031 3923 1204 3984 xm.
1232 3923 1516 3984 Summus
1538 3925 1814 3994 Pontifex
1838 3927 2000 3989 Julio
2034 3930 2356 3994 demanda-

804 4016 932 4086 vit,
959 4024 1026 4077 ut
1054 4017 1168 4076 sub
1212 4037 1401 4095 poena
1435 4021 2073 4083 excommunicationis
2113 4043 2355 4086 omnem

807 4111 1105 4172 Abbatiae
1151 4111 1735 4174 administrationem
1764 4116 1966 4176 statim
1995 4117 2352 4197 deponeret,

808 4214 868 4266 et
897 4206 1382 4267 Maximilianum
1407 4208 1836 4287 Imperatorem
1860 4209 2130 4273 hortatus
2150 4220 2261 4287 est,
2289 4219 2357 4276 ut

809 4300 1115 4361 Pastorem
1146 4319 1255 4359 suo
1284 4299 1462 4379 Gregi
1494 4302 1864 4363 restitueret.

927 4392 1382 4454 Maximilianus
1435 4393 1660 4455 habitis
1721 4395 2043 4476 pontificiis
2095 4397 2310 4460 litteris
2334 4445 2352 4473 ,

813 4485 1117 4566 praecepit
1138 4486 1431 4566 Episcopo
1462 4486 1650 4559 Julio,
1678 4497 1745 4549 ut
1760 4489 2238 4568 jurisdictionem
2259 4492 2357 4554 de-

810 4590 1058 4660 poneret
1083 4626 1099 4652 ,
1130 4589 1189 4641 et
1220 4600 1351 4641 eam
1383 4579 1511 4640 loco
1532 4583 1823 4662 sequestri
1854 4583 2089 4646 cederet
2135 4587 2357 4668 Magno

809 4676 1098 4756 Magistro
1126 4675 1373 4736 Ordinis
1416 4675 1805 4749 Theutonici;
1835 4677 1937 4738 sed
1974 4687 2213 4740 mortuo
2237 4726 2254 4753 ,
2287 4700 2353 4744 re

811 4768 1032 4830 infecta
1054 4813 1072 4839 ‚
1109 4766 1528 4828 Maximiliano
1550 4813 1567 4839 ,
1614 4768 1935 4849 delatoque
1968 4771 2233 4850 Imperio
2280 4774 2357 4835 ad

810 4862 1200 4942 Rodulphum
1224 4906 1240 4931 ,
1273 4868 1392 4921 tam
1419 4862 1749 4942 Gregorius
1774 4908 1791 4935 ,
1834 4883 2017 4943 quam
2047 4866 2177 4944 ejus
2211 4866 2357 4928 Suc-

812 4976 1005 5018 cessor
1025 4957 1228 5017 Sixtus
1248 4956 1324 5015 Pa
1334 4975 1405 5034 pa
1425 4956 1688 5028 Quintus
1715 4958 2018 5038 negotium
2041 4961 2362 5022 restitutio-

814 5052 909 5112 nis
931 5060 1170 5113 strenue
1193 5050 1483 5130 prosecuti
1506 5060 1679 5124 sunt3
1709 5070 1968 5132 cumque
1993 5072 2154 5115 anno
2180 5060 2354 5117 1602.

814 5145 1254 5226 supervenisset
1275 5143 1578 5204 Sententia
1604 5145 1988 5225 Imperatoris
2011 5148 2314 5229 Rodulpbi
2338 5195 2356 5224 ,

816 5239 880 5300 in
911 5258 1032 5319 qua
1057 5236 1317 5299 rescissis
1344 5237 1628 5298 omnibus
1660 5239 1838 5320 gestis
1866 5239 1927 5300 in
1959 5241 2188 5304 ditione
2215 5242 2361 5305 Ful-

815 5333 983 5395 densi
1016 5333 1095 5393 ab
1120 5331 1415 5412 Episcopo
1454 5331 1621 5392 Julio
1642 5377 1659 5404 ,
1693 5332 2062 5396 declaratum
2113 5343 2241 5407 est,
2274 5336 2362 5397 ei-

816 5427 953 5492 dem
981 5446 1104 5490 non
1129 5425 1369 5488 licuisse
1384 5444 1512 5488 sese
1533 5425 1849 5490 articulato
1873 5429 2050 5493 modo
2072 5429 2363 5495 immisce-

2010 476 2451 547 QUAESTIONES
2489 478 2842 537 emotucss

2456 654 2543 706 re,
2574 643 2633 696 et
2659 635 2992 698 Dioecesim
3012 633 3370 697 Fuldensem
3394 632 3469 697 de
3488 633 3646 696 facto
3669 630 4005 716 apprehen-

2453 732 2629 803 dere,
2664 731 2866 792 Abbas
2893 731 2969 792 ad
3019 749 3267 791 suorum
3296 730 3528 809 jurium
3574 730 4004 810 possessionem

2451 842 2727 886 reversus
2786 826 3033 887 Summo
3078 823 3350 886 Pontifici
3420 824 3710 887 Clementi
3774 824 4001 885 Octavo

2453 919 2816 1000 supplicavit
2845 940 2955 1000 pro
2981 919 3440 981 confirmatione
3462 937 3606 980 suae
3625 917 4002 1001 jurisdictio·

2453 1012 2549 1073 nis
2574 1058 2591 1084 ,
2613 1021 2670 1074 et
2702 1033 2812 1094 pro
2839 1012 3149 1074 nonnullis
3174 1013 3313 1074 aliis
3336 1059 3352 1083 ,
3388 1013 3750 1093 negotioque
3779 1032 3814 1073 a
3843 1012 4002 1073 dicto

2449 1107 2700 1169 Summo
2724 1109 3010 1170 Pontifice
3032 1109 3107 1170 ad
3128 1107 3285 1170 banc
3306 1109 3549 1168 Sacram
3573 1106 4004 1188 Congregatio-

2453 1220 2590 1261 nem
2641 1201 2886 1263 remisso
2912 1248 2929 1275 ,
2963 1202 3189 1263 editum
3235 1201 3352 1262 fuit
3392 1201 3491 1262 die
3534 1206 3596 1261 2.
3658 1200 4003 1262 Decembris

2457 1298 2628 1355 1604.
2674 1314 2928 1375 sequens
2981 1297 3297 1356 Decretum
3337 1296 3427 1355 uti
3457 1293 3716 1355 babetur
3749 1294 3846 1353 lib.
3896 1297 3994 1354 10.

2452 1389 2651 1448 decret.
2684 1390 2785 1466 sol.
2816 1393 2948 1450 tot.
2979 1387 3350 1467 Conqreqatio
3379 1387 3628 1449 Concilii
3650 1390 3861 1449 censuit
3883 1407 3998 1466 quo

2447 1482 2524 1542 ad
2544 1484 2795 1561 primum
2831 1486 2884 1543 si
2910 1482 3315 1544 Sanctissimus
3343 1492 3564 1544 annuat
3589 1530 3607 1552 ,
3631 1482 4000 1543 concedendas

2452 1594 2560 1636 esse
2596 1574 2836 1637 Oratori
2857 1622 2874 1649 ,
2918 1576 3142 1639 scilicet
3167 1577 3386 1638 Abbati
3416 1576 3699 1638 Fuldensi
3725 1621 3742 1650 ,
3785 1577 4003 1637 litteras

2453 1671 2518 1728 in
2538 1671 2724 1748 forma
2748 1670 2968 1742 Brevis,
2997 1673 3197 1751 quibus
3219 1674 3498 1732 excitetur
3509 1671 3840 1749 jurisdictio
3856 1673 4005 1733 alias

2455 1766 2507 1823 ei
2536 1774 2859 1844 competens,
2889 1786 3079 1845 nempe
3100 1778 3163 1825 ut
3183 1768 3247 1824 in
3269 1767 3399 1825 locis
3422 1767 3531 1824 sibi
3553 1768 3715 1844 pleno
3721 1767 3857 1841 jure
3874 1766 4006 1824 sub·

2446 1858 2608 1935 jectis
2631 1859 3084 1936 jurisdictionem
3115 1862 3281 1937 quasi
3307 1859 3698 1940 Episcopalem
3728 1878 4002 1932 exercere,

2453 1954 2831 2012 visitationem
2856 1954 3007 2013 obire
3033 2001 3048 2023 ,
3078 1954 3357 2013 Parochos
3387 1956 3678 2013 instituere
3707 2002 3721 2023 ,
3755 1963 4005 2014 caetera-

2452 2065 2559 2125 que
2577 2047 2653 2108 ad
2671 2049 2899 2108 eandem
2912 2049 3367 2125 jurisdictionem
3384 2050 3726 2128 pertinentia
3742 2067 4009 2127 peraqere

2454 2150 2666 2219 queat,
2706 2143 2826 2202 sine
2877 2151 3065 2203 tamen
3106 2142 3356 2219 alicujus
3397 2142 3747 2221 praejudicio
3772 2188 3789 2211 ,
3836 2151 4009 2221 atque

2455 2237 2698 2316 exceptis
2727 2244 2847 2296 tum
2879 2236 2999 2303 bis,
3031 2255 3174 2316 quae
3198 2246 3331 2297 sunt
3362 2233 3621 2307 Ordinis,
3643 2245 3696 2296 et
3724 2254 4008 2298 consecra-

2457 2330 2663 2389 tionem
2681 2331 3004 2407 requirunt,
3029 2350 3202 2409 quam
3231 2331 3365 2392 aliis
3395 2332 3836 2409 quibuscunque,
3864 2349 4011 2410 quae

2454 2423 2820 2501 inferioribus
2843 2426 3010 2502 quasi
3026 2425 3087 2484 E
3089 2427 3418 2504 piscopalem
3436 2425 3889 2503 jurisdictionem
3909 2426 4011 2487 ba-

2458 2518 2708 2577 bentibus
2742 2518 3002 2597 adempta
3035 2528 3168 2577 sunt
3198 2517 3451 2577 Trident.
3490 2516 3661 2579 Cone.
3718 2517 4004 2580 Decretis.

2462 2610 2667 2686 Quoad
2712 2612 3014 2671 secundum
3062 2612 3128 2671 de
3163 2613 3436 2674 novandis
3464 2659 3479 2682 ,
3514 2614 3628 2673 sice
3675 2613 3741 2672 de
3790 2614 4009 2691 inteqro

2459 2706 2812 2765 concedendis
2853 2705 3224 2782 facultatibus
3247 2751 3264 2777 ,
3293 2707 3443 2767 alias
3470 2708 3578 2765 sibi
3619 2707 3696 2768 ad
3727 2716 3939 2787 tempus
3968 2727 4008 2767 a

2457 2797 2608 2874 felic.
2657 2799 2870 2858 record.
2921 2796 3193 2876 Greqorio
3215 2797 3382 2858 XIII.
3425 2802 3685 2861 concessis
3708 2847 3723 2869 ,
3759 2799 4009 2879 Conqre·

2449 2894 2604 2969 qatio
2627 2892 2813 2970 quoad
2841 2892 3137 2970 facultates
3159 2893 3478 2952 absolvendi
3504 2895 3576 2954 ab
3619 2894 3835 2954 haeresi
3850 2939 3867 2965 ,
3914 2904 4009 2955 at-

2459 3005 2564 3063 que
2601 2988 2917 3065 apostasia,
2946 2987 3255 3047 consultius
3282 3006 3390 3047 esse
3412 2990 3633 3067 putavit
3656 2989 3819 3049 adire
3852 2988 4005 3048 Con-

2458 3082 2834 3159 qreqationem
2862 3078 3266 3141 Sanctissimae
3309 3078 3707 3161 Inquisitionis
3728 3126 3746 3154 ,
3794 3082 3887 3142 sed
3929 3083 4007 3142 ad

2454 3186 2791 3254 postremam
2836 3175 3165 3252 facultatem
3214 3194 3357 3253 quae
3401 3178 3464 3234 in
3501 3177 3704 3236 litteris
3740 3174 4007 3256 Greqorii

2459 3269 2693 3329 babetur
2710 3270 2775 3328 de
2800 3270 3218 3349 praesentandis
3242 3269 3508 3330 Alumnis
3529 3273 3648 3330 suis
3677 3274 4007 3350 cuicumque

2464 3360 2754 3423 Catholico
2782 3362 3048 3422 Antistiti
3075 3411 3091 3432 ,
3123 3373 3190 3422 ut
3235 3364 3286 3422 si
3327 3364 3514 3423 idonei
3552 3365 3698 3436 sint,
3729 3375 3779 3424 et
3825 3385 4009 3426 anno-

2455 3474 2594 3514 rum
2630 3459 2729 3515 23.
2761 3455 2838 3515 ad
2864 3454 3071 3516 Sacros
3109 3457 3280 3516 etiam
3303 3453 3729 3536 Presbyteratus
3764 3455 4009 3519 Ordines

2455 3551 2671 3630 possint
2709 3552 3024 3629 promoveri
3045 3594 3062 3621 ,
3113 3547 3486 3628 Conqreqatio
3513 3553 3769 3622 censuit,
3815 3572 4009 3613 eonce-

2462 3644 2703 3704 dendum
2722 3663 2830 3703 esse
2847 3644 2922 3704 ad
2943 3643 3272 3703 sexennium
3292 3645 3622 3713 dumtaxat:
3647 3646 3724 3706 ad
3751 3645 4007 3706 Tertium

2460 3738 2820 3817 dispensandi
2860 3737 3188 3814 facultatem
3231 3756 3340 3814 quo
3365 3739 3441 3798 ad
3481 3740 3848 3799 matrimonia
3878 3742 4009 3816 jam

2459 3842 2747 3892 contracta
2766 3875 2784 3903 ,
2809 3850 2948 3901 esse,
2983 3833 3036 3890 si
3063 3828 3434 3891 Sanctissimo
3469 3834 3744 3911 placuerit
3771 3877 3788 3904 ,
3818 3854 4009 3895 conce-

2461 3927 2698 3986 dendam
2725 3970 2742 3996 ,
2780 3932 2840 3985 et
2869 3923 3256 3986 cohaerenter
3281 3925 3357 3985 ad
3385 3924 3543 3986 hanc
3577 3925 4004 3990 resolutionem

2462 4019 2657 4081 editae
2710 4018 2955 4078 fuerunt
2997 4017 3354 4097 apostolicae
3402 4019 3662 4081 Litterae
3708 4019 3775 4080 in
3815 4021 4012 4086 forma

2464 4112 2672 4174 Brevis
2698 4130 2733 4172 a
2773 4111 3020 4172 Summo
3048 4110 3336 4173 Pontifice
3357 4111 3660 4174 Clemente
3689 4113 3916 4177 Octavo
3934 4160 3952 4176 .

2583 4207 2760 4266 Anno
2793 4204 3059 4283 denique
3109 4207 3280 4265 1703.
3322 4204 3421 4265 die
3465 4210 3564 4265 22.
3596 4207 4010 4289 Septembris,

2461 4319 2598 4361 cum
2623 4299 2827 4360 Abbas
2853 4296 3170 4359 Fuldensis
3195 4299 3403 4379 vigore
3431 4299 3638 4360 Brevis
3667 4301 3898 4363 obtenti
3927 4304 4011 4365 ab

2465 4395 2710 4456 Urbano
2730 4392 2955 4455 Octavo
2972 4391 3530 4454 communicationis
3554 4392 4013 4475 privilegiorum

2463 4486 2954 4569 Congregationis
2981 4485 3042 4546 S.
3092 4485 3366 4547 Justinae
3385 4530 3403 4558 ,
3449 4505 3705 4566 sequens
3754 4489 4012 4550 dubium

2465 4582 2524 4643 in
2554 4583 2873 4644 Sacrorum
2897 4580 3147 4641 Rituum
3180 4578 3652 4661 congregatione
3671 4584 4011 4663 proposuis-

2463 4683 2551 4737 set
2575 4721 2590 4748 ,
2622 4697 2701 4737 an
2727 4676 2899 4756 possit
2923 4676 3040 4733 suis
3069 4674 3305 4733 subditis
3328 4678 3510 4754 viqore
3539 4675 3781 4751 ejusdem
3808 4675 4012 4738 Brevis

2464 4770 2899 4832 Sacramentum
2941 4767 3401 4847 Confirmationis
3440 4769 3688 4844 conferre
3713 4814 3729 4840 ,
3762 4788 4013 4850 respon·-

2464 4885 2596 4927 sum
2627 4864 2742 4925 suit
2765 4883 2894 4924 cum
2925 4861 3295 4923 Sanctissimo
3335 4882 3438 4942 pro
3471 4861 3742 4931 Indulto,·
3772 4865 3873 4925 sed
3911 4884 4012 4926 re-

2464 4967 2744 5021 currente
2768 4956 3061 5037 Episcopo
3091 4955 3537 5035 Herbipolensi,
3566 4964 3626 5017 et
3648 4967 4010 5038 exponente,

2466 5052 2625 5134 quod
2661 5051 2858 5113 adhuc
2878 5049 2955 5111 lis
2987 5050 3145 5110 inter
3172 5068 3269 5123 se,
3301 5056 3359 5109 et
3389 5050 3683 5111 Abbatem
3714 5053 4015 5131 pendebat

2466 5168 2645 5227 super
2668 5145 2960 5226 qualitate
2983 5142 3225 5204 Nullius
3246 5188 3264 5216 ,
3295 5151 3354 5204 et
3376 5143 3688 5205 Territorii
3720 5147 4007 5226 separati,

2466 5251 2526 5304 et
2566 5241 2725 5323 quod
2780 5242 2930 5301 Rota
2971 5238 3035 5298 in
3082 5236 3498 5299 Decisionibus
3526 5250 4016 5317 praeservaverat

2467 5336 2867 5417 cognitionem
2893 5351 3127 5406 eorum,
3163 5350 3319 5411 quae
3340 5340 3669 5411 exposcunt
3695 5332 4014 5408 Ordinem,

2469 5438 2527 5494 et
2553 5428 3057 5493 consecrationem
3073 5471 3094 5503 ,
3123 5441 3473 5509 responsum
3494 5423 3613 5487 t'uit
3639 5426 3739 5488 die
3761 5432 3862 5490 27.
3889 5430 4015 5493 De-
