4393 6299
1679 555 2108 626 unless-10
2187 555 2382 609 ccct..

426 732 636 791 annos,
682 733 809 777 cum
838 731 952 773 non
996 711 1209 772 modico
1255 712 1581 771 animarum
1634 710 1919 788 dispendio
1939 752 1957 768 .

426 811 649 873 Incolae
676 810 822 870 enim
840 808 1081 871 illarum
1096 807 1377 887 partium,
1407 805 1493 864 vel
1511 805 1809 865 sterilitate
1831 803 1959 874 soli,

426 900 511 967 tel
540 924 611 965 ex
628 923 733 964 sua
745 904 962 981 oriqine
984 919 1253 982 pauperes
1279 900 1355 961 ad
1381 900 1649 969 diversas,
1665 910 1712 956 et
1741 898 1961 975 lonqin-

427 1019 567 1079 quas
593 997 799 1059 ltaliae
823 1041 841 1069 ,
885 1004 987 1057 aut
1022 992 1361 1055 Germaniae
1388 993 1652 1071 Reqiones
1679 993 1963 1051 divertunt

426 1094 635 1153 victum
656 1098 977 1169 quaerentes
997 1107 1071 1148 ea:
1093 1089 1471 1158 industria,et
1501 1088 1702 1147 labore.
1736 1084 1960 1161 Aliqui,

427 1187 912 1267 appropinquante
936 1184 1146 1263 hyeme,
1176 1182 1409 1242 redeunt
1444 1181 1519 1242 ad
1541 1181 1755 1259 patrios
1777 1181 1919 1239 lares
1944 1225 1961 1248 ,

426 1280 692 1340 nonnulli
724 1280 841 1337 nisi
872 1287 993 1358 post
1025 1296 1225 1347 annos,
1279 1286 1330 1336 et
1383 1277 1508 1336 licet
1536 1276 1600 1335 in
1628 1274 1835 1334 exteris
1891 1289 1964 1331 ex

430 1376 637 1434 humili
660 1374 1016 1453 pinquiorem
1044 1372 1364 1431 sortiantur
1415 1371 1736 1445 fortunam,
1780 1378 1965 1427 tame-n

429 1470 516 1529 cel
539 1468 794 1540 Patriae,
826 1468 912 1527 vel
932 1465 1230 1544 sanquinis
1260 1483 1449 1523 amore
1489 1465 1664 1543 capti,
1690 1481 1804 1521 non
1851 1461 1967 1518 nisi

431 1562 586 1643 apud
614 1580 739 1621 suos
779 1562 983 1621 nubere
1007 1568 1255 1627 curant,-
1282 1558 1374 1619 sed
1400 1560 1578 1637 pactis
1617 1556 1966 1638 sponsalibus

431 1656 497 1716 de
541 1655 762 1734 futuro,
804 1664 1107 1732 antequam
1152 1653 1217 1712 de
1253 1652 1538 1731 praesenti
1585 1649 1921 1711 contrabant
1947 1694 1963 1717 ,

434 1768 591 1828 saepe
618 1749 837 1828 saepius
864 1748 1040 1807 illecti
1066 1746 1353 1809 dulcedine
1390 1746 1558 1819 lucri,
1581 1746 1656 1805 ad
1687 1752 1969 1804 consuetas

431 1844 811 1922 occupationes
833 1861 888 1901 se
916 1841 1299 1918 transferunt,
1344 1839 1655 1918 aliquando
1693 1848 1815 1919 post
1865 1858 1968 1898 an·

431 1956 552 2006 nos,
587 1937 674 1996 vel
701 1938 897 1997 saltem
922 1945 1045 2016 post
1071 1936 1409 1997 diuturnum
1445 1944 1657 2014 tempus
1712 1950 1824 1991 non
1881 1950 1969 1990 re·

434 2031 672 2091 versus-i.
733 2030 892 2091 Hinc
938 2029 1177 2091 Puellae
1219 2030 1567 2110 sponsalium
1615 2027 1975 2108 promissione

433 2126 757 2198 adstrictae,
779 2126 1027 2204 periculo
1051 2124 1490 2185 incontinentiae
1517 2123 1820 2202 expositae,
1862 2139 1975 2178 non

431 2238 567 2279 raro
612 2236 687 2279 esc
721 2219 901 2280 dilato
926 2220 1283 2279 matrimonio
1328 2219 1665 2279 occasionem
1718 2213 1976 2276 scandali

428 2314 720 2392 praebent,
752 2314 883 2374 inde
918 2312 1071 2384 odia,
1100 2315 1292 2382 rixae,
1320 2323 1371 2373 et
1397 2314 1518 2372 lites
1565 2331 1693 2372 cum
1720 2310 1977 2371 maxima

435 2407 764 2466 animarum
782 2406 1041 2484 jactura,
1073 2415 1123 2466 et
1144 2407 1512 2466 matrimonia
1532 2450 1549 2474 ,
1586 2423 1729 2483 quae
1750 2422 1857 2463 esse
1884 2402 1978 2460 de·

433 2498 556 2558 bent
578 2501 728 2560 inter
753 2500 1206 2578 consanquineos,
1236 2511 1285 2560 et
1311 2499 1498 2578 affines
1525 2500 1813 2558 vincutum
1851 2496 1981 2556 cha·

439 2595 656 2667 sitatis,
688 2595 895 2655 eosdem
938 2596 1212 2656 dissecant
1241 2641 1255 2664 ,
1288 2604 1338 2653 et
1382 2595 1715 2653 inimicitias
1744 2592 1981 2672 pariunt

435 2708 608 2767 usque
638 2688 715 2750 ad
737 2688 1092 2750 Homicidia.
1126 2688 1299 2749 Hisce
1325 2690 1498 2749 malis
1521 2688 1740 2767 saepius
1787 2704 1977 2746 occur·

436 2800 559 2842 rere
580 2782 844 2860 coqitavi,
865 2782 1215 2863 praefiqendo
1232 2782 1532 2842 terminum
1553 2780 1628 2840 ad
1649 2779 1980 2840 contraben-

438 2874 576 2934 dum
601 2877 1063 2946 matrimonium,
1094 2876 1270 2954 fretus
1295 2873 1609 2937 Sacrorum
1661 2871 1979 2943 Canonnm,

436 2980 489 3030 et
521 2971 702 3049 lequm
725 2972 1031 3051 praesidio,
1061 2981 1128 3031 ut
1151 2989 1225 3030 eoe
1253 2969 1509 3032 Sanchez
1535 2969 1599 3029 de
1626 2969 1985 3028 matrimonio

440 3064 538 3124 lib.
572 3067 626 3124 1.
667 3065 876 3145 disput.
903 3069 999 3127 54.
1060 3063 1263 3126 Verum
1283 3083 1409 3125 cum
1433 3064 1529 3123 hoc
1557 3062 1860 3123 remedium
1911 3079 1985 3120 ex

438 3161 667 3221 malitia
688 3161 975 3220 hominum
993 3161 1156 3221 solito
1178 3161 1621 3240 appellationum
1649 3160 1838 3237 clypeo
1861 3176 1986 3236 pos-

438 3256 512 3314 sit
533 3254 708 3323 eludi,
735 3262 785 3314 et
817 3255 930 3314 loco
958 3255 1183 3314 secandi
1209 3255 1352 3324 lites,
1380 3254 1615 3313 daretur
1643 3270 1783 3311 ansa
1807 3251 1985 3327 maqis

438 3349 574 3409 illas
604 3350 669 3407 in
698 3350 923 3425 lonqum
949 3349 1318 3427 protrahendi
1360 3366 1484 3407 cum
1512 3346 1722 3422 majori
1748 3345 1987 3420 fomento

442 3442 875 3502 discordiarum.
913 3440 1197 3516 Quocirca
1225 3439 1494 3512 Parochi,
1527 3458 1770 3516 quorum
1819 3455 1986 3497 curae

443 3536 676 3595 subsunt
710 3536 931 3618 populi,
962 3553 1143 3614 preces
1164 3534 1433 3594 dederunt
1467 3532 1606 3593 ΕΕ.
1638 3530 1759 3593 VV.
1786 3517 1991 3610 opporss

449 3638 651 3689 tunum
715 3631 1082 3710 implorantes
1125 3629 1418 3690 auoeilium
1446 3674 1461 3698 ,
1517 3627 1595 3687 ad
1636 3625 1988 3705 impedienda

441 3732 718 3783 enarrata
740 3722 1046 3790 scandala,·
1083 3720 1163 3781 Et
1190 3730 1255 3780 ut
1281 3729 1469 3781 votum
1497 3739 1682 3779 meum
1704 3720 1981 3799 aperiam,

441 3816 736 3895 expediens
753 3835 1021 3877 censerem
1042 3834 1145 3895 pro
1182 3813 1504 3890 hujusmodi
1542 3814 1760 3874 casibus
1781 3812 1853 3873 ab
1877 3813 1990 3871 ista

445 3905 583 3969 Sac.
623 3906 1064 3987 Conpreqatione
1099 3907 1339 3988 praefiqi
1376 3915 1760 3986 competentem
1798 3906 1986 3964 termi-

444 4020 579 4060 num
600 4019 723 4071 sex,
751 4003 843 4061 vel
855 4011 974 4062 octo
1000 4003 1274 4061 mensium
1300 4002 1378 4062 ad
1410 4000 1844 4063 contrahendum
1876 4018 1989 4059 ma-

444 4093 810 4167 trimonium,
841 4097 1042 4172 quibus
1065 4098 1270 4176 elapsis
1302 4098 1537 4157 liberum
1578 4097 1652 4156 sit
1681 4097 1884 4175 puellis
1915 4095 1992 4156 ad

446 4189 570 4249 alia
596 4199 723 4249 vota
749 4191 1038 4250 convolare
1062 4236 1079 4261 ,
1125 4192 1353 4251 minime
1404 4193 1633 4252 attentis
1672 4191 1994 4271 praemissis

446 4284 830 4361 sponsalibus,
864 4303 950 4343 me
978 4293 1164 4345 tamen
1202 4286 1469 4346 submitto
1504 4286 1808 4363 infallibili
1848 4283 1986 4343 ΕΕ.

459 4374 876 4529 VViororaculo,
907 4397 973 4438 ac
1012 4398 1208 4439 earum
1258 4398 1458 4441 manus
1513 4380 1827 4440 humillime
1866 4377 1990 4437 deo-

450 4489 548 4531 scu
649 4512 665 4529 .

568 4562 872 4623 Hactenus
894 4562 1142 4642 epistola
1166 4563 1644 4626 Eminentissimi
1679 4563 1994 4642 Arcbiepi-

450 4657 610 4736 scopi
638 4655 1142 4731 Mediolanensis;
1172 4658 1236 4718 in
1257 4677 1328 4720 eo
1361 4677 1528 4730 vero,
1562 4658 1726 4738 quod
1782 4657 1995 4718 attinet

451 4750 529 4812 ad
542 4750 702 4831 juris
728 4748 1203 4830 dispositionem,
1241 4760 1301 4812 et
1326 4751 1637 4833 signanter
1671 4751 1828 4834 juris
1849 4740 1993 4812 vcivi-

453 4842 550 4917 lis,
573 4845 620 4906 si
644 4863 916 4925 sponsus,
945 4844 1263 4907 contractis
1288 4845 1688 4926 sponsalibus,
1708 4846 1782 4908 ad
1810 4845 1992 4907 aliam

452 4957 517 4999 se
560 4939 828 5001 conferat
859 4938 1261 5010 Provinciam,
1320 4948 1557 5001 tenetur
1611 4959 1826 5021 sponsa
1853 4960 1992 5002 eum

454 5041 769 5112 expectare
795 5052 902 5113 per
936 5032 1289 5105 triennium,
1310 5034 1399 5095 uti
1427 5033 1688 5094 babetur
1709 5037 1774 5094 in
1800 5037 1902 5114 leq.
1930 5038 1988 5094 2.

459 5125 598 5186 Cod.
635 5126 700 5187 de
726 5127 998 5207 repudiis,
1029 5126 1139 5187 ibi:
1174 5130 1407 5188 liberum
1444 5138 1521 5188 est
1546 5129 1701 5210 filiae
1731 5139 1859 5190 tuae
1880 5176 1897 5201 ,
1945 5132 1997 5190 si

453 5238 715 5297 sponsum
735 5231 856 5302 post
878 5231 985 5281 tres
1006 5225 1474 5301 pereqrinationis
1501 5243 1677 5283 annos
1704 5235 1997 5303 expectan-

457 5312 594 5372 dum
611 5315 721 5374 sibi
746 5316 904 5377 ultra
922 5335 1036 5374 non
1056 5325 1249 5395 putet,
1281 5318 1484 5376 omissa
1521 5336 1612 5396 spe
1654 5317 1822 5396 hujus
1867 5337 1998 5378 con-

450 5404 784 5481 junctionis,
804 5410 1227 5470 matrimonium
1236 5412 1435 5489 [acere.
1451 5410 1512 5471 Si
1526 5418 1726 5472 autem
1744 5429 1996 5492 sponsus

458 5498 634 5574 absit,
659 5500 760 5562 sed
789 5502 964 5583 degat
1002 5502 1062 5564 in
1090 5505 1298 5567 eadem
1341 5505 1653 5569 Provincia
1679 5552 1697 5580 ,
1757 5514 1992 5569 tenetur

3323 549 3430 605 w!

2070 728 2285 789 sponsa
2315 720 2627 790 expectare
2651 729 2756 791 per
2779 708 3092 771 biennium
3112 756 3127 781 ,
3159 719 3228 770 ut
3254 705 3511 768 babetur
3536 707 3603 765 in‘

2072 807 2174 885 leq.
2208 809 2269 866 2.
2295 803 2484 867 Codic.
2517 806 2582 866 de
2604 806 2985 885 sponsalibus:
3011 804 3130 864 ibi:
3156 805 3206 864 si
3227 805 3298 872 is,
3324 803 3426 881 qui
3445 801 3607 881 puel·-

2072 902 2186 962 lam
2198 902 2314 961 suis
2336 902 2553 980 nuptiis
2578 912 2775 979 pactus
2794 913 2892 969 est,
2908 904 3066 962 intra
3096 901 3382 960 biennium
3407 898 3611 976 eoeequi

2070 996 2324 1075 nuptias,
2346 997 2408 1054 in
2427 995 2615 1055 eadem
2641 994 2944 1056 Provincia
2967 996 3184 1073 deqens,
3210 994 3608 1075 supersederit,

2071 1095 2295 1172 ejusque
2329 1092 2504 1175 spatii
2533 1090 2642 1171 fine
2665 1091 2892 1150 decurso
2919 1094 2981 1150 in
3009 1091 3246 1153 alterius
3274 1100 3459 1170 postea
3481 1107 3615 1148 con-

2060 1188 2407 1266 junctionem
2432 1186 2626 1265 puella
2649 1188 2956 1265 pervenerit
2975 1231 2990 1256 ,
3020 1186 3171 1245 nibil
3199 1184 3420 1262 fraudis
3452 1183 3505 1243 ei
3525 1181 3616 1264 fit,

2071 1302 2214 1361 quae
2240 1282 2469 1360 nuptias
2496 1281 2869 1351 maturando,
2916 1290 3047 1340 vota
3070 1299 3172 1340 sua
3206 1280 3421 1339 diutius
3459 1276 3615 1337 eludi
3647 1266 3648 1269 ¹

2070 1395 2181 1435 non
2208 1394 2372 1453 passa
2391 1383 2488 1435 est.
2511 1372 2573 1434 Si
2594 1391 2739 1434 vero
2761 1391 3012 1453 sponsus
3027 1372 3185 1434 absit
3212 1391 3286 1432 ex
3311 1389 3486 1432 causa
3511 1387 3621 1432 ne-

2073 1469 2351 1542 cessaria,
2413 1476 2649 1530 tenetur
2675 1486 2891 1547 sponsa
2927 1466 3103 1546 illum
3147 1475 3485 1546 expectare,
3525 1482 3620 1525 us-

2074 1581 2317 1642 quequo
2353 1569 2536 1623 cesset
2569 1560 3086 1640 impedimentum,
3121 1560 3207 1621 nti
3260 1558 3516 1620 habetur
3548 1558 3616 1617 in

2079 1659 2181 1736 leq.
2216 1661 2311 1717 17.
2364 1655 2426 1738 ff.
2465 1657 2531 1717 de
2557 1656 2930 1737 sponsalibus,
2965 1654 3085 1716 ibi:
3128 1673 3284 1734 saepe
3315 1653 3546 1731 juxtae,
3569 1659 3621 1712 et

2075 1752 2416 1813 necessariae
2457 1770 2657 1811 causae
2678 1769 2790 1809 non
2818 1751 2999 1811 solum
3033 1768 3282 1819 annum,
3328 1748 3417 1808 vel
3464 1748 3621 1806 bien·-

2076 1847 2261 1918 nium,
2289 1845 2381 1906 sed
2408 1842 2577 1905 etiam
2606 1845 2948 1915 triennium,
3004 1854 3053 1903 et
3080 1843 3543 1920 quadriennium,
3573 1847 3626 1900 et

2077 1941 2319 2001 ulterius
2347 1940 2582 2001 trahunt
2610 1940 2919 2018 sponsalia,
2944 1939 3119 1999 veluti
3140 1936 3399 1997 valetudo
3415 1934 3625 2015 sponsi,

2080 2054 2391 2116 sponsaeve,
2418 2036 2504 2094 vel
2525 2044 2723 2094 mortes
2740 2045 3065 2114 parentum,
3092 2042 3190 2092 aut
3216 2031 3494 2111 capitalia
3512 2028 3630 2089 cri·

2082 2130 2261 2199 mina,
2286 2138 2389 2190 aut
2422 2129 2690 2205 lonqiores
2708 2126 3207 2207 percqrinationes,
3239 2142 3382 2200 quae
3423 2140 3497 2183 ea:
3528 2140 3627 2181 ne·

2080 2224 2330 2284 cessitate
2365 2222 2509 2303 fiunt
2532 2263 2548 2279 .
2594 2221 2672 2280 At
2716 2218 2776 2280 in
2836 2218 2979 2280 lure
3028 2216 3329 2279 Canonico
3377 2232 3632 2295 sequens

2085 2316 2345 2379 babetur
2402 2313 2709 2394 dispositio
2766 2311 3091 2374 Alexandri
3151 2308 3336 2372 Tertii
3391 2310 3456 2369 in
3500 2326 3628 2387 cap.

2085 2412 2149 2471 de
2213 2407 2332 2485 illis
2383 2409 2448 2469 de
2489 2407 2843 2488 *sponsalibus
2870 2454 2887 2479 ,
2938 2406 3060 2466 ibi:
3110 2405 3177 2465 de
3222 2405 3345 2463 illis
3401 2411 3589 2463 autem
3612 2447 3628 2469 ,

2082 2505 2185 2584 qui
2232 2504 2498 2583 praestito
2541 2502 2869 2578 juramento
2909 2501 3250 2580 promittunt
3301 2517 3356 2557 se
3407 2498 3634 2574 aliquas

2089 2597 2348 2657 mulieres
2371 2596 2635 2656 ducturos
2648 2616 2671 2662 ,·
2715 2605 2765 2654 et
2793 2603 2980 2675 postea
3008 2595 3084 2654 eis
3110 2593 3409 2670 incoqnitis
3434 2590 3633 2649 dimit-

2091 2700 2216 2751 tunt
2253 2699 2464 2751 terram
2487 2709 2541 2751 se
2563 2689 2640 2750 ad
2660 2698 2852 2769 partes
2878 2690 3027 2750 alias
3053 2687 3481 2772 transferentes,-
3507 2683 3634 2745 Hoc

2093 2787 2199 2846 tibi
2225 2787 2477 2846 volumus
2497 2784 2852 2855 innotescere,
2873 2782 3021 2862 quod
3051 2783 3284 2842 liberum
3307 2782 3413 2841 erit
3434 2779 3635 2839 mulie-

2089 2881 2248 2940 ribus
2268 2880 2405 2959 ipsis
2435 2880 2515 2953 (si
2540 2896 2652 2937 non
2670 2886 2747 2937 est
2772 2879 3019 2956 amplius
3039 2877 3105 2935 in
3124 2876 3273 2954 facto
3296 2875 3634 2955 processum)

2090 2974 2166 3035 ad
2189 2974 2313 3035 alia
2332 2983 2459 3035 vota
2484 2992 2537 3034 se
2566 2971 2893 3049 transferre,
2916 2979 3134 3050 recepta
3153 2979 3336 3029 tamen
3360 2968 3425 3028 de
3445 2965 3638 3048 perju-

2087 3069 2177 3127 rio
2203 3067 2565 3147 poenitentia,
2592 3066 2644 3125 si
2662 3083 2762 3145 per
2779 3083 2871 3125 eas
2890 3065 3120 3128 steterit,
3145 3063 3443 3142 quominus
3466 3059 3640 3137 suerit

2090 3162 2518 3223 matrimonium
2547 3168 2990 3220 consummatum
3015 3201 3031 3217 .

2214 3255 2568 3335 Disputatur
2603 3252 2761 3314 inter
2806 3254 3109 3322 Doctores,
3140 3269 3216 3312 an
3240 3251 3341 3331 jus
3386 3246 3640 3309 Canoni-

2097 3369 2235 3411 cum
2274 3347 2651 3429 derogaverit
2677 3348 2739 3407 in
2769 3347 2883 3407 hac
2914 3344 3160 3407 materia
3189 3344 3323 3405 Juri
3354 3340 3557 3414 Civili,
3582 3347 3643 3401 et

2095 3442 2373 3504 nonnulli
2406 3440 2767 3504 affirmative
2794 3440 3176 3520 respondent,
3210 3438 3443 3498 Barbos.
3471 3438 3534 3495 in
3555 3436 3639 3496 ci·
3665 3484 3668 3487 ⁴

2098 3547 2202 3598 tat.
2237 3557 2361 3617 cap.
2394 3538 2458 3596 de
2491 3538 2610 3596 illis
2643 3555 2802 3594 num.
2841 3541 2899 3595 5.
2934 3535 2999 3595 de
3040 3533 3414 3614 sponsalibus,
3442 3540 3491 3590 et
3518 3548 3641 3589 ma-

2097 3633 2264 3691 trim.
2326 3629 2617 3691 Nonnulli
2653 3627 2994 3710 negativam
3040 3626 3482 3707 amplectuntur
3505 3641 3640 3684 sen-

2096 3724 2369 3796 tentiam,
2421 3723 2533 3785 snb
2585 3724 2833 3784 obtentu
2860 3768 2877 3796 ,
2914 3722 3073 3803 quod
3127 3719 3435 3802 dispositio
3476 3716 3641 3778 Juris

2097 3816 2383 3880 Canonici
2438 3816 2749 3897 procedat,
2789 3823 3100 3896 postquam
3135 3813 3318 3875 fuerit
3365 3818 3671 3891 expecta-·

2100 3917 2227 3972 tum
2262 3917 2496 3989 tempus
2522 3915 2813 3970 statutum
2836 3928 2871 3970 a
2897 3908 3045 3968 Jure
3072 3906 3274 3978 Civili,
3310 3905 3550 3980 Pirbinq
3577 3904 3642 3960 in

2095 4004 2207 4066 Jus
2239 4024 2368 4066 can.
2401 4013 2531 4063 tom.
2565 4006 2620 4062 14.
2653 4004 2743 4062 tit.
2784 4003 2849 4062 de
2875 4003 3122 4082 sponsal.
3147 4011 3276 4062 sect.
3312 4003 3369 4058 2.
3396 3996 3461 4080 §.
3495 4002 3547 4058 1.
3575 4016 3636 4056 n.

2098 4103 2196 4160 49.
2228 4098 2347 4158 Alii
2399 4103 2632 4177 putant,
2684 4097 2793 4157 Jus
2821 4096 3011 4158 Civile
3036 4094 3190 4156 nihil
3234 4093 3458 4154 habere
3479 4110 3642 4151 com·-

2100 4209 2283 4253 mune
2309 4190 2369 4249 in
2395 4188 2690 4269 praesenti
2716 4189 2967 4250 materia
2988 4208 3123 4249 cum
3150 4189 3179 4247 J
3190 4206 3296 4247 ure
3318 4184 3640 4256 canonica,

2100 4303 2175 4346 ex
2203 4303 2328 4365 quo
2356 4283 2464 4344 Jus
2493 4281 2684 4344 Civile
2715 4282 2986 4363 loquitur
3024 4282 3098 4362 de
3125 4279 3494 4362 sponsalium
3521 4276 3643 4338 dis·-

2100 4378 2398 4441 solutione
2416 4377 2491 4438 ad
2518 4377 2794 4439 affectum
2821 4376 3095 4438 lucrandi
3114 4373 3497 4456 sponsalitias
3520 4371 3644 4432 lar-

2100 4474 2335 4556 gitateS,
2362 4471 2437 4532 de
2464 4490 2589 4551 quo
2618 4490 2753 4533 casu
2771 4472 2871 4554 jus
2899 4470 3268 4532 Canonicum
3296 4488 3415 4530 non
3442 4464 3642 4546 loqui-

2103 4576 2235 4629 tur:
2271 4564 2528 4627 Gibalin.
2556 4568 2619 4626 de
2638 4568 2858 4626 unirer.
2887 4569 3153 4644 neqotiat.
3186 4575 3316 4624 tom.
3347 4567 3407 4623 2.
3449 4562 3546 4622 lib.
3579 4562 3638 4620 4.

2101 4682 2227 4744 cap.
2256 4664 2312 4720 1.
2336 4670 2452 4721 art.
2483 4665 2541 4721 5.
2573 4671 2804 4720 consect.
2836 4664 2891 4720 3.
2911 4659 3031 4718 sub.
3065 4678 3124 4718 n.
3150 4664 3207 4718 5.
3240 4655 3356 4718 Alii
3382 4653 3645 4734 denique

2103 4755 2339 4827 volunt,
2373 4752 2818 4833 dispositionem
2845 4751 3010 4813 Jnris
3028 4751 3237 4814 Civilis
3261 4767 3379 4810 non
3402 4744 3642 4811 extendi

2103 4849 2177 4910 ad
2207 4846 2511 4930 sponsalia
2556 4853 2858 4908 eontracta
2907 4845 3066 4906 inser
3114 4842 3473 4924 baptizatos,
3504 4858 3644 4901 cum

2100 4950 2443 5005 contractus
2462 4939 2847 5020 sponsalitius
2869 4939 3055 5002 initus
3076 4938 3233 5000 inter
3263 4938 3403 4998 istos
3424 4934 3644 4996 habeat

2102 5055 2214 5117 pro
2234 5035 2511 5106 materia,
2532 5043 2592 5096 et
2619 5034 2851 5114 objecto
2880 5040 3249 5095 contractum
3269 5025 3643 5092 Matrimonii

2102 5130 2404 5193 elevatum
2427 5129 2502 5190 ad
2523 5147 2649 5189 esse
2670 5127 3063 5202 sacramenti,
3095 5126 3272 5188 Perez
3295 5125 3360 5186 de
3385 5124 3637 5185 matrim.

2101 5226 2314 5306 disput.
2346 5230 2403 5285 9.
2436 5232 2563 5284 sect.
2589 5228 2646 5283 9.
2681 5242 2898 5283 numer.
2931 5225 3024 5282 10.

2229 5321 2305 5382 At
2334 5317 2630 5401 quidquid
2684 5317 2760 5381 sit
2795 5316 2869 5379 de
2900 5316 3020 5391 bis,
3055 5316 3194 5378 licet
3218 5314 3405 5376 verba
3454 5322 3643 5375 textus

2101 5418 2165 5476 in
2178 5435 2304 5495 cap.
2327 5415 2392 5475 de
2414 5412 2534 5473 illis
2552 5411 2616 5472 de
2642 5411 3014 5491 sponsalibus,
3032 5418 3083 5469 et
3104 5408 3503 5480 matrimoniis,
3530 5404 3641 5467 ibis

2103 5512 2399 5572 dimittunt
2428 5518 2635 5570 terram
2665 5526 2720 5566 se
2737 5506 2812 5567 ad
2832 5506 2983 5566 alias
3000 5514 3194 5586 partes
3226 5501 3639 5579 transferentes,
