4393 6299
1644 514 2107 588 cuasa-to
2166 513 2454 572 cccxm.

821 765 1183 845 QUAESTIO
1208 765 1549 829 cccxxu.

549 1053 620 1114 In
655 1051 847 1116 Causa
880 1051 1159 1114 Fir-mene
1177 1050 1581 1124 Matrimonii,
1605 1049 1697 1111 die
1720 1052 1820 1111 24.

969 1147 1194 1228 Aprili·
1220 1150 1394 1208 1723.

407 1378 942 1493 Bartholomaeus
985 1424 1261 1489 Cordella
1289 1445 1324 1488 e
1354 1423 1610 1488 Civitate
1635 1422 1826 1486 Firmi
1858 1441 1963 1484 cu-

404 1524 575 1605 piens
597 1520 1052 1584 matrimonium
1098 1519 1456 1582 contrahere
1480 1536 1620 1580 cum
1652 1516 1829 1580 Clara
1859 1515 1963 1578 Pa-

405 1617 593 1679 radisi
615 1636 651 1678 e
672 1615 930 1678 Civitate
949 1614 1174 1676 Montis
1192 1612 1313 1676 Alti
1342 1612 1585 1676 devenit
1610 1611 1686 1675 ad
1708 1608 1961 1692 subscri-

402 1710 670 1795 ptionem
711 1708 1129 1789 capitulorum
1183 1703 1727 1772 Matrimonialium
1743 1751 1762 1780 ,
1805 1723 1965 1787 quae

404 1805 632 1866 nedum
664 1804 745 1864 ab
778 1802 943 1882 ipso,
983 1801 1089 1864 sed
1123 1801 1308 1864 etiam
1333 1819 1372 1863 a
1415 1797 1745 1864 humatio
1782 1798 1966 1861 Patre

401 1895 617 1961 Clarae
639 1895 973 1975 subscripta
1000 1894 1278 1959 fuerunt.
1814 1947 1819 1950 .

520 1993 859 2053 Deventum
886 1988 1105 2052 deinde
1140 1988 1260 2052 fuit
1288 1986 1368 2051 ad
1398 1987 1818 2071 probationem
1840 1994 1963 2049 sta-

400 2094 500 2150 tus
523 2084 702 2147 liberi
728 2083 1053 2165 utriusque
1073 2083 1279 2165 sponsi
1302 2128 1321 2158 ,
1345 2091 1407 2147 et
1429 2083 1863 2163 subsequenter
1882 2080 1961 2144 ad

400 2177 892 2243 denuntiationes
928 2177 995 2239 in
1032 2175 1496 2242 Parochialihus
1535 2174 1815 2238 Ecclesiis
1839 2220 1856 2248 ,
1899 2182 1959 2237 et

397 2274 466 2336 in
492 2293 565 2336 eo
589 2318 607 2348 ,
650 2271 815 2355 quod
859 2272 1075 2336 attinet
1102 2273 1181 2335 ad
1208 2270 1563 2340 Parochiam
1591 2269 1653 2332 S.
1703 2270 1959 2332 Zenonis

398 2365 677 2430 Civitatis
701 2365 891 2428 Firmi
917 2411 935 2439 ,
969 2383 1129 2447 quae
1164 2372 1298 2428 erat
1318 2363 1610 2428 Parochia
1636 2362 1955 2426 Bartholo-

399 2460 582 2535 maei,
612 2458 885 2541 expletae
908 2458 1158 2521 fuerunt
1176 2476 1385 2520 omnes
1404 2465 1524 2520 tres
1546 2456 1954 2519 denuntiatio-

400 2573 529 2630 nes,
559 2560 622 2617 et
646 2554 710 2615 in
738 2571 833 2627 eo,
862 2553 1027 2633 quod
1050 2559 1275 2633 spectat
1295 2551 1371 2616 ad
1399 2550 1753 2616 Parochiam
1777 2550 1955 2614 Mon-

397 2647 476 2710 tis
499 2646 622 2709 Alti
651 2691 670 2721 ,
698 2647 814 2709 sub
835 2664 958 2727 qua
980 2644 1157 2719 Clara
1176 2644 1468 2726 degebat,
1497 2646 1697 2725 prima
1715 2643 1954 2706 denun-

395 2741 569 2805 tiatio
597 2740 836 2821 expleta
864 2738 984 2801 suit
1009 2784 1027 2813 ,
1063 2739 1167 2800 sed
1198 2739 1276 2801 ad
1302 2738 1454 2801 alias
1475 2739 1798 2802 deventum
1829 2757 1950 2802 non

394 2846 484 2899 est
513 2845 757 2916 propter
776 2833 1310 2914 impedimentum,
1343 2830 1435 2896 uti
1463 2834 1751 2896 asseritur
1776 2852 1951 2915 prae-

396 2930 607 2992 stitum
628 2948 665 2992 a
688 2927 1043 2991 Sebastiano
1064 2927 1436 2990 Colombono
1459 2926 1646 2990 fratre
1672 2927 1949 3010 Episcopi

396 3023 623 3087 Montis
643 3022 765 3087 Alti
792 3067 810 3096 ‚
846 3023 953 3104 qui
981 3022 1261 3104 cupiebat
1285 3021 1539 3085 eandem
1569 3021 1807 3085 Claram
1833 3021 1949 3086 du-

396 3139 532 3183 cere
553 3117 622 3181 in
644 3118 927 3181 Uxorem.

518 3212 883 3276 Laurentius
912 3211 1124 3274 Clarae
1150 3212 1328 3275 Pater
1360 3211 1726 3275 abhorrebat
1763 3232 1798 3275 a
1834 3232 1947 3274 nu-

393 3308 537 3392 ptiis
567 3306 731 3369 filiae
763 3325 902 3367 cum
940 3305 1102 3368 dicto
1143 3306 1495 3368 Sebastiano
1518 3351 1537 3380 ,
1580 3306 1852 3388 adeoque
1880 3316 1948 3369 ut

393 3422 528 3467 eam
560 3409 857 3465 averteret
893 3420 931 3462 a
980 3401 1285 3480 praedicto
1322 3401 1712 3464 Matrimonio
1735 3447 1752 3475 ,
1783 3401 1946 3482 quod

396 3495 669 3578 exoptari
699 3496 1013 3558 dicebatur
1041 3503 1163 3558 tam
1189 3514 1226 3558 a
1254 3495 1627 3568 Sebastiano,
1655 3515 1840 3577 qnam
1867 3498 1949 3559 ab

3329 509 3440 563 w!

2067 669 2234 751 quod
2261 668 2496 751 aliquid
2521 665 2706 730 fuerit
2740 672 2994 749 gestum.
3029 666 3110 730 At
3127 664 3228 729 die
3260 669 3320 725 8.
3353 664 3614 726 Novem·

2068 766 2198 829 bris
2217 765 2483 848 ejusdem
2501 762 2647 826 anni
2668 783 2804 825 cum
2826 760 3343 831 Bartholomaeus,
3361 765 3422 819 et
3438 757 3616 820 Clara

2066 880 2145 924 ex
2183 860 2516 942 improviso
2539 858 2615 921 ad
2645 856 2966 920 Ecclesiam
3007 855 3384 919 accessissent
3407 871 3612 914 coram

2071 954 2339 1018 Parocho
2365 1000 2383 1028 ,
2411 952 2518 1035 qui
2545 951 2947 1016 confessiones
2969 948 3328 1030 excipiebat,
3355 945 3482 1011 alta
3507 964 3615 1007 vo-

2067 1070 2135 1113 ce
2158 1059 2438 1112 mutuum
2464 1052 2887 1129 expresserunt
2913 1062 3268 1108 consensum
3293 1041 3370 1104 de
3401 1038 3617 1103 Matri·

2069 1145 2276 1207 monio
2298 1189 2317 1216 ,
2346 1142 2511 1225 quod
2535 1149 2681 1204 tunc
2705 1139 3062 1204 contrahere
3084 1136 3499 1207 intendebant,
3523 1132 3616 1196 uti

2066 1239 2374 1322 colligitur
2412 1258 2490 1300 ex
2519 1237 2892 1318 depositione
2932 1234 3117 1298 trium
3157 1231 3424 1296 Testium
3453 1277 3471 1301 ,
3506 1228 3615 1311 qui

2065 1334 2226 1397 dicto
2253 1332 2411 1397 actui
2431 1332 2859 1394 interfuerunt.

2184 1429 2326 1490 Post
2341 1428 2489 1490 baec
2504 1435 2983 1489 consummatum
3002 1422 3120 1485 fuit
3133 1418 3612 1488 Matrimonium,

2064 1540 2328 1602 cumque
2354 1521 2669 1583 Promotor
2694 1516 2941 1581 Fiscalis
2967 1516 3185 1579 Curiae
3211 1512 3616 1593 Archiepisco-

2067 1614 2224 1696 palis
2271 1614 2594 1678 Firmanae
2653 1611 3073 1695 praetenderet
3100 1655 3118 1684 ,
3171 1608 3323 1671 illud
3374 1605 3614 1669 nullum

2069 1709 2253 1771 fuisse
2277 1757 2294 1781 ,
2331 1709 2446 1770 sub
2489 1709 2739 1770 obtentu
2763 1753 2781 1779 ,
2826 1705 2990 1788 quod
3023 1702 3207 1766 suerit
3240 1710 3614 1765 contractum

2068 1819 2274 1864 coram
2298 1822 2419 1864 non
2441 1801 2687 1883 proprio
2707 1799 2976 1863 Parocbo
2993 1797 3346 1862 alterutrius
3363 1815 3440 1857 ex
3464 1794 3616 1857 Con-

2068 1897 2471 1970 trabentibus,
2489 1896 2585 1959 vel
2609 1896 2684 1960 ad
2709 1895 2908 1957 minus
2923 1892 3206 1955 illicitum
3223 1890 3429 1964 fuisse,
3444 1896 3616 1971 utpo-

2066 2001 2126 2057 te
2148 2003 2519 2058 contractum
2555 1993 2783 2074 absque
2810 1985 3376 2052 denunciationibus
3397 2031 3414 2059 ,
3443 1992 3503 2047 et
3527 1984 3614 2048 sic

2067 2089 2239 2169 largo
2285 2088 2462 2150 modo
2488 2085 2963 2158 clandestinum,
3005 2081 3284 2145 devoluta
3317 2079 3507 2141 Causa
3533 2078 3612 2140 ad

2064 2182 2222 2246 hanc
2240 2183 2482 2245 Sacram
2513 2179 3074 2262 Congregationem,
3097 2175 3456 2255 disputanda
3480 2192 3615 2254 pro-

2065 2284 2376 2358 ponuntur
2401 2276 2545 2338 bina
2575 2273 2774 2336 Duhia
2806 2273 2880 2335 ad
2921 2270 3142 2334 calcem
3166 2268 3357 2350 ‚hujus
3383 2265 3610 2333 Rostri-

2058 2380 2189 2435 ctus
2216 2369 2550 2433 referenda.

2174 2463 2390 2541 Quoad
2440 2473 2730 2546 punctum
2791 2460 3088 2523 nullitatis
3135 2457 3287 2521 nihil
3347 2457 3612 2519 occurrit

2060 2565 2268 2622 notatu
2311 2557 2562 2641 dignum
2589 2602 2606 2630 ,
2641 2577 2778 2620 cum
2809 2557 2871 2616 in
2896 2552 3370 2635 Congrcgatione
3401 2551 3611 2614 habita

2063 2655 2154 2715 die
2169 2658 2271 2714 20.
2303 2653 2608 2714 Februarii
2627 2653 2796 2731 hujus
2812 2650 3054 2730 ejusdcm
3070 2650 3215 2712 anni
3236 2652 3409 2709 1723.
3439 2664 3610 2708 occa-

2060 2747 2232 2810 sione
2262 2748 2490 2811 Causae
2511 2747 2924 2820 Caesenateu„
2954 2763 3061 2808 seu
3088 2741 3456 2805 Forolivien.
3479 2740 3612 2804 Ma·

2056 2841 2335 2905 trimonii
2364 2888 2383 2917 ,
2427 2841 2716 2905 deductae
2760 2839 2988 2903 fuerint
3031 2856 3240 2901 omnes
3284 2835 3612 2898 Theoricae

2055 2927 2385 2999 Doctorum
2409 2981 2428 3010 ,
2458 2943 2518 2998 et
2547 2933 2966 2998 Resolutiones
2985 2930 3172 3016 hujus
3188 2929 3252 2991 S.
3279 2929 3611 3011 Congrega-

2059 3029 2240 3093 tionis
2269 3030 2428 3093 circa
2456 3028 2793 3092 Parochum
2818 3072 2837 3102 ,
2864 3044 3067 3088 coram
3098 3044 3221 3107 quo
3248 3021 3609 3086 contrahen-

2061 3125 2209 3189 dum
2237 3131 2327 3188 est
2352 3123 2810 3188 Matrimonium
2837 3168 2855 3196 ,
2901 3128 2967 3183 ut
2995 3119 3146 3182 illud
3185 3117 3263 3181 sit
3293 3117 3560 3181 validum
3585 3162 3606 3192 ,

2066 3219 2180 3284 hoc
2209 3228 2409 3283 tamen
2451 3217 2855 3282 intercedente
2890 3213 3238 3277 discrimine
3261 3211 3420 3273 inter
3450 3211 3607 3274 Cau-

2055 3336 2184 3380 sam
2220 3315 2605 3378 Caesenaten.
2631 3357 2650 3387 ,
2696 3318 2758 3374 et
2795 3309 2992 3383 hanc,
3026 3309 3102 3371 de
3126 3325 3248 3387 qua
3291 3324 3452 3366 nunc
3476 3304 3609 3386 agi-

2054 3421 2178 3483 tur,
2202 3409 2366 3491 quod
2392 3407 2455 3469 in
2480 3407 2678 3488 prima
2695 3403 2850 3468 alter
2866 3424 2943 3466 ex
2956 3400 3326 3484 Conjugibus
3345 3399 3610 3462 instabat

2054 3522 2167 3586 pro
2193 3502 2475 3565 nullitate
2516 3497 2920 3572 Matrimonii,
2952 3503 3015 3559 et
3038 3496 3103 3558 in
3143 3494 3256 3557 bac
3298 3502 3419 3555 tam
3447 3492 3561 3555 Vir
3582 3536 3604 3568 ,

392 3592 685 3673 Episcopo
708 3592 838 3672 ejus
864 3591 1075 3663 fratre,
1098 3607 1162 3651 80
1185 3590 1494 3653 transtulit
1516 3610 1637 3652 una
1659 3592 1945 3673 cumipse
2050 3618 2244 3682 quam
2274 3595 2536 3660 foemina
2565 3594 2790 3656 instant
2814 3612 2924 3674 pro
2950 3590 3281 3655 validitate.

392 3685 469 3749 ad
510 3685 777 3749 Mentem
814 3684 1131 3747 Gibertum
1174 3682 1473 3746 Dioecesis
1510 3684 1833 3748 Firmanae
1871 3705 1945 3749 ea

2178 3689 2400 3766 Quoad
2444 3687 2613 3752 aliud
2659 3705 2803 3750 vero
2848 3696 3135 3768 punctum
3164 3729 3182 3759 ,
3230 3680 3608 3747 Matrimonii

391 3780 758 3853 intentione,
782 3787 853 3841 ut
869 3778 999 3841 tilia
1028 3786 1406 3860 permaneret
1433 3778 1496 3840 in
1526 3779 1705 3841 domo
1730 3779 1945 3843 Hiero-
1988 3815 1996 3863 ἰ
2051 3784 2231 3867 largo
2274 3782 2454 3845 modo
2476 3778 2874 3851 clandestini,
2906 3786 3115 3860 utpote
3146 3775 3435 3840 contracti
3479 3793 3604 3837 non

389 3873 562 3956 nymi
593 3871 813 3955 Morigi
853 3872 947 3934 eui
986 3872 1188 3935 Leviri
1207 3917 1227 3946 2
1268 3890 1585 3954 usqueque
1627 3874 1938 3936 Matrimo-
1988 3869 1996 3981 ᾗ
2046 3886 2287 3942 servato
2314 3878 2457 3940 Ritu
2490 3874 2790 3939 Ecclesiae
2809 3920 2831 3949 ,
2856 3873 3372 3947 Bartholomaeus,
3392 3882 3454 3935 et
3472 3869 3606 3933 Cla·

390 3969 564 4030 nium
588 3966 968 4028 contraheret
994 4011 1011 4040 ,
1048 3967 1282 4030 etiamsi
1307 3974 1610 4048 oporteret
1634 4015 1651 4040 ,
1683 3969 1844 4049 quod
1878 3970 1939 4031 in
1988 3995 1996 4041 ς
2049 3992 2119 4035 ra
2149 3971 2467 4035 admittere
2494 3968 2802 4042 videntur,
2831 3986 2896 4030 se
2922 3966 3349 4049 poenitentiam
3381 3964 3604 4027 saluta·

391 4059 548 4122 dicta
572 4059 749 4120 domo
765 4067 1027 4139 quatuor
1050 4060 1228 4121 annis
1246 4070 1646 4140 permaneret,
1665 4062 1739 4123 ad
1760 4082 1940 4144 quem
1988 4063 1996 4138 ἶ
2048 4085 2178 4128 rem
2211 4063 2434 4129 mereri
2451 4109 2470 4139 ,
2505 4063 2750 4127 exclusa
2785 4080 3148 4144 quacunque
3172 4078 3363 4143 poena
3389 4077 3604 4142 corpo·

391 4153 666 4216 effectum
690 4151 866 4216 Clara
885 4172 1085 4215 secum
1107 4153 1325 4217 detulit
1342 4155 1546 4217 omnia
1568 4175 1678 4238 pro
1696 4175 1807 4218 suo
1827 4177 1943 4220 usu
1987 4152 1995 4162 '
2053 4160 2140 4223 ris
2186 4158 2474 4222 afflictiva
2499 4203 2517 4232 ,
2552 4166 2614 4219 et
2638 4156 2946 4240 signanter
2967 4201 2986 4230 ,
3035 4154 3182 4236 quia
3208 4154 3476 4237 ipsorum
3502 4153 3602 4214 in·

393 4246 744 4310 necessaria·
2052 4254 2245 4317 tentio
2272 4253 2390 4317 fuit
2418 4251 2802 4336 praemittere
2822 4250 3337 4324 denuntiationes,
3368 4249 3483 4312 nisi
3510 4250 3604 4312 in·

508 4345 792 4405 Accessus
818 4340 917 4402 hic
944 4340 1020 4402 ad
1049 4342 1317 4414 Mentem
1347 4343 1666 4406 Gibertum
1692 4345 1951 4428 contigit.
2048 4348 2403 4431 terpositum
2447 4346 2658 4410 fuisset
2699 4343 3230 4427 impedimentum,
3266 4345 3443 4427 juxta
3479 4364 3553 4408 ea
3573 4389 3595 4421 ,

392 4454 596 4498 mense
616 4435 650 4496 J
656 4433 768 4495 ulii
788 4433 932 4495 anni
963 4435 1270 4515 praeteriti
1299 4441 1501 4511 1722„
1537 4445 1599 4499 et
1635 4438 1941 4502 Parechus
2048 4442 2289 4524 quaein
2316 4439 2733 4522 superioribus
2751 4438 2909 4502 dicta
2929 4447 3093 4511 sunt3
3113 4446 3173 4500 et
3192 4439 3337 4520 quia
3360 4437 3424 4500 in
3447 4438 3600 4501 Con·

390 4529 614 4593 Montis
634 4526 869 4590 Giberti
901 4534 1151 4590 testatur
1174 4575 1192 4600 ,
1222 4529 1337 4591 sibi
1367 4529 1552 4593 fuisse
1575 4551 1613 4595 a
1633 4530 1940 4616 Hierony·
1984 4506 1994 4640 Ι
2043 4533 2459 4598 stitutionibus
2484 4531 2892 4615 synodalibus
2918 4530 3251 4612 imponitur
3273 4550 3465 4612 poena
3486 4551 3596 4594 ex·

391 4644 492 4687 mo
523 4623 781 4705 Morigio
807 4621 1314 4686 confidentialiter
1332 4624 1583 4701 dictum,
1609 4626 1846 4692 Claram
1872 4627 1935 4691 in
2042 4627 2603 4693 communicationis
2637 4626 2928 4689 adversus
2953 4634 3434 4688 consummantes
3462 4627 3597 4690 Ma-

389 4738 501 4783 sua
523 4719 702 4781 domo
727 4736 854 4778 esse
882 4735 1361 4797 permansuram,
1385 4738 1701 4802 usquequo
1724 4722 1939 4785 Matri·
2046 4722 2398 4786 trimonium
2423 4767 2440 4795 ,
2469 4739 2592 4782 non
2623 4718 2965 4801 praemissis
2989 4717 3552 4783 denuntiationibus
3570 4767 3590 4793 ,

387 4813 661 4877 monium
688 4810 1099 4874 contraxisset.
1120 4813 1417 4874 »Testatur
1443 4812 1602 4876 idem
1633 4814 1940 4879 Parochus
2042 4816 2434 4898 respondetur
2456 4862 2474 4886 ,
2509 4814 2573 4875 id
2617 4812 2738 4875 non
2785 4831 2913 4875 esse
2940 4811 3215 4875 absolute
3255 4820 3548 4876 statutum
3569 4858 3590 4889 ,

385 4928 560 4972 suam
603 4904 926 4971 Ecclesiam
960 4903 1144 4967 fuisse
1184 4924 1221 4967 a
1266 4904 1440 4969 Clara
1484 4904 1758 4971 habitam
1800 4917 1935 4973 tan·

389 5021 576 5084 quam
599 4999 907 5084 propriam
928 4998 1308 5072 Perochiam,
1332 4999 1718 5083 habitaquea
1740 5022 1805 5067 se
1826 5023 1938 5066 no-

388 5096 525 5159 titia
567 5093 941 5176 sponsalium
986 5094 1065 5156 ab
1114 5093 1245 5174 ipsa
1292 5102 1736 5159 contractorum
1795 5116 1934 5162 cum

389 5189 851 5252 Bartholomaeo
876 5234 893 5263 ,
940 5207 1003 5250 se
1030 5187 1236 5251 fecisse
1259 5207 1393 5252 eam
1432 5191 1783 5256 examinare
1813 5201 1936 5256 tam

389 5300 571 5364 super
608 5282 987 5346 Rudimentis
1014 5281 1206 5357 Fidei,
1237 5300 1422 5364 quam
1448 5303 1630 5368 super
1654 5304 1763 5350 sua
1791 5304 1935 5351 vera

393 5376 726 5441 voluntate.

507 5468 798 5533 Nonnulli
844 5488 1076 5533 menses
1121 5469 1308 5553 elapsi
1347 5481 1491 5537 sunt
1511 5519 1531 5548 ,
1580 5474 1811 5558 absque
1858 5494 1932 5540 eo

2040 4912 2143 4973 sed
2176 4919 2477 4992 quatenus
2520 4905 2824 4969 Perochus
2863 4905 3159 4990 Coniuges
3190 4908 3547 4970 admonuerit
3569 4957 3588 4982 ,

2044 5024 2120 5067 ne
2157 5004 2235 5067 ad
2275 5000 2848 5066 consummationem
2887 4998 3212 5063 deveniant
3236 5046 3255 5075 ,
3293 5020 3453 5082 quae
3483 5004 3591 5064 ad-

2039 5101 2278 5160 monitio
2304 5116 2424 5158 non
2453 5095 2570 5158 fuit
2598 5092 2754 5157 facta
2776 5113 2814 5158 a
2842 5092 3113 5157 Parocho
3135 5094 3362 5158 Montis
3381 5096 3591 5160 Giber-

2044 5193 2121 5267 ti,
2150 5200 2221 5253 ut
2240 5191 2367 5272 ipse
2394 5196 2666 5252 testatur.

2159 5283 2456 5359 Quocirca
2478 5327 2495 5355 ,
2526 5282 2622 5344 his
2647 5281 2946 5344 stantibus
2964 5326 2982 5355 ,
3012 5282 3327 5363 quaeritur
3354 5301 3370 5345 ε

2153 5379 2207 5441 1.
2230 5379 2327 5441 An
2345 5387 2551 5440 constet
2569 5377 2636 5438 do
2655 5377 2952 5439 caliditate
2972 5376 3344 5445 Matrimonii
3363 5380 3430 5441 in
3449 5399 3586 5445 casu

2038 5486 2141 5539 stc.
2172 5483 2226 5537 st
2250 5483 2526 5556 quatenus
2556 5468 2914 5553 affirmative:
