4393 6299
1000 508 1107 576 ars

1962 515 2402 585 Qutss‘rtousss
2441 516 2794 570 canentem,

830 664 1020 729 tiones
1044 669 1395 731 concessisse
1417 668 1477 730 in
1503 669 1702 732 radice
1722 669 2123 745 Matrimonii,
2171 672 2256 734 ita
2296 678 2365 731 ut
2471 671 2615 751 juge
2634 668 2922 751 legitima,
2945 671 3037 732 sui
3063 671 3310 737 bonoris
3329 670 3757 751 detrimentum
3783 679 4020 753 patere-

825 771 1189 825 memoratae
1209 767 1392 827 Rotae
1419 765 1743 826 decisiones
1765 771 1902 828 455.
1937 778 2089 846 part.
2153 773 2205 826 t.
2246 769 2354 829 Re-

825 870 992 930 ccnt„
1021 870 1081 921 et
1125 859 1311 921 altera
1350 861 1462 921 hoc
1490 871 1576 921 est
1604 867 1741 922 687.
1794 873 1947 942 part.
1979 868 2036 922 2.
2072 864 2305 925 Recent.
2343 912 2359 939 ‚

826 953 1160 1031 prodierint
1184 954 1242 1014 in
1271 974 1411 1015 casu
1455 956 1782 1017 consimilis
1822 957 2289 1038 dispensationis
2330 981 2367 1023 a

826 1046 984 1108 dicto
1011 1048 1297 1109 Pontifice
1332 1070 1639 1112 concessae
1672 1095 1688 1111 .

944 1142 1290 1205 Pontificiae
1337 1145 1520 1225 hujus
1566 1146 1937 1208 auctoritatis
1986 1150 2365 1228 praesidium

820 1236 939 1297 fuit
981 1237 1428 1318 imploratuma
1456 1241 1781 1303 Guillelmo
1830 1242 2101 1305 Jaroslao
2153 1244 2363 1306 Grais-

820 1331 1038 1393 fensels
1060 1334 1134 1394 de
1160 1334 1537 1411 Pilsemburg
1559 1338 1812 1408 Barone,
1837 1357 1940 1399 seu
1962 1339 2223 1400 Domino
2247 1340 2362 1402 loci

820 1428 1044 1499 Tman3
1073 1428 1344 1503 exhibito
1366 1431 1665 1509 siquidem
1694 1431 2002 1495 Sanctitati
2028 1435 2183 1496 Suae
2211 1455 2362 1516 sup-

2476 771 2595 835 tur,
2634 774 2738 826 aut
2764 766 2906 847 quia
2954 767 3090 829 licet
3117 767 3182 827 in
3227 766 3339 828 bac
3363 767 3501 829 facti
3528 768 3723 847 specie
3759 787 4018 830 renova-

2478 858 2560 919 tio
2585 879 2886 940 expressa,
2920 871 3026 924 aut
3054 862 3229 924 tacita
3258 882 3606 936 consensuS,
3637 883 3673 923 a
3705 861 4019 924 nonnullis

2475 963 2785 1034 reputetur
2815 957 3161 1028 necessaria,
3181 959 3355 1039 juxta
3387 976 3479 1027 ea,
3506 978 3664 1037 quae
3713 957 4017 1018 habentur

2476 1050 2630 1125 apud
2656 1048 2913 1110 Sanchez
2939 1052 3002 1110 de
3022 1051 3292 1111 Man-im.
3325 1054 3423 1111 lib.
3451 1057 3510 1112 8.
3543 1052 3687 1130 disp.
3716 1057 3774 1112 8.
3819 1072 3880 1112 n.
3914 1057 4013 1112 25.

2477 1141 2677 1201 verior
2706 1142 3101 1204 nihilominus
3128 1152 3216 1205 est
3234 1143 3463 1223 opinio,
3512 1144 3744 1206 nullam
3768 1164 4018 1205 consen-

2475 1252 2574 1293 sus
2597 1236 3049 1297 renovationem
3083 1256 3208 1298 esse
3254 1238 3315 1297 in
3351 1238 3513 1298 bisce
3553 1238 4020 1299 circumstantiis

2479 1329 2890 1402 necessariam,
2928 1331 3013 1390 uti
3038 1328 3239 1391 firmat
3263 1329 3521 1396 Bai-bosa
3553 1334 3729 1405 ,citato
3751 1341 3874 1390 voto
3912 1335 4013 1391 27.

2473 1441 2629 1481 num.
2667 1427 2760 1483 14.
2814 1425 2910 1483 lib.
2940 1430 3034 1496 2.,
3074 1434 3132 1485 et
3160 1425 3278 1486 late
3304 1424 3561 1487 habetur
3589 1429 3652 1485 in
3673 1428 3837 1489 decis.
3873 1429 4011 1490 455.

820 1520 960 1600 plici
984 1522 1214 1593 libello,
1239 1523 1551 1587 humiliter
1574 1526 1880 1605 exposuit,
1909 1547 1972 1588 se
2001 1539 2141 1589 ante
2174 1547 2367 1591 annos
2467 1536 2527 1575 η·
2561 1521 2654 1577 ¹¹·
2692 1528 2847 1597 part·
2874 1523 2926 1578 ¹·
2962 1519 3186 1579 flmm-

819 1614 1058 1678 circiter
1102 1621 1200 1679 40.
1248 1619 1703 1681 Matrimonium
1737 1641 1881 1682 cum
1905 1621 2213 1685 Ludmilla
2255 1622 2365 1685 bo-

818 1719 986 1773 nesta
1040 1713 1246 1774 Puella
1298 1714 1664 1776 contraxisse
1690 1760 1706 1786 ,
1756 1735 1876 1777 non
1931 1723 2127 1778 tamen
2159 1737 2364 1795 coram

818 1804 1089 1867 Parocho
1116 1853 1131 1877 ,
1181 1806 1282 1867 sed
1310 1807 1510 1868 coram
1542 1807 1858 1870 Sacerdote
1907 1817 2236 1880 extraneo,
2290 1831 2360 1873 ac

820 1899 1050 1979 absque
1072 1899 1195 1960 ulla
1242 1899 1474 1971 fraude,
1504 1900 1599 1961 vel
1647 1902 1785 1963 dolo
1808 1952 1823 1974 ,
1860 1921 1931 1963 eo
1964 1903 2127 1982 quod
2168 1905 2365 1966 Terri-

820 1992 1042 2054 torium
1065 1993 1547 2054 mntrahentium
1576 2003 1716 2056 tunc
1737 1996 2023 2075 temporis
2052 1998 2364 2078 proprium

817 2085 1154 2149 Parocbum
1188 2107 1305 2147 non
1324 2087 1612 2161 habebat,
1642 2090 1745 2150 sed
1763 2090 1987 2151 Incolis
2008 2091 2367 2154 Sacramen-

818 2187 880 2242 ta
908 2182 1490 2244 administrabantur
1507 2184 1584 2243 ab
1610 2183 1897 2255 Advenis,
1926 2203 2028 2245 seu
2060 2186 2368 2247 extraneis

816 2274 1261 2351 Sacerdotibus,
1289 2297 1351 2337 se
1373 2296 1447 2338 ex
1473 2277 1634 2337 dicto
1656 2278 1927 2357 putativo
1972 2272 2152 2341 Matri
2165 2281 2366 2340 monio

822 2380 941 2434 tres
969 2372 1125 2432 filios
1150 2372 1434 2433 habuisse
1461 2372 1828 2450 superstites,
1857 2374 2151 2435 loannem
2201 2374 2363 2436 vide·

818 2468 977 2543 licet,
998 2467 1305 2537 Carolum,
1332 2476 1390 2529 et
1413 2466 1830 2546 Rodnlphum,
1857 2468 1960 2548 qui
1981 2488 2217 2548 semper
2239 2477 2366 2530 tan·

817 2582 1003 2643 quam
1025 2561 1553 2647 legitimifnerunt
1577 2563 1860 2640 reputati,
1885 2582 1948 2623 se
1970 2563 2031 2623 in
2060 2571 2366 2625 senectute

811 2657 938 2737 jam
966 2655 1355 2716 constitutum
1384 2662 1667 2733 exoptare
1690 2655 1926 2715 eosdem
1956 2655 2069 2717 sibi
2102 2656 2363 2717 scribere

820 2747 1130 2818 haeredes,
1157 2746 1256 2806 sed
1302 2746 1362 2806 id
1392 2746 1585 2807 facere
1606 2766 1729 2807 non
1760 2768 1950 2827 posse,
1981 2750 2361 2812 obstantibus

818 2842 1099 2903 videlicet
1139 2841 1374 2922 legibus
1398 2842 1586 2922 Regni
1619 2841 1962 2913 Bohemiae,
2006 2846 2183 2927 juxta
2212 2867 2396 2926 quas·

818 2933 1120 3015 illegitimi
1150 2953 1185 2994 a
1213 2934 1687 2995 successionibus
1718 2943 2020 3010 arcentur,
2066 2936 2204 3000 licet
2258 2960 2363 3019 per

816 3031 1188 3108 subsequens
1237 3028 1694 3089 Matrimonium
1756 3039 1951 3091 essent
2001 3029 2314 3111 legitimati
2339 3084 2356 3107 ,

816 3122 1251 3196 concludendo,
1284 3121 1443 3201 quod
1473 3122 1519 3182 si
1558 3121 1632 3183 de
1654 3122 1885 3184 Summi
1912 3125 2219 3189 Pontificis
2246 3129 2359 3190 Po-

815 3224 1023 3280 testate
1052 3217 1114 3277 in
1142 3217 1535 3278 concedendis
1563 3216 2112 3297 dispensationibus
2157 3221 2220 3282 in
2259 3242 2357 3285 ra-

815 3311 946 3373 dice
968 3311 1342 3372 Matrimonii
1376 3310 1642 3371 dubitari
1676 3331 1794 3371 non
1828 3319 2037 3391 potest,
2069 3314 2117 3374 si
2164 3315 2360 3378 eidem

815 3417 910 3469 est
931 3406 1116 3478 locus,
1146 3405 1390 3485 qnando
1419 3406 1619 3492 agitur
1648 3406 1722 3467 de
1764 3408 2153 3471 Matrimonio
2188 3412 2359 3474 nullo

815 3507 1061 3581 propter
1140 3499 1634 3578 impedimentum
1679 3500 1844 3561 Juris
1913 3503 2310 3567 Ecclesiastici
2338 3553 2353 3579 ,

815 3595 998 3674 quale
1019 3602 1106 3655 est
1136 3593 1285 3654 illud
1317 3593 1548 3655 defectu
1584 3596 1953 3674 praesentiae
1978 3599 2252 3673 Parocbi,
2306 3602 2356 3663 si

814 3690 1058 3751 demum
1086 3687 1416 3748 consimilis
1434 3688 1782 3770 indulgetur
1809 3690 2193 3770 dispensatio,
2222 3713 2356 3756 con·

813 3790 1094 3845 currente
1124 3781 1481 3862 gravissima
1529 3800 1729 3853 causa,
1763 3783 1962 3862 qualis
2000 3795 2088 3848 est
2115 3786 2244 3861 illa,
2283 3789 2357 3851 de

813 3896 935 3959 qua
967 3896 1127 3937 nunc
1159 3875 1382 3954 agitur,
1414 3881 1620 3956 utpote
1660 3877 1980 3957 praecipue
2010 3881 2354 3944 consistenti

812 3974 877 4032 in
906 3971 1066 4033 bono
1095 3969 1387 4041 filiorum,
1434 3970 1540 4049 qui
1565 3969 1715 4031 alias
1750 3972 2017 4050 paternis
2053 3974 2228 4034 bonis
2261 3995 2357 4037 re·

812 4072 1126 4127 manerent
1149 4063 1394 4144 privati,
1426 4071 1486 4124 et
1515 4073 1800 4143 tanquam
1822 4065 2118 4146 ignobiles
2144 4071 2352 4131 tradu-

814 4166 1114 4230 cerentur,
1139 4158 1276 4218 licet
1302 4156 1612 4238 hucusque
1630 4159 1790 4220 inter
1808 4159 2073 4234 Nobiles,
2089 4171 2148 4224 et
2173 4164 2357 4244 Equi-

813 4261 901 4316 tes
929 4251 1154 4313 fuerint
1184 4250 1482 4325 recensiti,
1537 4258 1599 4313 et
1631 4253 1824 4314 multo
1861 4255 2070 4335 magis,
2094 4277 2231 4319 cum
2268 4260 2357 4321 al-

812 4355 904 4409 ter
929 4367 1005 4408 ex
1034 4345 1158 4406 illis
1179 4345 1306 4426 jam
1332 4345 1796 4407 Matrimonium
1830 4351 2198 4413 contraxerit
2221 4373 2357 4414 cum

810 4441 1098 4503 Foemina
1120 4438 1343 4500 nobilis
1362 4438 1753 4513 conditionis,
1787 4450 1846 4502 et
1874 4461 1951 4503 ex
1989 4461 2110 4522 qua
2136 4445 2359 4510 liberos

809 4535 1044 4604 babuit,
1058 4542 1117 4595 et
1138 4553 1274 4594 cum
1293 4553 1415 4613 qua
1433 4552 1537 4612 per
1557 4554 1925 4614 consequens
1940 4538 2141 4618 jurgia
2163 4551 2357 4603 essent

807 4627 1205 4700 inevitabilia,
1239 4645 1348 4687 nec
1378 4647 1495 4688 non
1524 4647 1660 4688 cum
1689 4630 1816 4710 ejus
1863 4630 2224 4695 Parentibus
2246 4682 2262 4707 ,
2298 4643 2357 4699 et

810 4722 1282 4802 Consanguineis
1303 4767 1319 4790 ,
1351 4721 1397 4781 si
1431 4720 1535 4783 ille
1557 4722 1866 4803 ignobilis,
1898 4732 1956 4785 et
1986 4725 2231 4788 infamis
2258 4729 2357 4791 de·

807 4824 1106 4899 tegeretur
1130 4836 1146 4887 ;
1201 4813 1607 4876 concludendo
1649 4815 1922 4896 inquam,
1972 4837 2056 4892 se,
2104 4839 2358 4883 concur-

809 4911 1084 4973 rentibus
1111 4907 1287 4968 dictis
1308 4907 1773 4970 circumstantiis
1796 4957 1810 4978 ‚
1830 4910 2125 4990 juremeri
2135 4921 2192 4974 to
2220 4932 2353 4994 spe-

806 5025 943 5068 rare
970 5021 1142 5084 posse
1173 5021 1208 5062 a
1237 5000 1562 5062 Sanctitate
1587 5021 1696 5063 sua
1721 5002 2185 5083 dispensationis
2210 5028 2351 5089 gra-

805 5101 952 5163 tiam
982 5099 1044 5158 in
1064 5097 1256 5158 radice
1278 5095 1678 5157 Matrimonii.

925 5193 1171 5271 Absque
1197 5208 1267 5250 eo
1290 5189 1453 5269 quod
1482 5190 1542 5250 in
1565 5189 1677 5252 bac
1705 5191 2147 5271 dispensatione
2164 5195 2354 5258 inter-

803 5288 1014 5349 cedere
1036 5285 1252 5346 debeat
1274 5301 1466 5344 novus
1494 5284 1980 5347 contrahentium
2005 5307 2352 5362 consensus,

804 5390 910 5444 aut
932 5368 1078 5460 quia
1108 5399 1181 5440 ex
1229 5376 1342 5439 bac
1368 5396 1523 5439 nova
1564 5387 1887 5440 consensus
1911 5383 2351 5461 praestatione,

806 5473 1135 5544 Ludmilla,
1167 5490 1324 5553 quae
1346 5471 1658 5554 hucusque
1681 5472 1893 5538 habita
1919 5474 2036 5537 fuit
2056 5497 2166 5557 pro
2194 5477 2351 5540 Cou-

2593 1610 2756 1673 Haec
2803 1621 2964 1686 sunt,
3018 1632 3175 1692 quae
3205 1613 3589 1677 continentur
3623 1616 3687 1676 in
3715 1618 4018 1698 supplica-

2474 1704 2636 1766 tione
2661 1705 2997 1779 Guillelmi,
3028 1727 3288 1787 cumque
3316 1727 3352 1770 a
3380 1709 3707 1772 Sanctitate
3734 1712 3856 1773 Sua
3883 1713 4015 1775 sue-

2475 1800 2599 1861 rint
2628 1821 2827 1880 preces
2855 1802 2929 1863 ad
2954 1802 3195 1864 Sacram
3226 1802 3759 1884 Congregationcm
3807 1807 4017 1869 remis-

2474 1913 2594 1964 sae,
2629 1894 2802 1957 datae
2837 1904 2999 1968 sunt,
3040 1898 3218 1978 juxta
3249 1917 3475 1958 morem
3527 1898 3765 1960 litterae
3793 1901 3868 1961 ad
3898 1901 4015 1962 Ar·

2475 1986 2915 2069 chiepiscopum
2942 1991 3300 2069 Pragensem
3326 2011 3434 2071 pro
3460 1990 3904 2055 informatione.

2592 2082 3035 2163 Archiepiscopi
3063 2084 3295 2147 litterae
3317 2096 3826 2165 supervenerunt;
3848 2100 4032 2150 cum-¹

2475 2175 2684 2253 quein
2733 2176 2853 2237 illis
2895 2177 3214 2251 habeatur,
3245 2178 3560 2241 Oratorem
3605 2201 3919 2261 nunquam
3942 2185 4017 2248 de

2475 2269 2630 2331 facto
2653 2272 3105 2333 Matrimonium
3130 2274 3495 2335 contraxisse
3516 2294 3716 2336 coram
3738 2276 4018 2342 Sacerdo-

2474 2373 2552 2436 te,
2583 2386 2720 2427 cum
2743 2367 2868 2447 ejus
2895 2386 3112 2427 nomen
3141 2387 3259 2427 non
3289 2368 3635 2448 patefaciat,
3670 2389 3778 2431 nec
3813 2373 4017 2436 Testes

2475 2458 2883 2538 nominet,qui
2913 2460 3300 2521 Matrimonio
3324 2461 3753 2540 interfuerunt,
3775 2474 3832 2525 et
3852 2469 4015 2545 quod

2477 2552 2778 2613 Ludmilla
2814 2573 3044 2634 semper
3070 2553 3186 2614 fnit
3215 2555 3420 2616 habita
3453 2577 3563 2636 pro
3583 2558 3712 2637 ejus
3737 2562 4018 2623 concubi·

2474 2664 2574 2718 na,
2604 2646 3005 2728 itautsaepius
3030 2645 3212 2709 fuerit
3229 2650 3575 2712 admonitus
3588 2652 3663 2713 de
3688 2654 3893 2715 eadem
3920 2655 4014 2716 di-

2473 2740 2787 2814 mittenda,
2812 2761 2934 2821 qno
2961 2750 3175 2817 stante,
3198 2743 3457 2804 alterum
3481 2764 3555 2806 ex
3576 2748 3881 2826 requisitis
3907 2748 4013 2810 de-

2470 2833 2673 2896 ficeret
2705 2856 2816 2917 pro
2841 2837 3214 2897 concedenda
3245 2838 3689 2917 dispensatione
3719 2840 3781 2901 in
3813 2843 4016 2905 radice

2470 2929 2882 3000 Matrimonii,
2920 2933 3094 3011 juxta
3125 2951 3217 3005 ea,
3271 2951 3430 3012 quae
3487 2932 3551 2994 in
3597 2936 4016 3015 superioribus

2471 3023 2627 3085 dicta
2646 3033 2811 3097 sunt,
2839 3024 3240 3087 necessarium
3267 3027 3678 3089 existimatum
3701 3029 3819 3091 suit
3846 3033 4011 3093 ordi-

2468 3116 2624 3178 narii
2688 3116 3175 3181 informationem
3229 3118 3657 3184 Defensor-ibus
3701 3122 4014 3188 Guillelmi

2466 3212 2927 3274 communicare.

2587 3306 2858 3387 Cumque
2906 3309 2984 3369 ab
3040 3308 3250 3371 iisdem
3293 3309 3550 3382 dicatur,
3594 3311 3812 3392 primo,
3848 3311 4013 3393 quod

2466 3399 2838 3463 Matrimonii
2888 3402 3213 3466 celebratio
3259 3424 3463 3467 coram
3494 3405 3809 3467 Sacerdote
3850 3408 4012 3472 sacta

2466 3498 2890 3577 comprobatur
2914 3517 2986 3558 ex
3012 3505 3192 3571 statu,
3214 3499 3278 3559 in
3303 3519 3425 3580 quo
3447 3500 3611 3562 locus
3642 3501 3831 3561 Tman
3867 3512 4016 3564 tunc

2461 3592 2899 3672 reperiebatur,
2925 3612 3062 3653 cum
3088 3593 3150 3652 in
3181 3613 3252 3655 eo
3282 3614 3402 3655 non
3436 3595 3665 3656 adesset
3706 3596 4016 3660 Parocbus

2468 3687 2871 3763 particularis,
2896 3706 3004 3748 nec
3029 3707 3147 3747 non
3172 3706 3246 3747 ex
3269 3687 3520 3748 solemni
3545 3690 3890 3770 juramento
3911 3712 4014 3754 co-

2465 3800 2596 3842 ram
2620 3781 2783 3842 libro
2824 3780 3318 3862 Evangeliornm,
3351 3781 3608 3862 aliisque
3634 3783 4010 3848 interceden-

2460 3874 2621 3935 tibus
2648 3873 3129 3934 solemnitatibus
3162 3875 3448 3952 praestito
3478 3895 3513 3936 a
3556 3874 3906 3953 Guillelmo,
3952 3888 4014 3944 et

2463 3987 2499 4030 a
2529 3967 2856 4038 Ludmilla,
2887 3968 3169 4039 secunde,
3203 3968 3363 4048 quod
3411 3969 3890 4051 imperceptibile
3915 3995 4015 4037 es·

2464 4073 2573 4134 set,
2628 4062 2787 4143 quod
2815 4061 2926 4122 filii
2968 4062 3092 4123 nati
3115 4062 3310 4124 habiti
3345 4062 3599 4128 fuissent
3624 4086 3734 4147 pro
3778 4069 4012 4149 Equiti-

2464 4157 2598 4230 bus,
2647 4164 2706 4217 et
2728 4155 3069 4229 Nobilibus,
3095 4163 3154 4219 et
3184 4157 3345 4236 quod
3388 4158 3540 4220 alter
3582 4180 3793 4223 eorum
3837 4164 4012 4226 nobi-

2467 4253 2584 4313 lem
2628 4253 2887 4313 Uxorem
2929 4250 3232 4324 duxisset,
3291 4252 3340 4313 si
3388 4254 3762 4333 praedictum
3791 4258 4007 4321 Matri-

2467 4347 2736 4408 monium
2798 4366 2916 4408 non
2964 4347 3410 4425 praecessisset,
3458 4356 3516 4409 et
3570 4352 3747 4412 tertio
3768 4397 3786 4426 ,
3841 4354 4009 4434 quod

2465 4442 2631 4503 alind
2693 4448 2782 4502 est
2835 4439 3152 4501 fornicatio
3202 4442 3402 4521 quoad
3450 4441 3651 4504 forum
3708 4447 4013 4510 conscien-

2469 4539 2613 4609 tiae,
2639 4544 2697 4597 et
2719 4534 2885 4596 aliud
2914 4535 3110 4614 quoad
3141 4535 3322 4596 linem
3350 4581 3366 4609 ,
3400 4545 3461 4598 et
3484 4538 3760 4600 effectum
3790 4541 3868 4602 de
3887 4562 4012 4623 quo

2466 4631 2688 4712 agitur,
2734 4629 2797 4689 in
2843 4629 2974 4689 soro
3016 4629 3238 4690 etenim
3278 4631 3673 4695 conscientiae
3710 4634 4008 4698 Concubi-

2466 4725 2621 4787 narii
2646 4732 2787 4786 sunt
2813 4723 2900 4785 illi
2929 4724 3385 4787 Matrimonium
3407 4726 3512 4805 qui
3538 4735 3964 4794 contraxerunt
3990 4780 4011 4808 ,

2465 4829 2524 4881 et
2572 4821 2635 4879 in
2686 4819 2891 4880 eodem
2942 4828 3295 4898 permanent
3324 4839 3459 4880 cum
3503 4819 3709 4900 aliquo
3758 4822 4011 4903 impedi..

2468 4921 2667 4975 mento
2691 4912 3076 4992 impediente,
3099 4921 3160 4973 et
3178 4912 3521 4980 dirimente,
3549 4913 3792 4992 quando
3815 4916 3893 4977 ad
3917 4918 4010 4980 ef-

2466 5008 2685 5070 fectum
2714 5006 2788 5067 de
2816 5027 2938 5087 quo
2970 5006 3168 5088 agitur
3191 5006 3338 5067 satis
3372 5013 3480 5078 est,
3507 5007 3668 5086 quod
3693 5008 4011 5075 Matrimo-

2466 5102 2635 5162 nium
2674 5099 2857 5161 fuerit
2883 5100 2957 5160 de
2983 5099 3139 5161 facto
3167 5107 3558 5171 contractum,
3615 5106 3674 5162 et
3720 5105 3884 5181 qnod
3912 5106 4012 5168 in-

2464 5193 2795 5257 tercesserit
2813 5195 3057 5255 affectus
3080 5192 3394 5265 maritalis,
3420 5212 3542 5254 una
3560 5213 3697 5254 cum
3715 5215 4010 5265 consensu

2464 5288 2752 5359 naturali,
2784 5288 2962 5349 etiam
2996 5288 3045 5347 si
3091 5286 3245 5347 adsit
3285 5285 3782 5365 impedimentum
3840 5293 4013 5358 Juris

2463 5383 2880 5455 Ecclesiastici,
2912 5382 3000 5443 uti
3024 5382 3195 5443 docet
3225 5380 3321 5440 Jo.
3350 5380 3607 5442 Andreas
3641 5385 3704 5442 in
3745 5405 3868 5465 cap.
3907 5410 4012 5468 per

2479 5478 2856 5539 Venerabilem
2895 5496 3054 5535 nain.
3107 5479 3204 5535 20.
3241 5476 3341 5553 qui
3363 5475 3476 5555 filii
3496 5476 3610 5535 sint
3647 5477 3906 5556 leqitimi,
3947 5490 4010 5546 et
