4393 6299
997 486 1105 537 136

2007 482 2454 550 Quazs'rtoNI-:s
2491 484 2849 540 CANONICAE

821 643 881 698 2.
908 641 967 699 2.
1001 647 1216 718 quaest.
1251 639 1384 697 124.
1408 645 1525 697 art.
1553 639 1613 697 5.
1639 635 1716 696 ad
1736 640 1794 694 3.
1829 634 1949 703 late
1975 636 2358 717 prosequitur
2472 640 2790 710 habentes,
2824 652 2882 700 et
2924 642 3375 702 {hereticorum
3407 642 3771 722 Regionibus
3805 644 4015 702 admo-

825 733 1161 802 Gardinalis
1189 729 1530 812 Capenam
1570 731 1636 789 in
1655 731 1774 789 suis
1814 727 2140 790 Controver.
2190 729 2365 790 Theo·

821 829 930 907 loq.
956 838 1201 889 controv.
1224 829 1324 885 27.
1358 825 1424 884 de
1442 823 1742 903 Mau-tyrio
1766 822 1832 904 3.
1863 827 1956 905 12.
1982 822 2307 884 nonnullos
2331 844 2367 886 e

817 932 1026 985 contra
1053 920 1383 991 sustinere,
1417 918 1718 999 Martyres
1746 936 1867 978 non
1912 937 2038 979 esse
2081 917 2363 979 dicendos

820 1017 1008 1079 dictos
1041 1014 1264 1077 Milites
1287 1058 1306 1086 ,
1339 1013 1479 1075 licet
1523 1031 1678 1093 pura
1720 1010 2054 1073 intentione
2095 1021 2365 1094 pugnent

819 1131 930 1192 pro
961 1109 1078 1172 fide
1102 1155 1121 1182 ,
1157 1116 1215 1169 et
1241 1109 1306 1167 in
1331 1106 1497 1169 Bello
1527 1105 1866 1168 moriantur
1887 1150 1906 1180 ‚
1937 1105 2359 1169 Salmanticen-

816 1228 897 1268 sos
939 1209 1193 1265 incursu
1220 1201 1474 1282 Theoloq.
1521 1211 1654 1262 tom.
1697 1206 1757 1262 3.
1800 1211 1969 1263 tract.
1994 1208 2053 1262 9.
2101 1203 2247 1283 disp.
2298 1208 2356 1263 3.

815 1303 947 1360 dub.
980 1304 1039 1359 2.
1092 1296 1157 1378 3.
1191 1301 1249 1356 2.
1281 1316 1438 1356 num.
1484 1301 1584 1357 23.
1633 1295 1858 1356 Lossius
1895 1296 1961 1358 de
1990 1298 2225 1376 justitia
2255 1345 2273 1368 ,
2302 1308 2356 1358 ct

803 1398 937 1475 jure
967 1395 1064 1454 lib.
1105 1397 1163 1453 3.
1185 1412 1310 1471 cap.
1341 1395 1396 1451 1.
1429 1392 1562 1451 dub.
1596 1398 1654 1453 3.
1679 1409 1846 1452 num.
1877 1396 1975 1452 36.
2006 1411 2143 1453 cum
2169 1391 2308 1454 aliis
2331 1438 2350 1468 ,

814 1510 967 1571 qnos
983 1487 1290 1559 cumulat,
1317 1497 1374 1549 et
1394 1487 1668 1568 sequitur
1694 1487 1947 1550 Schiara
1966 1491 2032 1548 in
2059 1486 2356 1569 Theoloqia

809 1585 1034 1646 Bellica
1077 1595 1209 1642 tom.
1257 1587 1315 1642 2.
1361 1583 1458 1642 lib.
1495 1588 1553 1643 8.
1586 1581 1716 1662 diff.
1763 1587 1861 1644 23.
1893 1591 2156 1645 caeteros
2180 1582 2352 1644 deni-

809 1697 930 1759 que
954 1677 1168 1737 docere
1191 1720 1208 1748 ,
1248 1674 1578 1755 praedictos
1597 1675 1824 1737 Milites
1846 1676 2111 1757 rigorose
2129 1676 2356 1758 Marty-

816 1791 912 1832 res
934 1768 1052 1831 dici
1098 1787 1220 1829 non
1264 1786 1434 1848 posse
1464 1814 1484 1839 ,
1531 1770 1635 1830 sed
1665 1768 2030 1850 improprie,
2083 1789 2156 1830 eo
2194 1770 2357 1850 quod

811 1866 951 1928 licet
994 1863 1334 1925 moriantur
1377 1881 1491 1943 pro
1538 1862 1729 1936 Fide,
1763 1863 2105 1925 moriuntur
2151 1874 2353 1925 tamen

810 1956 1344 2038 contrapugnando
1369 2002 1389 2027 ,
1424 1965 1484 2016 et
1529 1954 1858 2018 resistendo
1882 2003 1900 2026 ,
1933 1955 2021 2025 uti
2074 1955 2198 2018 late
2222 1976 2357 2036 pro-

810 2054 914 2115 bat
937 2051 1223 2131 Tloeoptail.
1252 2050 1562 2131 Raynaud.
1601 2071 1758 2130 oper.
1785 2062 1916 2112 tom.
1956 2056 2049 2111 18.
2091 2054 2157 2113 de
2175 2052 2352 2114 Mar-

810 2149 963 2227 tyrio
980 2167 1082 2226 per
1098 2156 1302 2226 pestem
1326 2165 1451 2223 cap.
1487 2149 1544 2203 5.
1576 2164 1637 2205 π.
1671 2147 1730 2204 4.
1757 2156 1809 2205 οι
1833 2166 1982 2224 seqq.

931 2240 1220 2302 Ultimum
1270 2239 1512 2300 demum
1541 2249 1670 2310 est,
1702 2248 1922 2302 statum
1954 2241 2185 2321 gratiae
2226 2261 2354 2304 esse

806 2334 1205 2397 necessarium
1236 2353 1345 2413 pro
1369 2332 1765 2412 acquisitione
1791 2334 2314 2415 Indulgentiarnm
2331 2384 2349 2409 ,

806 2431 908 2490 sed
939 2439 1159 2490 statum
1187 2428 1419 2508 gratiae
1458 2448 1564 2508 per
1610 2427 2040 2490 confessionem
2075 2449 2195 2490 non
2221 2450 2347 2493 esse

804 2521 1248 2593 necessarium,
1281 2520 1394 2582 nisi
1442 2521 1504 2581 in
1558 2521 1736 2583 Bulla
1785 2522 2161 2602 exprimatur
2208 2543 2352 2584 con-

804 2609 980 2679 fessio
1008 2662 1026 2690 ,
1056 2615 1142 2677 uti
1176 2614 1296 2676 late
1323 2625 1771 2696 prosequuntur
1791 2614 2094 2694 Roqinald.
2122 2619 2185 2677 in
2212 2637 2354 2698 pra-

801 2715 874 2773 xi
914 2713 1030 2788 sori
1072 2709 1515 2770 Poenitmtiarii
1563 2710 1662 2769 tib.
1707 2715 1765 2770 7.
1821 2723 2035 2787 quaest.
2079 2716 2137 2770 2.
2186 2732 2346 2775 num.

805 2810 938 2866 171.
973 2817 1026 2865 et
1050 2823 1198 2882 seqq.
1228 2801 1524 2864 Bonaeina
1554 2822 1708 2882 oper.
1745 2803 1966 2865 Moral.
2001 2816 2132 2864 tom.
2168 2811 2223 2866 1.
2256 2807 2347 2867 di-

804 2910 956 2980 sput.
989 2905 1048 2960 6.
1101 2907 1315 2978 quaest.
1359 2902 1413 2957 1.
1451 2907 1652 2977 punct.
1694 2903 1752 2958 5.
1786 2901 2053 2979 proposit.
2085 2904 2144 2960 2.
2190 2921 2252 2960 n.
2286 2905 2344 2963 t.

801 3008 852 3056 st
879 3014 1032 3072 seqq.

919 3087 1032 3149 His
1060 3085 1301 3166 positis,
1328 3084 1677 3166 quaeritur:

918 3183 1016 3243 An
1041 3192 1246 3242 constet
1289 3182 1355 3241 dc
1384 3180 1792 3242 «irrationabili
1822 3181 2040 3259 judicio
2080 3182 2352 3266 Episcopi

802 3281 867 3340 in
893 3298 1028 3339 casu
1053 3288 1153 3337 etc.

910 3470 1063 3522 sacra
1086 3466 1284 3533 Cougr.
1308 3464 1396 3517 die
1417 3466 1505 3516 18.
1531 3465 1856 3533 Septembris
1880 3466 2034 3520 1728.
2059 3468 2355 3537 respondit:

978 3552 1271 3623 Negative,
1301 3565 1353 3605 et
1379 3552 1633 3621 amplius.

1211 3729 1570 3807 QUAES‘no
1627 3729 1954 3793 cccxw.

806 3937 881 3998 Iu
908 3936 1102 3997 Causa
1125 3932 1526 4012 *Herbipotmi
1544 3942 1644 4004 ‚et
1669 3931 1941 3993 Fuldomi
1972 3932 2348 4007 Concordiae,

1217 4027 1306 4087 die
1334 4031 1434 4087 28.
1467 4028 1715 4105 Aequus
1750 4031 1923 4088 1723.

793 4168 974 4281 Post
998 4216 1240 4297 longam
1260 4213 1427 4276 litem
1455 4232 1675 4294 magno
1700 4213 2017 4294 utriusque
2044 4216 2231 4295 partis
2259 4215 2347 4278 di-

797 4310 1048 4392 spendio
1072 4357 1089 4380 ,
1132 4317 1192 4370 et
1225 4308 1457 4388 magnis
1489 4309 1832 4369 animorum
1862 4308 2125 4370 motibus
2152 4309 2345 4391 agita-

799 4416 922 4467 tam
958 4403 1021 4463 in
1054 4404 1242 4463 Rotae
1269 4399 1588 4462 Auditorio
1615 4399 1775 4461 inter
1802 4401 2158 4481 Episcopum
2187 4402 2345 4465 Her·

794 4497 1199 4578 bipolensem,
1232 4505 1293 4558 et
1316 4495 1613 4557 Abbatem
1644 4494 1691 4555 F
1697 4493 2004 4556 uldensem
2036 4516 2217 4576 super
2252 4499 2350 4579 ju-

796 4591 1144 4654 risdictione
1171 4589 1233 4651 in
1280 4588 1424 4651 locis
1450 4588 1534 4649 cis
1560 4590 1816 4650 Amnem
1844 4588 2073 4650 Fuldae
2100 4590 2340 4669 positi8‚

797 4697 859 4748 et
899 4686 963 4746 in
1002 4704 1126 4767 qua
1157 4683 1361 4745 Abbas
1395 4682 1584 4744 victor
1620 4681 1841 4757 evasit,
1871 4702 2010 4744 cum
2052 4691 2171 4744 tres
2215 4686 2345 4766 ejus

798 4780 1006 4843 favore
1023 4776 1437 4839 emanaverint
1451 4774 1794 4837 Sententiae
1811 4775 2147 4838 conformes
2163 4795 2346 4857 super

792 4871 1212 4956 jurisdictione
1257 4870 1426 4951 quasi
1478 4869 1818 4950 Episcopali
1841 4914 1860 4942 ,
1906 4880 1967 4931 et
2011 4870 2345 4933 Territorio

803 4966 1061 5050 perfecte
1096 4972 1371 5044 separato
1407 4983 1528 5026 una
1555 4983 1692 5025 cum
1721 4962 1975 5043 positiva
2001 4964 2346 5028 exclusione

795 5059 1073 5141 Episcopi
1101 5056 1587 5137 Herbipolensis,
1614 5057 1935 5118 deventum
1985 5058 2223 5120 tandem
2257 5066 2345 5121 est

795 5155 873 5218 ad
922 5151 1316 5215 Concordiam
1363 5150 1478 5211 sub
1529 5151 1933 5213 reservatione
1974 5151 2340 5232 Beneplaciti

796 5245 1156 5329 Apostolici;
1183 5245 1404 5306 nedum
1440 5245 1661 5305 etenim
1688 5243 1995 5323 privatae,
2027 5246 2131 5306 sed
2158 5244 2342 5308 etiam

797 5341 1077 5423 publicae
1101 5339 1292 5420 quieti
1331 5338 1656 5401 convenire
1682 5337 2092 5401 existimatum
2122 5346 2242 5413 est,
2276 5347 2346 5403 ut

801 5436 1108 5515 Principes
1154 5427 1547 5496 Ecclesiastici
1595 5432 1925 5506 Territoria
1973 5432 2346 5499 contermina

2468 734 2611 792 dum
2646 734 2824 794 vicini
2859 736 3086 796 nullam
3130 738 3391 796 habeant
3439 738 3593 798 inter
3629 758 3689 798 se
3735 738 4011 818 litigandi

2469 830 2870 902 o‹·:casionem;
2916 840 2980 890 ut
3024 842 3223 890 autern
3269 834 3737 892 Eminentissimi
3781 838 4011 906 Patres,

2468 925 3038 1002 quoi-umjudicium
3070 928 3409 1004 exposcitur
3439 948 3545 1004 pro
3575 930 4009 1008 approbatione

2468 1017 2862 1088 Concordiae,
2888 1022 3090 1080 omnia
3118 1022 3192 1080 ad
3225 1042 3347 1080 rem
3383 1022 3659 1083 facientia
3687 1024 3799 1082 sub
3825 1024 4011 1084 oculis

2470 1112 2760 1186 habeant,
2798 1124 2964 1172 tenor
2994 1114 3357 1174 Concordiae
3385 1136 3491 1194 per
3517 1126 3827 1176 extensum
3851 1118 4017 1178 exhi-

2466 1206 2672 1278 betur,
2700 1228 2818 1268 una
2844 1230 2979 1268 cum
3010 1210 3317 1270 Relatione
3341 1212 3653 1272 Secretarii
3685 1214 3759 1272 ad
3785 1212 4007 1272 calcem

2465 1302 2780 1380 impressa,
2818 1304 2876 1360 in
2910 1324 3028 1382 qua
3062 1314 3176 1364 tota
3205 1304 3509 1384 judicialis
3537 1306 3747 1378 series,
3781 1316 3837 1366 et
3865 1306 4011 1378 alia,

2462 1416 2616 1474 quae
2654 1398 2802 1456 scitu
2844 1408 3182 1476 opportuna
3221 1400 3343 1458 visa
3387 1410 3559 1470 sunt,
3591 1412 3997 1478 exponuntur.

2411 1524 2412 1529 κ
2460 1489 2648 1550 Porro
2692 1492 2750 1550 in
2802 1490 2912 1550 hac
2962 1490 3433 1572 Congregatione
3475 1494 3665 1554 Causa
3719 1514 3835 1554 non
3891 1494 4009 1556 fuit

2462 1586 2794 1662 proposita,
2826 1586 2926 1644 scd
2968 1588 3291 1664 propositio
3325 1586 3479 1648 facta
3509 1598 3595 1648 est
3625 1588 3687 1648 in
3733 1588 4005 1668 sequenti

2460 1676 2928 1758 Congregatione
2958 1680 3162 1740 habita
3192 1683 3279 1740 die
3323 1688 3415 1742 18.
3453 1682 3729 1761 Septem-b.
3765 1686 4005 1760 ejusdem

2460 1774 2602 1832 αηηί
2628 1820 2642 1842 ‚
2694 1774 3114 1852 disputatoque
3153 1776 3339 1836 dubio
3381 1798 3459 1836 an
3505 1776 3825 1838 Concordia
3873 1790 4003 1838 esset

2460 1868 2842 1944 confirmanda
2872 1870 2932 1924 in
2960 1888 3092 1928 casu
3128 1880 3227 1926 etc.
3261 1870 3445 1930 dilata
3473 1870 3589 1930 suit
3619 1870 3923 1942 resolutis),
3947 1880 4005 1932 et

2458 1960 2682 2020 dictum
2702 2010 2716 2030 ,
2744 1962 2904 2040 quod
2936 1962 3297 2022 scriberetur
3317 1968 3493 2043 juxta
3519 1966 4005 2028 Instructionem.

2582 2056 2898 2114 Instructio
2942 2068 3188 2118 exarata
3235 2058 3381 2130 fuit,
3429 2070 3489 2118 et
3536 2064 3885 2122 transmissa
3929 2064 4009 2126 ad

2456 2148 2812 2228 Episcopum
2848 2150 3375 2228 Herbipolensem,
3403 2164 3459 2214 et
3491 2154 3901 2218 instructionis
3933 2168 4013 2220 te-

2460 2262 2570 2302 nor
2600 2264 2704 2322 pet·
2730 2254 3040 2304 extensum
3074 2246 3331 2306 refertur
3359 2246 3421 2304 in
3449 2249 3701 2326 supplici
3735 2252 4015 2330 ejusdem
4043 2293 4044 2297 =

2460 2338 2730 2418 Episcopi
2788 2338 2994 2398 libello
3052 2360 3156 2418 per
3215 2362 3425 2402 manus
3478 2342 3953 2406 circumferendo
3985 2392 4001 2408 .

2456 2432 2888 2492 Circumfertur
2918 2434 3096 2494 etiarn
3126 2432 3279 2492 alius
3307 2436 3559 2512 supplex
3603 2436 3845 2498 libellus
3877 2442 4003 2500 Ab·

2458 2526 2612 2584 hatis
2646 2526 2992 2596 Fuldeusiffi
3026 2536 3084 2586 et
3118 2536 3373 2606 uterque
3403 2540 3615 2590 exorat
3643 2552 3751 2608 pro
3783 2533 4014 2594 confir-

2458 2624 2718 2680 matione
2748 2620 3142 2694 Concordiae3
3192 2632 3559 2700 quapropter
3593 2646 3881 2704 perpensa
3911 2650 4009 2690 re·-

2456 2714 2678 2772 latione
2704 2716 2928 2774 Causae
2970 2736 3152 2792 supra
3186 2728 3545 2789 memorata,
3581 2740 3871 2798 perpenso
3925 2732 4013 2784 te-

2454 2828 2600 2868 nore
2622 2810 3036 2868 [astructionis
3058 2811 3457 2888 supradictae,
3483 2816 3853 2894 caeterisque
3880 2838 4011 2898 per-

2458 2902 2652 2980 pensis
2668 2948 2682 2974 ,
2706 2920 2860 2980 quae
2881 2902 2958 2962 ab
2982 2910 3237 2980 utraque
3257 2914 3423 2982 parte
3443 2906 3803 2982 afferuntur,
3830 2928 4013 2990 quae-

2396 3024 2397 3027 *
2456 2996 2646 3054 titur:

2576 3091 2670 3147 An
2696 3091 2990 3149 concordia
3018 3093 3090 3147 sit
3118 3093 3503 3171 confirmanda
3531 3097 3593 3153 in
3623 3115 3757 3157 casu
3785 3109 3887 3159 etc.

2564 3285 2714 3333 Sacra
2742 3283 2936 3347 Congr.
2970 3281 3056 3331 die
3080 3283 3128 3329 9.
3162 3283 3491 3349 Septembris
3523 3287 3682 3335 172³.
3707 3291 4013 3355 respondit:

2636 3371 2830 3419 Dilata
2846 3407 2858 3431 ,
2890 3381 2938 3419 et
2966 3381 3281 3435 expectetur
3303 3389 3471 3423 novus
3497 3373 3815 3443 Episcopus.

2458 3553 2680 3611 Relatio
2712 3549 2928 3609 Causae
2958 3547 3323 3627 Herboe'polcn.
3359 3571 3453 3609 seu
3479 3551 3717 3613 Fulcien.
3747 3555 4011 3617 lor—isdi-

2538 3645 2734 3703 aionis
2770 3653 2998 3701 extensa
3040 3663 3074 3701 a
3106 3641 3423 3701 Secretario
3467 3641 3679 3724 (postea
3705 3647 4028 3713 Benedicta.

2540 3739 2704 3815 Papa
2742 3737 2826 3794 X!
2840 3734 2930 3813 V.)
2960 3755 3062 3813 pro
3100 3737 3353 3811 faciliori
3379 3743 3637 3799 examine
3667 3745 4007 3815 instantiae,

2538 3853 2678 3909 quac
2710 3835 2770 3887 in
2796 3829 2980 3889 Sacra
3012 3829 3449 3907 Conpreyationc
3475 3839 3809 3913 proponitur
3841 3857 4011 3917 super
4113 3855 4122 3861 '

2538 3927 2934 4005 approba-tione
2979 3923 3323 3983 Concordiae
3365 3927 3543 3986 initae
3585 3931 3733 3987 inter
3769 3929 4011 4009 Episco-

2534 4041 2668 4101 pum
2698 4019 3184 4097 Herbipolcnscm,
3216 4030 3265 4077 et
3293 4021 3561 4081 Abbalem
3591 4023 3941 4085 Fuldemcm.

2458 4151 2646 4267 Cum
2672 4225 2830 4267 anno
2859 4209 3028 4265 1662.
3054 4205 3313 4265 Joannes
3343 4205 3657 4287 Philippus
3677 4211 4005 4293 Episcopus

2452 4301 2904 4379 Ilerbipolensis
2934 4299 3317 4359 concordiam
3347 4301 3575 4363 fecisset
3601 4323 3737 4363 cum
3765 4307 4003 4371 Abbate

2452 4393 2766 4461 Fuldcnsi,
2798 4401 2856 4453 et
2888 4391 2948 4449 in
2982 4411 3052 4451 ea
3080 4391 3469 4465 declarasset,
3501 4396 3821 4459 Abbatiam
3853 4401 4001 4461 Ful-

2450 4489 2692 4549 densem
2720 4506 2844 4547 esse
2878 4485 3106 4545 nullius
3128 4485 3459 4559 DioecesiS,
3489 4497 3547 4549 ct
3569 4491 3813 4563 Abbati,
3841 4495 4001 4575 ejus-

2450 4603 2568 4661 que
2600 4601 2704 4659 pro
2748 4589 3014 4657 tempore
3042 4581 3481 4641 successoribus
3517 4583 3999 4661 jurisdictionem

2448 4675 2834 4737 Ordinariam
2870 4673 3233 4753 privativam
3278 4673 3339 4733 in
3369 4675 3575 4735 eadem
3605 4679 3897 4753 Abbatia,
3939 4691 4001 4745 et

2452 4773 2512 4831 in
2538 4771 2700 4829 illius
2724 4769 2998 4839 Clerum,
3028 4777 3086 4827 et
3110 4767 3405 4847 Populum
3435 4771 3699 4831 cessisset
3717 4793 3837 4835 una
3859 4793 4001 4837 cum

2448 4865 2728 4925 facultate
2748 4861 3138 4941 cognoscendi
3164 4861 3385 4923 Causas
3405 4863 3623 4925 Civiles
3635 4909 3655 4939 ,
3681 4867 3999 4929 Matrimo-

2450 4959 2636 5019 niales
2654 5005 2668 5029 ,
2702 4957 3058 5019 Criminales
3078 5001 3094 5027 ,
3122 4955 3505 5017 Beneficiales
3523 5005 3537 5027 ,
3561 4967 3621 5019 et
3647 4959 3795 5021 alias
3815 4983 3997 5041 quas-

2446 5073 2704 5131 cumque
2732 5051 3154 5111 ecclesiasticas
3172 5095 3188 5121 ,
3245 5069 3349 5109 nec
3377 5069 3495 5111 non
3529 5051 3903 5129 instituendi,
3927 5077 3999 5119 ac

2448 5145 2842 5217 destituendi,
2876 5143 3194 5216 visitandi,
3225 5143 3535 5223 Synodum
3559 5151 3995 5227 congregandi,
4028 5173 4037 5191 ·

2448 5253 2504 5301 et
2534 5239 2892 5319 generaliter
2926 5237 3211 5315 explendi
3243 5239 3445 5299 omnia
3487 5239 3607 5300 alia
3643 5241 3717 5301 ad
3745 5243 3997 5323 jurisdi-

2450 5335 2706 5397 ctionem
2744 5333 2914 5411 quasi
2947 5331 3357 5411 Episcopalem
3403 5333 3793 5409 pertinentia,
3827 5337 3999 5399 nullo

2448 5447 2690 5511 prorsus
2714 5429 2852 5509 jure
2896 5445 3076 5507 penes
3110 5445 3172 5487 se
3209 5435 3471 5499 retentu,
3503 5445 3609 5487 seu
3655 5441 3959 5493 reservato
3971 5477 3993 5507 ‚
