4393 6299
971 464 1080 519 2·ss

1962 459 2403 533 QUAESTIONES
2441 463 2797 519 csuoutcAE

763 621 948 701 pena,
972 640 1074 709 con
1095 620 1225 699 quel
1249 635 1478 693 numero
1503 617 1565 676 di
1583 616 1763 678 Messe
1789 665 1805 688 ,
1839 618 1937 678 che
1962 622 2311 697 potr-dovere
2345 605 2374 661 ⁴⁶
2423 618 2518 697 [ar
2548 621 2681 698 oqui
2709 638 2884 685 anno,
2904 610 3146 697 l'uffizt‘o
3186 598 3342 677 nella
3381 612 3548 676 Festa
3575 626 3678 678 otc.
3709 634 3815 677 eon
3842 613 3974 695 qud

766 720 831 775 in
849 717 997 776 detto
1025 718 1222 796 qiorno
1244 714 1304 773 di
1328 710 1395 772 S.
1432 711 1645 771 Pietro.

886 811 1125 871 Mortuo
1165 808 1339 868 Petro
1390 804 1628 866 Gentile
1681 804 1976 876 Berardo‚
2028 804 2311 866 Eufrasia

772 903 1053 964 transivit
1078 900 1156 964 ad
1202 898 1460 960 secunda
1493 907 1630 958 vota
1656 917 1791 959 cum
1822 897 2037 959 Carolo
2080 896 2308 959 Picini·

768 1015 848 1056 no
875 1042 891 1070 ,
922 1015 1100 1076 quem
1147 993 1401 1054 subinde
1427 992 1741 1052 haeredem
1774 1012 1951 1053 suum
2003 991 2258 1053 instituit
2297 1039 2313 1060 ,

771 1099 833 1152 et
871 1088 1261 1170 sequentibus
1303 1086 1591 1147 oneribus
1615 1086 1930 1166 gravavit,
1961 1086 2101 1146 Item
2134 1088 2313 1147 tuscia

768 1205 852 1246 un
888 1184 1069 1264 offizio
1102 1183 1141 1241 l'
1162 1200 1312 1242 anno
1339 1180 1400 1239 di
1432 1180 1573 1240 disci
1601 1180 1785 1241 Messe
1810 1200 1910 1261 per
1935 1181 1973 1239 l'
1995 1183 2188 1241 anima
2208 1199 2315 1240 sua

769 1281 1010 1340 duranto
1036 1279 1093 1339 la
1112 1279 1230 1337 vita
1258 1275 1347 1335 del
1375 1273 1590 1353 Sequor
1616 1272 1791 1335 Carlo
1815 1276 1969 1335 nella
1995 1274 2317 1354 mpradcua

773 1372 978 1435 Cilissa
1000 1373 1062 1431 di
1087 1370 1158 1432 S.
1204 1369 1627 1431 Francesco-do'
1646 1370 1855 1428 minori
1898 1367 2314 1430 conventuali.

767 1466 910 1529 Item
931 1469 1107 1527 tuscia
1152 1486 1234 1525 un
1268 1464 1449 1545 offizio
1494 1465 1533 1523 l'
1555 1483 1706 1524 anno
1731 1465 1794 1521 di
1822 1463 1965 1524 dicei
1990 1463 2172 1524 Messe
2217 1483 2320 1543 por

773 1562 813 1620 Γ
827 1562 1031 1622 anima
1052 1560 1141 1621 det
1174 1557 1299 1637 Siq.
1343 1557 1481 1617 Pier
1525 1554 1744 1617 Gentilo
1786 1554 2035 1617 Berardi
2064 1557 2139 1617 da
2168 1558 2317 1634 sarsi

769 1656 927 1715 nella
948 1650 1269 1733 soprudotta
1297 1650 1501 1713 Chim
1522 1652 1583 1711 di
1604 1649 1673 1711 8.
1700 1644 2005 1717 Francosco
2025 1652 2109 1711 do
2120 1650 2320 1713 Mino-

770 1751 830 1810 ri
861 1747 1255 1810 conuenienti.

894 1841 1187 1904 Defuncto
1214 1838 1428 1901 Carolo
1457 1838 1751 1909 Picinino,
1776 1859 1882 1900 nec
1913 1857 2032 1900 non
2059 1839 2330 1913 subinde,

775 1934 1057 1998 defuncto
1085 1934 1409 1994 Vincentio
1442 1933 1569 2013 ejus
1597 1931 1756 1995 Filio
1782 1978 1798 2004 ,
1846 1933 2125 1995 universa
2159 1933 2316 1994 bona

775 2029 1149 2091 devenerunt
1175 2029 1239 2089 in
1266 2027 1704 2088 Bernardinam
1749 2027 2081 2087 Picininam
2120 2025 2319 2089 Caroli

778 2121 968 2185 filiam
994 2168 1011 2196 ,
1040 2142 1197 2203 quae
1219 2142 1353 2184 cum
1382 2121 1690 2184 habuisset
1717 2140 2023 2182 recursum
2058 2120 2320 2187 adbanc

774 2216 1017 2279 Sacram
1049 2216 1607 2297 Congregationem,
1627 2214 2024 2295 exquirendo,
2047 2236 2126 2278 an
2158 2235 2324 2296 prae·

775 2311 931 2373 dicta
963 2309 1159 2393 legata
1194 2318 1410 2378 essent,
1446 2329 1553 2370 nec
1582 2330 1656 2370 ne
1682 2320 1988 2389 perpetua,
2022 2310 2311 2390 scriptum

777 2403 895 2466 fuit
914 2406 1089 2486 juxta
1114 2418 1339 2465 morem
1365 2403 1656 2484 Episcopo
1684 2403 2061 2466 Camerinen.
2092 2423 2203 2484 pro
2231 2404 2326 2464 in·

778 2498 1183 2571 formatione,
1214 2506 1273 2560 et
1307 2506 1477 2559 voto.

882 2593 1224 2673 Episcopus
1243 2591 1571 2672 respondit,
1594 2591 1756 2672 quod
1777 2556 2012 2677 praeter
2036 2595 2324 2673 Legatum

782 2687 861 2750 ab
886 2686 1165 2750 Eufrasia
1196 2686 1509 2757 relictum,
1555 2694 1614 2747 et
1651 2688 1987 2750 restrictum
2016 2687 2093 2749 ad
2143 2688 2327 2748 vitam

778 2780 979 2843 Caroli
1009 2780 1263 2843 Picinini
1287 2826 1304 2853 ,
1335 2782 1575 2842 durante
1606 2783 1665 2841 la
1689 2784 1808 2842 vita
1830 2782 1922 2842 dol
1944 2784 2162 2861 siqnoro
2186 2781 2330 2844 Car-

783 2877 859 2963 lo,
888 2883 1119 2963 caetera
1150 2874 1265 2936 sibi
1295 2875 1657 2937 videbantur
1687 2885 1997 2954 perpetua,
2027 2884 2152 2937 tum
2182 2879 2331 2957 quia

781 2970 1115 3032 Testatores
1151 2969 1373 3050 pingue
1420 2968 1848 3049 patrimonium
1905 2969 2282 3050 reliquerunt
2308 3019 2327 3048 ,

780 3062 923 3127 licet
955 3064 1104 3125 illud
1135 3063 1316 3148 bodie
1358 3058 1445 3126 sit*
1463 3063 1829 3125 diminutum
1860 3112 1875 3133 ,
1921 3073 2050 3125 tum
2079 3066 2224 3146 quia
2253 3087 2330 3129 ex

781 3160 1153 3226 testamentis
1180 3159 1517 3220 desumitur
1548 3206 1564 3231 ,
1593 3159 1755 3240 quod
1780 3161 2025 3240 quando
2061 3162 2327 3225 Testato-

780 3247 878 3315 res
907 3253 1266 3321 voluerunt,
1308 3253 1472 3333 quod
1515 3253 1722 3333 aliqua
1768 3247 2113 3324 Missurum
2134 3255 2330 3336 legata

782 3359 978 3409 essent
1016 3359 1435 3455 temporanea,
1479 3347 1542 3408 id
1585 3347 1878 3427 expressis
1906 3349 2109 3410 verbis
2157 3343 2330 3413 dissxe-

783 3449 951 3526 rnnt,
983 3441 1153 3521 quasi
1187 3441 1348 3521 quod
1377 3441 1523 3502 hinc
1549 3440 1866 3514 inferatur,
1892 3443 2051 3522 quod
2077 3445 2323 3526 quando

784 3531 908 3595 non
939 3533 1260 3605 dixerunt,
1290 3533 1659 3605 voluerunt,
1691 3534 1854 3613 quod
1896 3535 2086 3616 legata
2136 3547 2333 3601 essent

786 3636 1114 3707 perpetua,
1148 3637 1207 3687 et
1248 3626 1575 3707 Episcopus
1605 3628 1843 3689 tandem
1895 3628 1957 3705 in
1986 3649 2109 3691 sua
2141 3629 2332 3692 infor-

786 3721 1055 3782 matione
1080 3721 1314 3782 monuit
1333 3721 1601 3783 citandos
1628 3741 1753 3783 esse
1775 3731 1898 3783 tam
1931 3724 2133 3796 Patres
2175 3725 2332 3787 Con·

785 3815 1149 3898 gregationis
1175 3816 1235 3876 S.
1273 3814 1533 3894 Philippi
1563 3863 1580 3888 ,
1612 3836 1801 3896 quam,
1827 3819 2029 3880 Patres
2066 3820 2333 3902 Minores

786 3908 1222 3982 Conventuales
1266 3907 1554 3970 Fabriani
1582 3955 1598 3981 ,
1630 3912 1690 3970 in
1742 3929 2001 3990 quorum
2044 3913 2327 3975 Ecclesiis

787 4004 1005 4065 Missae
1031 4013 1170 4065 sunt
1200 4002 1622 4064 celebrandae.
1730 4081 1735 4088 „

908 4098 1045 4159 Post
1065 4107 1358 4177 receptam
1380 4097 1651 4179 Episcopi
1675 4099 2183 4172 informationem,
2204 4122 2335 4183 pro-

794 4190 985 4272 posita
1005 4189 1118 4250 fuit
1143 4194 1229 4250 etio
1254 4196 1346 4251 11.
1375 4191 1536 4269 Maji
1565 4197 1734 4253 1720.
1765 4193 2049 4256 instantia
2073 4198 2334 4258 haecin-

798 4292 889 4346 ter
914 4284 1243 4344 summaria
1279 4302 1524 4363 precum
1555 4333 1571 4355 ,
1614 4295 1675 4347 et
1702 4286 1926 4347 dictum
1959 4287 2075 4349 suit
2099 4334 2116 4362 ,
2166 4291 2326 4369 quod

780 4387 1184 4459 proponeretur
1208 4379 1270 4435 in
1295 4378 1455 4454 solio,
1486 4380 1674 4440 citatis
1692 4382 1975 4459 partibus,
2002 4383 2329 4461 expeditis-

789 4490 909 4552 que
945 4471 1123 4553 juxta
1154 4489 1382 4531 morem
1421 4469 1808 4534 citationibus
1833 4517 1851 4545 ,
1901 4465 2218 4554 quaeritur
2266 4475 2330 4537 in

788 4565 1125 4647 praesenti,
1155 4583 1231 4626 an
1265 4564 1460 4647 legata
1483 4567 1786 4645 praedicta
1828 4568 1949 4630 sint
1997 4578 2283 4650 perpetua
2314 4618 2331 4642 ,

787 4658 882 4721 vel
911 4669 1325 4738 temporanea.

905 4754 1099 4815 Maria
1133 4750 1508 4813 Bernardina
1555 4754 1860 4816 contendi-t
1883 4800 1902 4844 ,
1946 4757 2107 4835 quod
2145 4758 2332 4840 Lega-

788 4857 917 4911 tum
942 4847 1217 4909 relictum
1247 4865 1283 4907 a
1312 4846 1486 4908 Petro
1513 4846 1737 4909 Gentili
1783 4850 2047 4912 Berardo
2093 4871 2215 4913 non
2243 4849 2336 4915 'sit

788 4952 1177 5024 perpetuum,
1213 4940 1316 5001 sed
1343 4941 1505 5021 quod
1536 4941 1720 5003 fuerit
1747 4944 2087 5005 restrictum
2115 4947 2190 5008 ad
2243 4947 2337 5009 vi·

786 5048 912 5100 tam
934 5034 1245 5097 Eufrasiae
1276 5033 1512 5107 Uxoris,
1542 5034 1681 5098 licet
1708 5035 1871 5096 enim
1904 5037 1966 5097 in
1995 5039 2206 5100 eodem
2228 5040 2340 5102 ha-

790 5119 1047 5192 beantur
1075 5128 1224 5190 baec
1246 5128 1429 5190 verba
1449 5132 1736 5207 oqn'anno
1753 5179 1770 5201 ,
1801 5150 1938 5192 cum
1962 5130 2226 5214 legatum
2256 5144 2340 5197 ta-

794 5244 929 5284 men
948 5223 1025 5285 sit
1048 5223 1390 5285 restrictum
1413 5223 1490 5284 ad
1522 5222 1972 5306 infrascriptum
1992 5226 2336 5299 haeredem,

789 5318 952 5398 quod
998 5329 1087 5379 est
1142 5316 1299 5378 idem
1338 5337 1407 5379 ac
1457 5315 1653 5379 dicere
1695 5320 1771 5381 ad
1813 5320 2195 5394 Eufrasiam,
2247 5324 2342 5383 cho

795 5413 834 5473 l'
854 5412 1212 5489 infrascritta
1248 5432 1362 5472 sua
1406 5410 1591 5473 &roae
1638 5416 1727 5475 sia
1777 5425 2003 5486 nauta,
2039 5436 2067 5476 ο
2093 5417 2346 5495 obliqata

2418 733 2651 774 numero
2671 715 2733 773 di
2756 714 2958 782 Mosco,
2976 712 3072 772 che
3089 715 3256 790 potrd
3273 729 3456 782 αυσνο,
3477 711 3775 774 restrictio
3797 729 3977 792 prae-

2419 808 2577 871 dicta
2604 798 2871 871 excludit
2891 805 3348 887 perpetuitatem
3374 847 3390 865 .

2535 901 2854 967 Contendit
2874 920 3118 982 quoque
3144 898 3336 961 Maria
3372 899 3739 961 Bernardin'a
3758 945 3775 971 ,
3802 897 3967 978 quod

2427 998 2715 1077 Legatum
2739 997 3017 1058 relictum
3036 995 3116 1056 ab
3133 993 3414 1055 Eufrasia
3443 1012 3554 1073 pro
3584 994 3787 1054 anima
3814 991 3972 1054 Petri

2425 1089 2680 1152 Gentilis
2719 1090 2903 1152 fuerit
2932 1087 3269 1149 restrictum
3304 1086 3380 1147 ad
3417 1086 3603 1147 vitam
3635 1085 3832 1148 Caroli
3879 1104 3973 1147 se-

2430 1184 2611 1246 cundi
2638 1185 2775 1246 Viri
2803 1230 2818 1257 ,
2849 1183 2995 1263 quia
3040 1182 3176 1243 licet
3205 1181 3505 1243 restrictio
3548 1198 3822 1259 expresse
3857 1196 3981 1240 nou

2425 1278 2609 1341 fuerit
2629 1278 2927 1358 apposita,
2953 1276 3288 1338 virtualiter
3313 1281 3512 1337 tamen
3536 1274 3597 1334 in
3627 1279 3979 1335 testamento

2426 1372 2791 1441 continetur,
2830 1381 2957 1432 turn
2986 1370 3131 1450 quia
3158 1370 3445 1449 Legatum
3482 1386 3591 1446 pro
3622 1366 3840 1428 Anima
3866 1366 3980 1431 Pe-

2430 1467 2506 1529 tri
2534 1465 2801 1528 Gentilis
2827 1472 2918 1528 est
2966 1464 3311 1527 immediate
3353 1446 3874 1533 continuativum,
3920 1465 3985 1524 et

2427 1581 2764 1624 connexum
2790 1580 2893 1639 per
2917 1558 3272 1639 particulam
3296 1560 3425 1618 item
3446 1576 3584 1618 cum
3605 1554 3979 1634 praecedenti

2429 1657 2650 1737 Legato
2678 1702 2694 1730 ,
2723 1657 2885 1737 quod
2917 1650 3261 1717 litteraliter
3286 1660 3375 1714 est
3416 1650 3756 1713 restrictum
3783 1650 3859 1712 ad
3890 1649 3984 1712 vi-

2430 1761 2552 1813 tam
2572 1751 2769 1812 Caroli
2795 1751 3038 1829 duranto
3065 1750 3122 1810 la
3152 1750 3272 1808 vita
3305 1748 3395 1809 det
3431 1745 3560 1824 Siq.
3601 1743 3649 1805 C
3650 1746 3779 1805 arlo
3801 1788 3817 1816 ,
3851 1752 3984 1804 tum

2427 1845 2574 1926 quia
2595 1847 2860 1925 primum
2884 1844 3147 1925 legatum
3161 1840 3511 1905 litteraliter
3534 1839 3874 1900 restrictum
3898 1837 3980 1899 ad

2430 1943 2617 2002 vitam
2643 1939 2840 2001 Caroli
2872 1932 2976 2000 est'
3012 1936 3121 2019 pro
3172 1935 3378 1999 anima
3420 1932 3608 2014 ipsius
3629 1931 3986 1995 Testatricis

2430 2056 2527 2115 por
2563 2038 2602 2095 Γ
2623 2038 2996 2107 animm,
3022 2052 3148 2113 quo
3173 2038 3388 2099 stante,
3424 2049 3499 2091 ne
3520 2027 3800 2090 dicatur
3782 2046 3977 2107 ipsam

2432 2129 2619 2211 magis
2650 2127 2929 2217 dilexisse
2962 2127 3232 2189 animam
3250 2123 3342 2185 sui
3377 2123 3555 2203 primi
3577 2121 3752 2192 Viri,
3782 2139 3973 2201 quam

2433 2222 2781 2303 propriam,
2815 2220 3136 2282 dicendum
3168 2218 3318 2291 erit,
3344 2216 3507 2296 quod
3534 2215 3862 2276 secundum
3887 2213 3976 2275 le-

2432 2325 2638 2398 gatum
2667 2316 2891 2379 factum
2919 2334 3027 2394 pro
3058 2313 3262 2376 anima
3295 2310 3472 2391 primi
3516 2309 3634 2371 viri
3660 2329 3780 2371 non
3809 2326 3984 2371 exce-

2434 2412 2535 2473 dat
2563 2411 2747 2473 vitam
2778 2408 2974 2471 Caroli
3003 2406 3246 2469 secundi
3271 2402 3406 2466 Viri
3434 2449 3450 2465 .

2551 2506 2664 2566 His
2697 2504 2997 2571 stantibus
3016 2500 3382 2581 ,quaeritur
3405 2519 3420 2560 z

2475 2610 2481 2616 ’
2552 2600 2602 2659 Ι.
2652 2602 2747 2660 An
2773 2598 3051 2678 Leqatum
3080 2597 3243 2657 Petri
3274 2593 3518 2656 Gentilis
3547 2595 3623 2654 sit
3662 2599 3991 2673 perpetuum

2435 2697 2499 2755 in
2527 2714 2661 2755 casu
2683 2737 2698 2752 .
2913 2724 2920 2731 ,
2989 2726 2998 2730 ,

2551 2788 2635 2849 11.
2674 2788 2770 2848 An
2797 2786 3072 2866 Leqatum
3106 2783 3419 2862 Eusrmiae
3451 2784 3526 2844 sit
3552 2791 3880 2864 perpetuum
3924 2781 3992 2839 in

2435 2905 2606 2947 casu.

2544 3077 2696 3128 Sacra
2721 3074 2916 3136 Congr.
2948 3071 3033 3122 die
3065 3068 3147 3121 12.
3176 3068 3301 3122 Julii
3333 3067 3488 3119 1721.
3521 3063 3827 3132 respondit:

2614 3160 2709 3218 Ad
2738 3160 2978 3228 primum
3010 3156 3282 3225 negative.
3315 3154 3408 3208 Ad
3426 3152 3723 3228 secundum
3752 3153 3988 3219 legatum

2429 3267 2532 3320 pro
2559 3248 2748 3300 anima
2777 3244 3075 3314 Eustasiae
3101 3263 3210 3297 esse
3236 3243 3566 3312 temporale,
3597 3253 3651 3293 et
3672 3250 3994 3313 perpetuum

2429 3333 2532 3407 pro
2558 3335 2747 3388 anima
2784 3332 2944 3404 Petri
2979 3330 3236 3386 Gentius.

2869 3522 3229 3606 Quffisno
3283 3519 3550 3586 ccxm.

2515 3727 2586 3790 In
2624 3728 2815 3796 Causa
2845 3725 3160 3878 Ρονιοῖιοωί
3186 3721 3660 3808 Dispensationis,
3689 3720 3781 3779 die
3810 3722 3908 3778 12.

3063 3819 3174 3877 ulii
3221 3820 3395 3878 172¹.

2441 3951 2731 4072 Carolus
2772 3973 2880 4069 de
2871 4004 3207 4085 Coetlogon
3233 4004 3349 4065 Vir
3390 4002 3710 4064 nobilitate
3750 3996 3990 4079 conspi-

2439 4122 2625 4175 cuus,
2675 4102 2967 4182 cujusque
3017 4097 3249 4160 familia
3293 4096 3450 4157 inter
3488 4093 3840 4157 Britanniae
3877 4109 3991 4155 au-

2443 4197 2733 4278 tiquiores
2775 4193 3111 4273 adscripta,
3163 4187 3744 4270 consanguinitatis,
3785 4196 3848 4250 et
3892 4185 3987 4249 af·

2444 4289 2694 4352 finitatis
2726 4287 2972 4350 vinculo
2996 4287 3313 4367 conjuncta
3348 4294 3438 4345 est
3462 4301 3599 4344 cura
3629 4280 3990 4344 Illustriori-

2444 4386 2556 4447 bus
2575 4383 2761 4464 Regni
2793 4382 3084 4448 Franciae
3115 4377 3409 4450 Familiis,
3439 4375 3544 4438 t'el.
3575 4396 3693 4438 rec.
3725 4375 3996 4438 Clemen-

2439 4479 2481 4541 ti
2514 4480 2709 4558 Papae
2731 4477 2843 4538 XI.
2881 4473 3240 4555 supplicavit
3271 4490 3381 4552 pro
3408 4471 3851 4552 dispensatione
3880 4489 3986 4531 su-

2440 4594 2546 4655 per
2573 4581 2713 4635 voto
2758 4568 3163 4633 continentiae
3201 4584 3440 4628 annexo
3473 4563 3944 4627 Subdiaoonatui
3967 4608 3990 4637 ,

2438 4677 2498 4729 et
2524 4665 2884 4729 Diaconatni
2915 4683 2950 4726 a
2982 4682 3046 4725 se
3077 4680 3183 4742 pet¹
3206 4660 3334 4722 vim
3358 4704 3375 4732 ,
3406 4667 3465 4720 et
3493 4666 3719 4720 metum
3745 4676 3782 4719 a
3819 4657 3988 4719 Mar-

2438 4762 2652 4825 cbione
2677 4761 2854 4822 Patre
2882 4760 3185 4821 incussum
3207 4753 3478 4834 receptis,
3503 4761 3564 4815 et
3588 4772 3627 4816 a
3651 4750 3986 4817 Sanctitate

2441 4857 2560 4918 Sua
2588 4855 2834 4917 fuerunt
2858 4871 3058 4934 preces
3087 4849 3370 4913 remissae
3391 4847 3471 4910 ad
3495 4847 3654 4910 banc
3670 4846 3801 4909 Sac-
3828 4844 3989 4924 Con-

2442 4949 2847 5033 gregationem
2875 4989 2893 5007 .
3607 4975 3611 4980 -

2459 5061 2466 5086 ¹
2561 5044 2678 5104 Pro
2710 5040 3016 5104 suadendo
3043 5044 3227 5110 metu,
3249 5042 3311 5099 et
3332 5036 3579 5117 quidem
3606 5042 3789 5116 prout
3812 5052 3989 5114 opor·

2447 5145 2557 5210 tet,
2587 5156 2723 5198 cnm
2745 5134 3037 5216 qualitate
3060 5178 3078 5205 ,
3114 5130 3279 5211 quod
3313 5129 3522 5203 fuerit,
3547 5136 3741 5190 metus
3772 5128 3996 5190 cadens

2446 5231 2509 5292 in
2536 5238 2905 5292 constantem
2932 5228 3153 5295 virum,
3180 5223 3299 5285 fuit
3316 5222 3502 5286 allata
3523 5242 3560 5284 a
3593 5220 3809 5284 Cat-olo
3836 5221 3993 5285 Ora·

2451 5334 2577 5388 tore
2609 5323 2859 5404 epistola
2889 5323 2968 5385 ad
2997 5320 3255 5382 eundem
3284 5318 3601 5380 Summum
3640 5313 3995 5379 Pontificem

2449 5419 2669 5500 scripta
2690 5419 2770 5481 ab
2792 5413 3174 5480 Eminentissi
3182 5431 3279 5474 mo
3295 5413 3380 5473 Ι).
3396 5408 3702 5474 Cardinali
3721 5408 3797 5471 de
3815 5408 3994 5485 Bisst,
