4393 6299
929 437 1031 490 ¹32

1887 433 2334 505 QUAESTloflts
2369 426 2727 493 cmomcss

755 608 894 652 eum
924 588 1195 672 sequenti
1246 587 1739 671 onorejgravavit
1763 632 1778 648 .
1821 587 1965 651 Esse
2019 587 2299 651 Testatorc
2346 581 2360 672 Ι
2407 593 2621 653 tarium
2639 591 2704 649 in
2720 607 2844 669 cap.
2872 582 3066 650 Nimis
3087 603 3444 669 precanum.
3469 586 3571 645 Aa.
3594 583 3942 649 ο1.ηαηι.53.’

748 686 941 754 vuele,
996 683 1226 753 ordina,
1260 681 1619 754 scomanda,
1662 682 1779 754 cha,
1831 683 2049 759 sequitu
2082 682 2141 742 la
2187 700 2294 742 sua
2408 687 2472 746 dc
2502 703 2678 745 excas.
2723 682 2983 743 Praelat.

745 791 941 850 morte,
972 780 1061 839 sia
1087 788 1275 837 lanuto
1301 778 1351 835 il
1379 795 1482 835 suo
1511 777 1831 836 universale
1876 774 2062 833 Ersdc
2094 774 2156 833 ds·
2200 775 2296 852 far

744 873 1018 932 celebrare
1042 872 1142 932 dai
1167 869 1478 930 Reverendi
1518 867 1709 928 padri
1740 868 1801 927 di
1833 868 1981 927 detto
2025 866 2290 927 Venerab.

2521 775 2987 838 Procedentibus
3012 772 3331 836 contrariis
3356 770 3560 853 quoad
3609 769 3943 852 eleemosy-

2408 891 2513 932 nas
2546 870 2854 932 manuales
2888 870 3233 939 Missarum,
3265 886 3528 946 quarum
3574 865 3803 946 absque
3834 865 3949 926 du-

748 963 1028 1025 Conccnco
1047 965 1109 1023 di
1136 962 1204 1023 S.
1246 963 1421 1021 Rocco
1436 982 1561 1023 una
1584 961 1775 1023 Messa
1794 971 2028 1023 cantata
2046 980 2146 1039 per
2164 961 2297 1038 oqm'
2406 965 2505 1026 bio
2533 966 2770 1026 Fratres
2804 964 3010 1034 etiam,
3039 962 3147 1041 qui
3179 963 3344 1022 Bona
3379 959 3441 1020 in
3471 959 3779 1021 communi
3807 976 3945 1038 pos·

755 1058 989 1119 Vener-di-
1021 1058 1317 1118 dcll'anno
1357 1057 1421 1115 in
1455 1067 1784 1137 perpetuum
1829 1054 2175 1115 nell'Altarc
2210 1055 2300 1114 dol

752 1150 1010 1212 Glorioso
1038 1149 1106 1210 S.
1140 1149 1444 1211 Francesco
1471 1149 1533 1208 di
1555 1149 1739 1210 Pacta
1761 1196 1774 1218 ,
1807 1159 1908 1208 etc.
1940 1149 2087 1209 colla
2112 1150 2298 1209 carita

744 1247 809 1305 di
817 1247 1027 1306 carlini
1036 1246 1165 1323 cinq
1174 1264 1237 1304 ue
1246 1263 1346 1324 per
1360 1244 1728 1304 ciascheduna
1749 1243 1961 1314 Messa,
1975 1262 2002 1302 ο
2020 1263 2118 1322 per
2128 1244 2297 1321 fondo

749 1339 812 1398 di
854 1340 1001 1398 detto
1028 1337 1260 1416 ἱεροῖο,
1281 1357 1467 1417 possa,
1503 1358 1530 1397 c
1553 1340 1768 1416 vaqlia,
1805 1348 1962 1396 tanto
1991 1338 2136 1397 detto
2163 1334 2293 1396 Gio.

746 1433 961 1511 Anqslo
975 1434 1222 1511 quantoi
1239 1433 1364 1491 suoi
1391 1430 1594 1502 Eredi,
1624 1433 1859 1510 fondere
1887 1450 2021 1501 unc,
2039 1450 2072 1490 ο
2088 1434 2194 1510 piis
2211 1451 2301 1491 ca-

733 1529 917 1607 picati
926 1529 988 1585 di
1013 1528 1161 1587 censi
1192 1528 1378 1586 sicuri
1406 1526 1855 1605 corrispondenti
1878 1528 2003 1588 alla
2028 1525 2299 1604 soddisfa-

746 1623 907 1682 zionc
931 1622 1082 1683 della
1100 1621 1353 1701 preelecta
1372 1621 1559 1680 carim
1576 1621 1638 1680 di
1659 1621 1798 1680 «letes
1853 1620 2036 1682 Messe
2076 1629 2300 1681 cantato

746 1716 812 1774 in
839 1726 1192 1795 perpetuum,
1215 1735 1242 1774 c
1265 1715 1419 1774 nella
1448 1715 1785 1792 sondazione
1813 1715 1875 1774 di
1897 1716 2035 1774 detti
2059 1716 2300 1795 capitali

744 1811 1007 1889 facienda
1032 1830 1069 1870 α
1086 1829 1187 1868 suo
1225 1810 1490 1881 arbitrio,
1513 1811 1602 1870 sia
1626 1819 1817 1869 temno
1842 1811 1987 1869 dotto
2016 1806 2146 1868 Gio.
2170 1809 2294 1868 Απ-

749 1905 948 1981 9010st
979 1905 1003 1961 i
1026 1905 1150 1962 suoi
1184 1901 1362 1962 Eredi
1388 1903 1544 1980 far-vi
1577 1906 1918 1964 intervenire
1940 1905 1987 1962 il
2011 1903 2292 1964 Procura-

750 2007 890 2069 tor-e,
913 2017 945 2056 ο
976 1994 1314 2058 Guardiano
1340 2014 1446 2074 pro
1470 2005 1707 2077 tempore
1736 1997 1797 2055 di
1818 1998 1964 2056 delto
1989 1995 2292 2066 convento,

745 2093 899 2151 accio
924 2110 1036 2149 non
1063 2093 1228 2151 siano
1256 2092 1440 2149 tentati
1469 2092 1574 2151 all
1587 2093 1834 2152 evizionc
1867 2091 1947 2152 ἀί
1961 2093 2231 2206 capitali,
2262 2110 2296 2151 o

749 2187 1095 2245 annuatim.

871 2279 1076 2339 Patres
1130 2276 1473 2339 Conventus
1502 2278 1563 2338 S.
1594 2279 1839 2350 Rocchi,
1872 2279 1946 2341 de
1964 2279 2241 2360 quibus'
2223 2299 2285 2340 m

749 2371 1047 2451 particula
1089 2372 1486 2445 Testamenti,
1540 2382 1681 2434 sunt
1731 2376 1936 2435 Patres
1981 2374 2297 2435 strictioris

748 2465 1184 2527 observantiae
1217 2466 1421 2527 Sancti
1473 2467 1811 2542 Francisci;
1866 2488 2126 2549 cumque
2180 2471 2294 2531 sub

749 2560 998 2621 obtentu
1030 2561 1444 2641 incapacitatis
1495 2561 1794 2623 dictorum
1841 2562 2087 2624 Patrum
2138 2563 2292 2624 reci-

748 2655 952 2735 piendi
990 2655 1293 2735 praedicta
1322 2655 1624 2735 capitalia,
1645 2676 1752 2718 seu
1775 2676 2005 2733 census,
2036 2659 2296 2720 Ioannes

737 2748 1017 2829 ,Angelus
1046 2749 1190 2810 huic
1217 2749 1437 2811 Sacrae
1469 2750 1963 2833 Congregationis
1989 2753 2289 2834 supplica-

742 2843 908 2928 ·verit
934 2861 1042 2921 pro
1085 2841 1372 2903 facultate
1419 2843 1818 2906 transferendi
1853 2864 2007 2905 onus
2028 2846 2295 2908 celebra-

752 2935 931 2995 tionis
955 2935 1276 2996 Missarum
1293 2936 1369 2997 ad
1392 2937 1718 2999 Ecclesiam
1738 2937 2123 3019 Collegiatam
2147 2942 2291 3001 Ter·

752 3049 856 3090 rae
878 3030 1191 3103 Liberaui,
1221 3031 1285 3091 in
1315 3050 1437 3111 qua
1467 3031 1658 3093 dictus
1680 3033 2021 3094 Conventus
2045 3035 2291 3095 Patrum

750 3122 951 3185 Sancti
1000 3124 1222 3186 Rocchi
1267 3123 1490 3198 existit,
1522 3143 1629 3186 nec
1659 3124 1820 3187 ullus
1847 3125 2005 3187 alius
2033 3125 2293 3208 Regula-

751 3219 911 3278 rium
937 3219 1236 3298 reperitur
1259 3219 1622 3291 Conventus,
1644 3220 1832 3281 relata
1850 3224 1979 3300 ejus
2008 3221 2291 3284 instantia

748 3310 908 3372 inter
929 3311 1257 3373 summaria
1279 3331 1525 3390 precum
1544 3314 1631 3372 dis
1655 3317 1748 3373 17.
1771 3313 2082 3374 Decembris
2109 3320 2282 3375 1718.

752 3404 1105 3486 rescriptum
1130 3404 1248 3466 fuit
1283 3403 1533 3465 Lectum.
1567 3406 2011 3487 [inpetrataque
2032 3409 2290 3470 subinde

752 3517 911 3560 nova
932 3499 1265 3572 audientia,
1288 3519 1408 3563 una
1445 3519 1581 3562 cum
1613 3502 2010 3582 descriptione
2038 3502 2100 3563 in
2121 3503 2290 3574 folio,

751 3591 1012 3653 Joannes
1036 3594 1303 3674 Angelus
1326 3593 1545 3655 iterum
1565 3594 1751 3655 instat
1769 3614 1877 3674 pro
1891 3596 2293 3677 applicatione

752 3685 958 3768 Legati
1014 3686 1222 3747 favore
1250 3687 1544 3748 Ecclesiae
1571 3686 1963 3769 Collegiatae,
1999 3690 2091 3751 vel
2131 3693 2294 3771 quod

753 3780 830 3840 ad
867 3779 1066 3840 minus
1096 3781 1539 3864 praescribatur
1566 3783 1797 3856 modus,
1831 3802 1952 3863 quo
1989 3784 2147 3863 piam
2196 3787 2293 3867 sui

749 3875 1042 3935 Authoris
1084 3875 1536 3957 dispositionem
1566 3876 1765 3939 valeat
1805 3880 2137 3940 executioni
2190 3882 2295 3943 de·

754 3969 1075 4031 mandare.
1656 3991 1659 3997 ·

874 4063 1084 4135 Quoad
1116 4062 1534 4143 dispositiones
1563 4063 1748 4126 factas
1776 4064 1983 4127 favore
2009 4066 2292 4145 Fratrum

753 4154 1254 4235 Capnoeinornm,
1284 4165 1343 4217 et
1369 4157 1674 4218 Minorum
1724 4158 2044 4220 strictioris
2071 4160 2295 4223 Obser-

751 4248 1015 4321 umiae,
1047 4258 1105 4310 et
1133 4248 1390 4309 aliorum
1436 4252 1863 4331 Regularium‚
1892 4254 1998 4332 qui
2031 4255 2194 4316 Bona
2232 4255 2295 4316 in

752 4344 1065 4405 communi.
1083 4343 1383 4422 possidere
1406 4363 1525 4405 non
1538 4357 1814 4424 possunt,
1835 4348 2156 4430 Privilegia
2178 4352 2295 4412 Re·

749 4439 1047 4497 verendae
1080 4437 1124 4496 F
1130 4436 1376 4498 abricae
1401 4437 1518 4497 sibi
1555 4439 1862 4500 vindicant
1888 4442 2107 4510 locum.
2140 4452 2201 4504 et
2229 4444 2295 4505 in

750 4547 963 4589 eorum
988 4530 1320 4610 sequelam,
1353 4532 1519 4591 Bona
1557 4533 1718 4592 dicto
1742 4534 1920 4594 modo
1946 4532 2176 4606 relicta,
2207 4537 2293 4596 ei-

750 4622 886 4682 dem
910 4622 1200 4684 Fabricae
1220 4623 1605 4711 applicantur
1625 4628 1803 4706 juxta
1829 4626 2015 4689 relata
2045 4632 2110 4687 in
2135 4628 2296 4690 Com·

747 4719 951 4799 pendia
973 4714 1416 4797 Privile'qiorum
1444 4714 1614 4780 bonas
1643 4725 1937 4783 memorias
1971 4722 2297 4805 Vapiniani
2335 4764 2340 4777 .

2335 4830 2338 4839 '
2397 4826 2626 4911 »prndio
2649 4820 3111 4902 privilegiorum
3139 4816 3431 4881 Fabricae
3443 4836 3576 4896 paq.
3602 4822 3701 4878 72.
3726 4827 3787 4879 et
3808 4839 3943 4899 paq.

745 4830 881 4891 paq.
916 4816 1013 4871 25.

870 4904 1086 4978 Quoad
1110 4905 1338 4967 reditus
1371 4906 1643 4967 vet-obis
1681 4908 1894 4971 iisdem
1924 4910 2241 4974 Fratribus
2274 4959 2291 4985 ,

748 4999 1009 5072 relictos,
1036 5001 1265 5081 adjecto
1288 5018 1478 5061 onere
1497 5001 1920 5064 celebrationis
1945 5006 2290 5082 Missarum,

751 5093 816 5154 in
839 5093 1316 5175 Congregatione
1339 5094 1543 5156 habita
1568 5105 1835 5176 tempore
1859 5098 2083 5161 Urbani
2118 5100 2294 5163 Octa-

748 5190 839 5260 vi,
871 5188 1201 5251 resolutum
1226 5189 1342 5253 suit
1373 5200 1738 5252 memoratos
1766 5192 2008 5256 Fratres
2032 5213 2163 5258 esse
2196 5196 2292 5256 in-

744 5299 997 5363 capaces
1017 5283 1240 5345 horum
1267 5303 1613 5357 annuorum
1643 5285 2017 5356 relictorum,
2051 5290 2139 5350 uti
2188 5289 2291 5351 ha-

742 5377 924 5463 betur
948 5379 1103 5458 apud
1129 5376 1385 5457 Faqnan.
1402 5379 1583 5442 dictas
1603 5378 2064 5461 Conqreqationis
2088 5382 2285 5446 Secre—

2403 1059 2597 1120 sidere
2611 1077 2730 1120 non
2752 1065 3020 1138 possunt,
3036 1064 3177 1116 sunt
3199 1073 3463 1134 capaces,
3479 1053 3567 1113 uti
3584 1053 3954 1114 adnotarunt

2406 1150 3041 1230 sanchezadpraocept.
3071 1149 3260 1209 Decal.
3291 1148 3390 1206 lib.
3415 1151 3474 1206 7.
3502 1166 3626 1224 cap.
3655 1151 3753 1206 26.
3776 1164 3942 1206 num.

2405 1250 2503 1306 49.
2541 1244 2776 1306 Barbos.
2808 1243 2975 1304 Juris
3027 1242 3239 1302 Ecclos.
3278 1240 3534 1301 Univers.
3568 1243 3666 1300 lib.
3704 1245 3762 1301 3.
3816 1260 3947 1319 cap.

2405 1345 2503 1400 27.
2529 1360 2688 1399 num.
2707 1343 2805 1400 77.
2839 1337 3056 1397 Addcn.
3088 1337 3164 1397 ad
3191 1335 3403 1396 Burat.
3431 1336 3596 1395 decis.
3624 1339 3762 1396 756.
3785 1353 3946 1394 num.

2410 1439 2502 1494 11.
2539 1434 2823 1513 Piqnatsl.
2858 1433 3096 1493 consult.
3133 1436 3228 1491 16.
3259 1450 3417 1489 num.
3446 1434 3503 1488 7.
3542 1439 3592 1488 ct
3622 1434 3683 1488 8.
3722 1439 3856 1488 tom.
3889 1434 3948 1489 3.

2408 1528 2460 1588 T
2454 1548 2572 1589 err.
2621 1529 2685 1588 ds
2710 1529 2888 1607 pactis
2921 1528 3150 1604 suturas
3177 1525 3532 1584 successionis
3584 1524 3682 1582 lib.
3715 1527 3774 1582 2.
3811 1541 3942 1601 cap.

2402 1628 2497 1683 36.
2525 1642 2682 1681 num.
2717 1626 2815 1681 75.
2866 1620 3014 1680 Rota
3043 1619 3208 1678 decis.
3246 1620 3385 1677 456.
3423 1635 3580 1676 num.
3613 1621 3710 1676 15.
3748 1634 3945 1677 coram

2402 1718 2678 1786 Merlino,
2703 1716 2870 1777 decis.
2906 1718 3078 1774 1219.
3110 1733 3270 1773 num.
3289 1718 3349 1773 8.
3378 1713 3543 1773 decis.
3582 1716 3755 1774 1326.
3784 1731 3942 1772 num.

2400 1815 2617 1893 pariter
2642 1817 2700 1872 8.
2724 1830 2913 1872 coram
2941 1809 3188 1869 Emsrix
3217 1807 3465 1868 Junion
3495 1850 3511 1866 .

2518 1905 2676 1980 Quia
2704 1924 2850 1966 vero
2874 1903 3229 1984 permissum
3256 1920 3384 1962 esse
3411 1920 3531 1962 non
3577 1901 3777 1973 debet,
3828 1899 3943 1961 sub

2400 2001 2649 2061 obtentu
2671 1997 3081 2077 incapacitatis
3115 1997 3419 2066 Fratrum,
3451 2005 3517 2055 ut
3548 1994 3837 2056 haeredes
3870 2011 3937 2055 se

2401 2095 2670 2156 eximant
2691 2093 2770 2154 ab
2796 2111 2978 2153 onere
3004 2088 3449 2169 adimplementi
3477 2088 3823 2160 Missarum‚
3850 2086 3940 2148 uti

2401 2190 2615 2269 probat
2646 2187 2857 2248 Toxlus
2886 2189 2953 2246 in
2975 2187 3018 2246 l.
3058 2183 3313 2245 haeredes
3340 2185 3405 2243 in
3451 2183 3559 2263 fine
3587 2181 3648 2263 ff.
3691 2182 3757 2242 de
3777 2184 3940 2261 petit.

2402 2283 2624 2343 haered.
2655 2289 2714 2342 et
2739 2281 2814 2341 ad
2839 2298 2965 2339 rem
2988 2285 3437 2358 prosequuntur
3467 2275 3732 2337 Corduba
3755 2278 3821 2335 in
3841 2295 3949 2337 ex-

2397 2380 2566 2458 posit.
2602 2377 2848 2455 Requlas
2876 2372 2945 2434 S.
2978 2372 3270 2434 Francisci
3308 2391 3430 2451 cap.
3466 2376 3525 2431 6.
3553 2380 3768 2449 quaest.
3801 2375 3860 2431 7.
3895 2380 3950 2432 et

2397 2482 2616 2552 quaest.
2655 2475 2749 2531 11.
2781 2478 2987 2550 puncto
3007 2472 3065 2527 2.
3087 2477 3136 2526 st
3158 2471 3217 2527 4.
3248 2467 3477 2528 Redoan
3499 2467 3564 2526 de
3587 2465 3804 2545 spoliis
3829 2464 3950 2526 Ec-

2401 2570 2530 2628 clss.
2563 2576 2775 2645 quaest.
2811 2570 2872 2624 8.
2908 2582 3068 2623 num.
3106 2565 3206 2622 47.
3236 2568 3299 2623 et
3346 2562 3566 2624 durum
3613 2578 3738 2620 esse
3779 2559 3948 2622 vide·

2403 2670 2568 2722 retur
2617 2660 2861 2720 Fratres
2895 2675 3100 2719 arcere
3131 2675 3166 2716 a
3211 2655 3588 2734 perceptione
3642 2653 3947 2716 redituum

2400 2757 2839 2835 assignatorum
2884 2771 3021 2813 cum
3065 2768 3248 2810 onere
3272 2747 3694 2811 celebrationis
3727 2749 3945 2811 Missa-

2400 2871 2536 2911 rum
2554 2869 2657 2929 per
2682 2847 2927 2908 modum
2952 2844 3162 2906 saltem
3185 2861 3394 2923 purae,
3407 2851 3468 2903 et
3486 2842 3780 2923 simplicis
3798 2842 3948 2904 elee-

2397 2962 2734 3026 mosynae.

2518 3040 2818 3100 Statutum
2841 3035 2980 3107 fuit,
3001 3042 3072 3094 ut
3091 3031 3376 3094 solemnis
3395 3052 3431 3093 a
3453 3032 3769 3094 Fratribus
3781 3032 3955 3094 emil-

2404 3141 2563 3197 tatur
2591 3129 2939 3213 protestatio
2970 3126 3326 3207 subsignata
3347 3124 3548 3205 sigillo
3573 3125 3942 3199 Conventus,

2402 3239 2463 3292 et
2484 3230 2547 3290 in
2582 3229 2709 3309 ejus
2733 3224 2908 3286 libris
2929 3220 3275 3292 inserenda,
3296 3229 3357 3281 et
3380 3220 3456 3281 ad
3483 3219 3789 3289 haeredes.
3820 3220 3949 3303 sive

2403 3332 2748 3385 executores
2777 3316 3259 3388 transmittenda,
3293 3314 3352 3374 in
3385 3331 3504 3393 qua
3533 3314 3857 3387 declarent,
3887 3333 3954 3377 se

2402 3417 2640 3479 nullum
2654 3416 2755 3496 jus
2771 3412 2887 3474 sibi
2915 3410 3369 3483 vindicare,aut
3394 3428 3656 3471 asserere
3678 3428 3751 3468 ex
3775 3427 3954 3488 prae-

2403 3510 2578 3573 dictis
2599 3507 2865 3590 Legatis‚
2912 3524 3015 3568 seu
3076 3504 3300 3566 relictis
3319 3548 3337 3575 ,
3379 3504 3552 3582 juxta
3601 3519 3952 3580 expressum

2406 3605 2701 3668 monitum
2728 3603 2789 3663 S.
2817 3601 3278 3661 Bonaventurae
3299 3597 3360 3657 in
3391 3594 3625 3656 Libello
3651 3594 3951 3676 Apologo-

2406 3702 2545 3770 tico,
2575 3718 2680 3760 seu
2703 3693 3080 3757 excusatorio
3122 3699 3328 3755 contra
3350 3708 3473 3761 eos,
3501 3690 3607 3770 qui
3641 3691 3950 3755 Minorum

2403 3792 2620 3854 Ordini
2652 3789 3080 3858 adversantur,
3127 3784 3218 3846 uti
3250 3783 3508 3845 babetur
3538 3784 3638 3843 tib.
3688 3788 3748 3844 2.
3783 3783 3949 3866 Opu-

2403 3891 2546 3950 scul.
2580 3894 2795 3964 quaest.
2830 3888 2888 3944 9.

2525 3981 2726 4040 Firma
2781 3977 3010 4037 interea
3065 3938 3415 4033 remanente
3462 3932 3745 4037 libertate
3784 3974 3947 4054 apud

2409 4073 2693 4137 haeredes
2711 4069 2919 4141 dandi,
2934 4075 3039 4130 aut
3066 4086 3193 4128 non
3220 4066 3402 4129 dandi
3433 4066 3753 4128 Fratribus
3774 4086 3946 4147 prae·

2403 4170 2592 4230 dictos
2609 4182 2845 4229 annuos
2874 4161 3124 4223 reditus:
3156 4159 3320 4240 quod
3340 4168 3430 4220 est
3451 4159 3618 4223 ,idem
3637 4178 3707 4225 ac
3724 4160 3943 4234 dicere,

2401 4258 2695 4324 celebrari
2736 4254 2992 4318 faciendi
3042 4273 3146 4333 per
3182 4252 3341 4323 illos,
3375 4261 3482 4317 aut
3510 4271 3616 4331 per
3642 4252 3792 4315 alios
3822 4254 3942 4318 sibi

2403 4360 2558 4419 hene
2585 4344 2748 4415 visos‘
2768 4349 3113 4413 Sacerdotes
3142 4347 3381 4417 Missas,
3429 4356 3490 4409 et
3513 4347 3818 4411 sacrificia
3859 4348 3947 4412 le·

2402 4460 2563 4531 gata:
2584 4446 2670 4509 uti
2697 4442 3136 4526 probathattus
3164 4443 3229 4501 in
3257 4460 3382 4519 cap.
3423 4439 3695 4522 θήῃς.
3726 4440 3801 4503 Si
3818 4456 3947 4505 vem

2397 4547 2469 4605 ds
2499 4543 2656 4605 Verb.
2687 4539 2927 4619 siqnific.
2960 4539 3025 4596 in
3075 4541 3134 4596 6.
3166 4534 3253 4597 ibi
3275 4583 3289 4604 .
3334 4536 3411 4597 ad
3436 4554 3578 4612 quas
3603 4536 3787 4613 lcqata
3832 4539 3950 4598 sol-

2401 4637 2582 4705 venda
2608 4647 2727 4697 tam
2745 4632 3006 4693 haeredes
3040 4629 3091 4689 T
3084 4639 3414 4697 uictorum,
3439 4646 3612 4704 quam
3652 4627 3947 4691 Exeunte-

2401 4754 2487 4795 νου
2516 4752 2569 4792 ss
2604 4730 2859 4790 liberates
2903 4726 3206 4786 exhibeant
3231 4768 3249 4795 ,
3303 4731 3364 4784 et
3385 4722 3648 4785 habetur
3672 4721 3734 4784 in
3769 4724 3949 4786 Com·

2402 4926 2502 4982 74.
2547 4926 2606 4981 et
2655 4916 3072 4998 praecedentes
3124 4911 3451 4977 decisiones
3506 4911 3943 4988 modificando,

2401 5012 2673 5076 firmavit
2715 5011 2864 5073 Rota
2898 5012 2965 5068 in
2985 5010 3163 5068 citata
3191 5007 3356 5065 decis.
3409 5009 3583 5069 1326.
3622 5024 3780 5065 num.
3807 5012 3865 5067 8.
3892 5018 3947 5070 st

2400 5128 2549 5186 seqq.
2564 5125 2755 5167 coram
2781 5104 3026 5165 Emer-ix
3047 5100 3313 5170 Iunior-s,
3327 5100 3403 5160 ad
3420 5099 3591 5178 cujus
3614 5108 3948 5178 postremae

2403 5199 2722 5263 decisionis
2757 5215 3030 5260 normam
3073 5196 3281 5256 datum
3311 5191 3427 5253 fuit
3452 5192 3532 5251 ab
3558 5193 3765 5254 eadem
3791 5196 3946 5259 Rota

2405 5305 2609 5356 votum
2640 5296 2857 5356 Sacrae
2894 5285 3352 5371 Congregationi
3388 5284 3845 5365 Episcoporum,
3885 5296 3948 5353 et

2405 5388 2820 5470 Regularium,
2850 5405 2888 5449 a
2912 5402 3037 5467 qua
3065 5381 3264 5445 metat
3296 5397 3405 5459 pro
3430 5387 3572 5442 voto
3604 5383 3893 5464 requisita
3919 5432 3941 5464 ,
