4393 6299
970 527 1078 580 los

776 679 927 743 relle
952 727 969 751 ,
998 687 1059 741 et
1077 678 1229 742 inito
1253 685 1424 760 pacto
1447 725 1464 750 ,
1492 677 1657 760 quod
1680 674 1997 738 terminata
2028 674 2202 737 tertia
2230 696 2324 756 ge-

2029 524 2472 588 Quffisrzonss
2510 523 2868 579 cssomcae:

2551 679 2621 740 In
2643 678 2950 759 sequelam
2971 676 3189 739 harum
3206 675 3574 739 decisionum
3605 673 3776 738 nulla
3803 674 3918 739 fuit
3941 694 3979 739 a

776 774 1090 837 neratione
1112 773 1462 848 masculina,
1490 782 1609 840 tam
1634 770 1917 841 Ecclesia,
1947 789 2132 851 quam
2162 771 2323 833 bona
2431 771 2748 833 Tribunali
2793 770 3028 853 prolata
3086 769 3409 843 sententia,
3464 771 3568 832 sed
3617 769 3988 850 reproposita

774 869 855 932 ad
886 867 1316 931 Monasterium
1345 866 1566 929 reverti
1591 866 1900 937 deberent,
1926 864 2074 926 etin
2102 866 2323 926 Instru-

775 973 981 1026 mento
1009 963 1236 1025 dictum
1263 962 1378 1023 fuit
1402 1004 1420 1035 ,
1454 960 1779 1024 Ecclesiam
1802 959 1865 1021 S.
1896 959 2171 1041 Gregorii
2201 979 2326 1022 esse

774 1058 1114 1120 membrum
1135 1054 1507 1129 Monasterii,
1540 1056 1691 1117 etin
1717 1055 1926 1116 eodem
1957 1054 2326 1116 instrumen-

777 1159 839 1214 to
867 1150 1024 1216 facta
1051 1150 1167 1212 fuit
1202 1150 1526 1213 reservatio
1559 1148 1772 1211 directi
1800 1148 2079 1210 dominii.

894 1246 1097 1308 Tertia
1144 1244 1454 1326 generatio
1495 1243 1839 1325 supradicta
1887 1263 2064 1304 suum
2114 1242 2327 1304 babuit

775 1339 958 1401 finem
1003 1339 1068 1400 in
1114 1359 1365 1419 persona
1413 1339 1714 1402 Francisci
1752 1338 2162 1419 Malaspinae,
2218 1340 2324 1419 qui

774 1443 1165 1496 mortuusest
1187 1436 1277 1494 die
1308 1438 1408 1495 28.
1439 1433 1721 1496 lanum-ii
1746 1438 1921 1494 1696.
1954 1441 2324 1514 quotempo-

773 1547 844 1590 re
882 1527 1141 1589 Abbatia
1169 1527 1232 1589 S.
1275 1526 1496 1590 Eutizii
1525 1536 1654 1589 erat
1686 1530 2101 1589 commendata
2129 1527 2329 1589 clarae

772 1639 955 1685 mem.
988 1622 1167 1684 Card.
1198 1623 1495 1684 Taurusin
1520 1667 1538 1695 ,
1572 1630 1931 1702 mortuoque
1970 1623 2152 1682 coelem
2178 1643 2328 1683 anno

774 1720 952 1778 1696.
981 1717 1282 1796 praedicto
1303 1715 1636 1786 cardinali,
1660 1715 2001 1796 collataque
2024 1715 2083 1774 in
2114 1735 2329 1775 novam

774 1803 1205 1874 Commendam
1237 1830 1391 1872 anno
1419 1812 1669 1889 sequenti
1700 1815 1875 1871 1697.
1910 1828 1946 1870 a
1984 1829 2113 1872 san.
2149 1829 2326 1869 mem.

775 1905 1129 1967 Innocentio
1160 1906 1303 1967 ΧΠ.
1330 1905 1546 1966 eadem
1576 1904 1834 1967 Abbatia
1867 1906 1940 1966 R.
1972 1905 2038 1964 Ρ.
2074 1904 2331 1965 Passeri-

774 2018 891 2072 no,
939 2019 1076 2062 cum
1119 1998 1217 2060 hic
1245 2003 1493 2060 suorum
1531 1999 1767 2081 jurium
1812 2007 1953 2060 tunc
1981 2005 2134 2059 esset
2158 1999 2329 2079 igna-

775 2113 885 2156 rus
911 2140 929 2168 ,
964 2094 1141 2156 titulo
1162 2093 1424 2156 Canonis
1451 2094 1678 2174 recepit
1701 2112 1737 2155 a
1771 2091 2123 2173 Malaspinis
2147 2111 2333 2172 supra

775 2196 1136 2250 memoratas
1168 2187 1287 2249 olei
1326 2206 1658 2261 mensuras,
1684 2188 1788 2250 sed
1820 2187 2106 2267 cumipse
2129 2187 2332 2248 subin·

773 2283 851 2344 de
874 2282 1396 2344 animadvertisset
1422 2281 1846 2344 investituram
1866 2299 2204 2343 concessam
2225 2301 2332 2342 an-

773 2396 848 2438 no
882 2381 1057 2438 1561.
1096 2395 1273 2438 suum
1303 2374 1488 2438 tinem
1532 2375 1817 2439 habuisse
1843 2396 1997 2439 anno
2031 2380 2206 2436 1696.
2232 2376 2333 2457 ju·

774 2470 1001 2532 dicium
1047 2469 1387 2532 introduxit
1414 2489 1619 2532 coram
1662 2473 1733 2533 A.
1772 2471 1840 2533 C.
1887 2471 1962 2533 de
1988 2469 2366 2531 Gentilibus¹

774 2583 890 2646 pro
917 2565 1372 2627 manutentioue
1398 2610 1417 2637 ,
1460 2574 1522 2627 et
1565 2565 2032 2647 reintegratione
2064 2565 2143 2627 ad
2174 2565 2335 2627 bona

775 2657 1205 2738 comprehensa
1235 2658 1299 2719 in
1329 2657 1511 2720 citata
1538 2658 1919 2721 investitura.

897 2752 967 2812 In
999 2750 1112 2815 hoc
1123 2738 1353 2834 judi'cio
1376 2750 1747 2833 Malaspinae
1773 2761 1959 2813 totam
1989 2751 2112 2812 vim
2135 2750 2335 2814 defen-

772 2845 963 2907 sionis
986 2845 1429 2908 constituerunt
1471 2847 1535 2906 in
1577 2845 1965 2926 subsequenti
2008 2846 2129 2908 alia
2162 2846 2332 2908 inve-

777 2939 996 3001 stitura
1018 2984 1035 3012 ,
1066 2957 1171 2999 seu
1200 2939 1263 2999 in
1292 2939 1683 3001 renovatione
1708 2939 2182 3021 Emphytheusis
2215 2941 2331 3001 sibi

778 3052 1053 3094 concessa
1094 3037 1452 3094 88801646.
1488 3052 1522 3096 a
1565 3032 1712 3094 clar.
1764 3052 1942 3094 mem.
1974 3033 2151 3095 Card.
2194 3034 2335 3094 Polo

777 3135 923 3190 tunc
949 3127 1011 3190 S.
1047 3126 1266 3190 Eutizii
1314 3128 1549 3190 Abbate
1574 3177 1588 3199 .
1633 3127 1982 3190 sustinendo
2009 3173 2027 3202 ,
2074 3128 2239 3210 quod
2281 3129 2329 3189 si

778 3224 1101 3286 terminata
1135 3222 1254 3284 dici
1300 3232 1533 3304 poterat
1575 3222 2110 3285 investituraanm‘
2153 3228 2327 3284 1561.

778 3316 1098 3378 terminata
1123 3316 1241 3378 dici
1265 3335 1383 3378 non
1407 3325 1639 3396 poterat
1656 3316 1967 3378 renovatio
1991 3319 2134 3378 anni
2157 3321 2329 3377 1646.

779 3412 857 3472 At
878 3410 1272 3473 contendente
1293 3413 1365 3473 tt.
1396 3412 1460 3471 Ρ.
1491 3412 1807 3474 Passerino
1828 3411 2085 3482 Abbate,
2110 3411 2333 3473 dictam

780 3513 1140 3584 postremam
1173 3504 1620 3567 renovationem
1652 3502 1835 3567 fuisse
1858 3504 2091 3565 nullam
2111 3522 2129 3575 ,‘
2155 3513 2216 3566 et
2243 3504 2334 3565 in-

786 3598 1045 3659 validam
1078 3644 1092 3669 ,
1124 3600 1194 3658 A.
1227 3600 1291 3658 tl.
1324 3599 1398 3659 de
1425 3599 1771 3660 Gentilibus
1798 3619 1950 3660 anno
1980 3605 2152 3660 1718.
2192 3605 2327 3660 sen-

785 3691 1033 3752 tentiam
1065 3693 1346 3772 protnlit,
1396 3692 1461 3754 in
1490 3712 1612 3773 qua
1639 3693 1829 3765 dixit,
1884 3692 2334 3769 renovationem

783 3784 1014 3845 nullius
1061 3785 1244 3846 fuisse
1272 3786 1554 3847 momenti
1581 3832 1599 3860 ,
1632 3788 1988 3867 0101100108
2017 3796 2334 3849 manuten-

790 3879 1012 3941 tionem
1040 3927 1057 3951 ,
1102 3888 1162 3941 et
1206 3881 1735 3962 reintegrationem
1780 3882 2002 3944 Abbati
2045 3881 2332 3944 concessit

787 3973 862 4035 ad
906 3975 1100 4045 bona,
1146 3983 1205 4035 et
1244 3974 1361 4036 alia
1408 3975 1834 4056 coniprehensa
1875 3977 1938 4037 in
1977 3977 2335 4038 investitura

786 4071 932 4130 anni
952 4073 1127 4130 1561.
1158 4076 1459 4132 reservata
1482 4070 1597 4131 sibi
1628 4069 1912 4133 facultate
1941 4072 2330 4153 cognoscendi

783 4163 859 4224 de
898 4172 1118 4243 puncto
1145 4163 1453 4225 fructuum
1478 4209 1495 4237 ,
1528 4173 1649 4226 tam
1683 4173 2099 4246 perceptorum
2133 4185 2171 4227 a
2204 4166 2334 4228 Ma-

784 4256 1031 4335 laspinis
1061 4266 1189 4343 post
1220 4265 1440 4319 motam
1464 4257 1629 4319 litem
1652 4305 1668 4332 ,
1702 4279 1888 4340 quam
1918 4259 2331 4321 antea‘decur-

780 4367 1009 4421 sorum,
1034 4364 1117 4410 *an
1145 4346 1326 4413 iidem
1347 4350 1628 4414 videlicet
1652 4361 1847 4415 essent
1873 4352 2057 4414 debiti
2087 4352 2328 4414 Abbati.

901 4441 1318 4521 Appellatione
1364 4461 1401 4504 a
1455 4443 1809 4525 Malaspinis
1856 4446 2206 4526 interposita
2254 4447 2331 4507 ad

782 4536 913 4598 Sac.
968 4539 1153 4598 Rotae
1180 4537 1567 4599 Auditorium
1596 4584 1613 4608 ,
1647 4539 2085 4620 disputatisque
2113 4541 2202 4600 die
2231 4545 2329 4601 27.

779 4622 1062 4692 Ianuarii
1094 4634 1266 4692 1719.
1302 4632 1539 4693 duobus
1566 4632 1800 4705 dubiis,
1837 4632 1951 4694 boc
1970 4641 2079 4707 est,
2105 4655 2184 4696 an
2204 4653 2334 4695 eon-

783 4734 887 4785 stet
915 4725 978 4784 de
1007 4727 1274 4786 nullitate
1297 4728 1686 4799 investiturae,
1716 4730 1868 4788 itaut
1891 4730 1965 4788 sit
1992 4728 2184 4790 danda
2212 4750 2335 4791 ma-

781 4820 1036 4878 nutentio
1061 4863 1078 4892 ,
1127 4839 1224 4879 seu
1252 4822 1616 4899 reinteqratio
1638 4865 1655 4892 ,
1687 4830 1742 4882 et
1772 4820 1893 4881 alio
1919 4869 1936 4893 ,
1967 4841 2044 4882 an
2071 4834 2123 4882 et
2152 4842 2189 4884 a
2225 4843 2335 4902 quo

784 4922 1022 4993 tempore
1045 4959 1062 4984 ,
1107 4923 1158 4974 et
1199 4934 1238 4975 a
1273 4924 1383 4992 quo
1408 4915 1498 4974 ctio
1544 4916 1852 4977 debeantur
1876 4916 2096 4994 fructus
2124 4964 2140 4987 ,
2181 4918 2336 4979 Rota

785 5008 903 5069 fuit
927 5006 990 5068 in
1020 5026 1194 5069 sensu
1217 5027 1328 5088 pro
1361 5007 1676 5071 validitate
1701 5010 1999 5073 secundae
2025 5010 2335 5073 investitu-

784 5120 911 5173 rae,
941 5120 1044 5162 seu
1067 5100 1474 5164 renovationis
1494 5122 1805 5166 concessae
1832 5121 1867 5166 a
1902 5104 2207 5167 Cardinali
2234 5105 2335 5166 Po·

787 5194 848 5254 lo
870 5239 887 5268 ,
916 5202 975 5256 et
1001 5194 1086 5256 sic
1112 5193 1274 5274 quod
1298 5194 1501 5257 nullus
1527 5206 1678 5258 emet
1708 5196 1874 5259 locus
1897 5197 2183 5259 solutioni
2214 5198 2337 5258 fru-

786 5298 992 5349 ctuum
1016 5333 1033 5362 ,
1070 5289 1159 5348 uti
1188 5287 1493 5373 colligitur
1523 5309 1597 5351 ex
1629 5289 1790 5351 binis
1820 5291 2226 5353 decisionibus
2252 5291 2336 5351 ci·

789 5381 1036 5539 1181803ἰο
1063 5383 1240 5444 editis
1275 5402 1454 5465 super
1503 5384 1761 5466 utroque
1796 5386 1985 5447 dubio
2011 5404 2215 5450 coram
2261 5387 2334 5449 R.

843 5520 858 5536 .
970 5494 1081 5538 rio.
1770 5510 1773 5511 ⁷

2434 866 2624 928 Causa
2670 868 2761 928 die
2800 872 2859 927 9.
2907 865 3083 927 lunii
3120 865 3494 944 subsequentis
3537 873 3779 944 propter
3822 863 3985 944 pari-

2435 971 2616 1024 tatem
2671 960 3134 1043 suffragiorum,
3194 979 3546 1040 responsum
3611 958 3727 1019 fuit
3747 1002 3764 1030 ,
3820 958 3985 1039 quod

2434 1056 2652 1118 iterum
2686 1065 3156 1138 proponeretur,
3200 1063 3260 1116 et
3290 1053 3600 1116 consimile
3632 1052 3854 1133 prodiit
3889 1072 3983 1115 re-

2433 1150 2723 1231 scriptum
2764 1152 2855 1212 die
2882 1157 2941 1212 5.
2991 1150 3303 1211 Decembris
3351 1150 3590 1227 ejsudem
3620 1150 3763 1209 anni
3808 1152 3982 1209 1719.

2435 1264 2570 1305 cum
2600 1245 2821 1307 iterum
2843 1244 3196 1325 rescriptum
3229 1242 3445 1317 suerit,
3479 1243 3641 1324 quod
3668 1242 3856 1306 Causa
3879 1241 3990 1310 de-

2439 1333 2580 1399 nuo
2615 1347 3082 1419 proponeretur,
3111 1348 3170 1400 et
3191 1336 3466 1399 viderent
3486 1336 3737 1417 quintus
3756 1381 3773 1406 ,
3808 1344 3868 1397 et
3894 1354 3989 1398 se-

2435 1442 2605 1505 xtus,
2651 1432 2949 1513 editisque
2991 1431 3249 1494 subinde
3293 1430 3430 1493 aliis
3478 1428 3811 1511 rescriptis,
3860 1437 3991 1491 tum

2437 1526 2634 1606 quoad
2686 1525 3122 1588 exhibitionem
3165 1524 3462 1587 librorum
3526 1522 3810 1595 Abbatis,
3862 1532 3993 1584 tum

2437 1619 2635 1699 quoad
2688 1620 3207 1682 concordationem
3253 1619 3394 1683 facti
3443 1637 3645 1681 coram
3691 1618 3956 1680 Ponente
3975 1662 3994 1690 ,

2438 1733 2575 1774 cum
2594 1711 2811 1775 iterum
2830 1713 3018 1776 Causa
3042 1722 3172 1793 post
3190 1713 3413 1774 factum
3423 1713 3551 1792 Jam
3570 1711 3997 1773 concordatum

2443 1806 2742 1887 proposita
2764 1807 2976 1869 fuisset,
2996 1807 3085 1867 die
3107 1812 3165 1867 9.
3198 1805 3515 1867 Decembris
3550 1809 3727 1866 1720.
3762 1821 4001 1883 respon·

2438 1918 2571 1960 sum
2595 1899 2734 1961 fuit:
2756 1900 2965 1973 dilata,
2980 1908 3039 1961 et
3056 1898 3165 1961 fiat
3185 1897 3504 1961 concordia
3523 1899 3698 1978 juxta
3715 1908 3998 1970 mentem,

2439 2004 2498 2054 et
2526 1994 2601 2056 ad
2631 1996 2760 2057 Dl).
2793 1996 3133 2067 Decannm,
3163 2002 3225 2056 et
3250 1994 3578 2057 Ponentem
3597 2036 3615 2065 ,
3649 2010 3756 2053 nec
3807 1989 4002 2052 Parti-

2433 2088 2555 2149 bus
2574 2088 2652 2150 ad
2674 2088 3054 2152 concordiam
3084 2087 3574 2159 devenientibus,
3599 2087 3751 2148 'Rota
3781 2086 3869 2145 die
3902 2089 3996 2145 16.

2440 2181 2613 2244 lunii
2667 2187 2841 2244 1721.
2889 2183 3068 2266 jussit
3095 2182 3260 2264 quod
3290 2182 3466 2244 lieret
3513 2179 3871 2242 concordia:
3900 2180 4003 2261 fist

2443 2281 2668 2338 omnino
2692 2279 2990 2339 concordia
3017 2277 3185 2341 aucto
3217 2295 3431 2340 conone
3455 2276 3530 2338 ad
3557 2294 3759 2337 annua
3777 2294 3855 2335 sc.
3899 2277 3998 2334 25.

2442 2374 2506 2432 in
2532 2374 2770 2452 reliquis
2800 2371 2977 2433 nihil.

2562 2468 2633 2528 In
2655 2466 3013 2547 oboequium
3042 2466 3224 2549 hujus
3243 2463 3540 2547 praecepti
3570 2463 3894 2525 deventum
3917 2467 4006 2523 est

2442 2560 2519 2621 ad
2574 2560 2953 2623 concordiam
2978 2605 2995 2633 ,
3043 2579 3202 2641 quae
3245 2559 3584 2640 subscripta
3633 2556 3751 2619 fuit
3798 2564 3922 2618 tam
3966 2574 4006 2619 a

2446 2654 2838 2717 Procuratore
2863 2655 3116 2717 Abbatis
3134 2700 3151 2728 ,
3182 2674 3367 2737 quam
3412 2674 3449 2717 a
3495 2655 3891 2716 Procuratore
3911 2669 4007 2712 eo-

2444 2768 2580 2809 rum
2606 2748 2680 2811 de
2698 2749 3077 2830 Malaspinis,
3101 2751 3204 2811 sed
3225 2770 3362 2812 cum
3391 2757 3511 2830 tam
3532 2749 3608 2811 de
3619 2750 3760 2830 jure
3776 2794 3793 2818 ,
3818 2764 4005 2826 quam

2444 2863 2519 2904 ex
2548 2853 2717 2924 pacto
2757 2863 3037 2924 expresso
3077 2844 3138 2905 in
3171 2845 3298 2924 ipsa
3359 2844 3592 2905 minuta
3644 2840 4006 2903 concordiae

2442 2957 2593 3018 opus
2618 2949 2763 2999 esset
2789 2937 3170 3018 Beneplacito
3201 2937 3573 3020 Apostolico,
3603 2936 4006 3014 exhibitoque

2437 3031 2825 3094 Sanctissimo
2849 3033 3107 3094 Domino
3130 3033 3347 3095 Nostro
3376 3031 3633 3114 supplici
3664 3029 3874 3093 libello
3900 3047 4009 3108 pro

2442 3127 2879 3208 approbatione
2896 3126 3283 3201 concordiae,
3316 3126 3559 3191 remissa
3587 3125 3775 3193 fuerit
3802 3144 3837 3187 a
3862 3124 4007 3189 San·

2440 3221 2644 3284 ctitate
2680 3223 2799 3284 Sua
2835 3222 3055 3303 negotii
3087 3222 3349 3303 cognitio
3377 3224 3453 3284 ad
3485 3221 3644 3283 hanc
3676 3220 3812 3285 Sac.
3849 3218 4006 3281 Con-

2442 3317 2873 3398 gregationem,
2900 3316 3044 3378 haec
3051 3319 3223 3401 juxta
3241 3336 3467 3378 morem
3485 3313 3798 3396 deputavit
3810 3332 3935 3375 unu
3947 3329 4008 3373 m

2439 3431 2517 3473 ex
2536 3411 3041 3473 Eminentissimis
3052 3410 3504 3483 Cardinalibus,
3524 3409 3632 3491 qui
3655 3408 4005 3490 petitionem

2441 3505 2849 3577 examinaret,
2875 3515 2933 3568 et
2957 3515 3166 3568 votum
3193 3524 3368 3566 suum
3393 3503 3686 3585 aperiret,
3716 3512 3776 3564 et
3796 3499 4006 3564 Cardi-

2444 3599 2631 3669 nalis,
2653 3599 2757 3681 qui
2786 3600 2859 3661 ad
2884 3600 2946 3660 id
2969 3600 3291 3678 deputatus
3315 3609 3437 3672 est,
3461 3595 4006 3660 fuitEminentissi·

2435 3713 2580 3759 mus
2609 3696 2682 3757 D.
2720 3694 2898 3771 Card.
2923 3687 3195 3773 Belluga.

2561 3791 2877 3871 Assumpta
2897 3790 2977 3849 ab
2997 3786 3487 3850 Eminentissimo
3509 3787 3583 3847 D.
3616 3791 3895 3848 accurata
3922 3782 3999 3846 de

2446 3900 2610 3945 more
2630 3883 2813 3965 hujtis
2830 3884 3058 3946 Causae
3077 3881 3418 3965 cognitione
3435 3929 3450 3951 ,
3481 3889 3544 3942 et
3565 3881 3718 3942 bene
3740 3896 3997 3960 perpen-

2441 3977 2524 4038 sis
2553 3978 2830 4059 juribus,
2880 3977 3212 4058 seda-loque
3257 3972 3492 4037 rimatis
3534 3972 3847 4054 scripturis
3880 3970 3994 4052 ipsi

2435 4071 2768 4147 exhibitis,
2819 4072 3121 4155 prolatum
3166 4072 3246 4133 ab
3307 4071 3434 4151 ipso
3484 4069 3602 4131 fuit
3644 4067 4002 4149 suffragium

2443 4185 2550 4246 per
2584 4186 2799 4229 manus
2844 4165 3432 4236 circumferendum,
3491 4163 3553 4224 in
3597 4181 3723 4243 quo
3774 4161 4000 4234 sensit,

2443 4269 2671 4322 attento
2685 4261 2844 4343 juris
2863 4262 3087 4343 rigore,
3115 4259 3497 4321 concordiam
3513 4255 3860 4334 confirmari
3884 4273 4002 4315 non

2437 4374 2645 4435 posse,
2671 4355 2770 4417 sed
2791 4374 2868 4417 ex
2889 4355 3212 4435 aequitate,
3239 4362 3300 4415 et
3322 4351 3699 4433 indulgentia
3728 4349 4004 4431 partibus

2441 4448 2688 4511 concedi
2716 4468 2885 4529 posse
2925 4447 3271 4511 facultatem
3306 4465 3526 4509 novam
3559 4444 3809 4507 ineundi
3859 4460 4002 4505 con·

2441 4544 2710 4607 cordiam
2730 4592 2744 4613 ,
2768 4554 2944 4605 aucto
2971 4561 3201 4605 canone
3221 4560 3257 4603 a
3277 4540 3464 4603 scutis
3489 4545 3589 4602 25.
3614 4539 3690 4601 ad
3712 4547 3879 4601 scuta
3897 4540 3996 4598 42.

2446 4637 2845 4720 impositoque
2884 4636 3237 4717 Malaspinis
3265 4654 3450 4697 onere
3483 4652 3761 4715 expresse
3802 4630 4002 4693 decla-

2443 4733 2617 4795 randi
2642 4733 2703 4793 in
2728 4730 3068 4802 concordia,
3094 4730 3521 4812 proprietatem
3551 4729 3846 4790 bonorum
3871 4741 3999 4803 per·

2445 4826 2724 4901 tinuisse,
2755 4834 2814 4888 et
2837 4826 3137 4906 pertinere
3164 4825 3239 4886 ad
3263 4823 3588 4886 Abbatiam
3606 4867 3625 4896 ,
3657 4830 3717 4884 et
3747 4818 4001 4881 ulterius

2445 4919 2751 4982 reficiendi
2793 4919 3116 4982 Ecclesiam
3141 4919 3202 4979 S.
3236 4916 3512 5000 Gregorii
3544 4914 3722 4977 modo
3759 4913 3996 4975 destru-

2442 5023 2638 5088 ctam,
2682 5013 3079 5097 erogandoin
3113 5013 3335 5075 dictam
3366 5010 3843 5073 aedificationem
3875 5006 3998 5067 fru-

2443 5115 2573 5168 ctus
2609 5107 2886 5169 decursos
2909 5153 2926 5180 ,
2975 5122 3036 5181 et
3063 5107 3142 5168 ab
3169 5107 3404 5168 Abbate
3431 5113 3771 5185 praetensos
3804 5117 3998 5180 usque

2444 5201 2525 5261 ab
2550 5200 2758 5274 initio,
2790 5199 2887 5263 vel
2908 5200 3118 5263 saltem
3145 5219 3181 5261 a
3206 5199 3304 5261 die
3335 5210 3529 5261 motae
3561 5196 3685 5259 litis
3703 5244 3720 5267 ‚
3749 5191 3994 5257 conclu·

2444 5294 2673 5367 dendo,
2702 5296 2864 5375 quod
2894 5296 2955 5356 in
2986 5293 3337 5377 hypothesi,
3373 5294 3436 5353 in
3468 5311 3588 5372 qua
3625 5290 3685 5352 id
3717 5289 3993 5370 partibus

2449 5405 2568 5448 non
2618 5388 2907 5467 placeret,
2947 5386 3340 5467 relinquenda
3370 5385 3447 5446 sit
3475 5384 3598 5446 illis
3624 5381 3878 5445 facultas
3919 5380 3994 5441 li-

2450 5491 2565 5543 tem
2600 5481 3031 5564 prosequendi,
3051 5488 3111 5542 et
3129 5483 3272 5562 jura
3303 5499 3413 5543 sua
3454 5479 3518 5541 in
3553 5477 3785 5563 judicio
3807 5495 3992 5559 expo·
