4393 6299
1635 537 2094 614 QUAESTto
2154 537 2391 595 cccnv.

399 714 580 790 ptura
632 724 738 787 per
788 716 1000 764 manus
1027 698 1497 763 circumferenda
1548 706 1773 780 pugnat
1818 713 1925 776 pro

397 797 701 882 praedicto
721 797 1166 878 supplemento,
1216 803 1342 855 tum
1378 792 1523 873 quia
1568 790 1828 853 Ecclesia
1861 790 1921 850 S.

398 894 671 972 Andreae
704 911 813 954 sua
840 892 978 953 dote
1004 897 1255 960 careret,
1284 888 1568 950 adversus
1596 885 1929 967 dispositio·

397 1007 534 1050 nem
555 986 711 1069 juris
730 984 1093 1056 communis,
1121 991 1179 1044 et
1213 983 1511 1044 decretum
1544 983 1615 1042 R.
1656 981 1720 1041 P.
1751 979 1823 1041 D.
1858 977 1931 1039 de

397 1081 639 1163 Angelis
660 1077 1098 1161 Archiepiscupi
1120 1077 1344 1157 pariter
1369 1075 1511 1137 Urbi
1521 1082 1717 1136 naten.
1742 1072 1804 1135 in
1824 1091 1929 1133 sua

396 1175 737 1237 visitatione
761 1182 996 1255 peracta
1028 1192 1177 1235 anno
1201 1176 1373 1233 1676.
1404 1178 1678 1249 expresse
1695 1168 1931 1230 deman-

397 1267 564 1331 davit
585 1313 603 1343 ,
638 1269 798 1348 quod
823 1266 1083 1330 defectus
1105 1277 1404 1328 scutorum
1435 1270 1532 1325 M).
1564 1282 1601 1324 a
1630 1264 1932 1323 Testatore

396 1362 834 1442 assignatorum
861 1359 1238 1442 suppleretur
1260 1378 1333 1421 ex
1359 1357 1652 1419 fructibus
1670 1353 1928 1425 Praedii,

396 1452 473 1515 de
501 1471 621 1533 quo
647 1474 805 1516 nunc
830 1454 1030 1536 agitur
1053 1498 1070 1526 ‚
1114 1452 1234 1513 ibi:
1263 1452 1555 1512 mandavit
1580 1450 1831 1530 suppleri
1858 1467 1932 1508 ex

396 1548 675 1626 fructibus
721 1549 1103 1627 recolligendis
1153 1565 1226 1606 σω
1274 1545 1517 1606 Praedia
1567 1547 1631 1603 in
1672 1544 1935 1603 ambulo

398 1639 693 1701 Cacondio
725 1642 1025 1718 assignatis
1046 1659 1151 1719 pro
1177 1640 1298 1699 dote
1324 1639 1503 1699 dictae
1524 1637 1839 1704 Ecclesiae:
1870 1643 1928 1695 et

401 1733 642 1795 tandem
674 1731 819 1812 quia
854 1731 916 1792 in
943 1731 1184 1813 publico
1217 1734 1621 1793 Instrumento
1646 1728 1929 1808 stipulato

398 1847 551 1889 anno
583 1830 755 1888 1677.
785 1836 905 1889 tam
931 1827 991 1887 in
1018 1826 1425 1888 executionem
1449 1823 1696 1886 ultimae
1722 1822 1931 1883 volun·

399 1920 538 1983 tatis
556 1921 802 1983 Joaunis
822 1920 1406 2023 Andreaqsen‘ioris,
1441 1939 1623 2000 quam
1651 1916 1713 1978 in
1738 1917 1930 1978 adim·

398 2012 766 2095 plementum
792 2014 1099 2075 memorati
1141 2013 1375 2075 Decreti
1407 2013 1548 2075 editi
1581 2013 1658 2074 ab
1687 2010 1933 2073 Archie-

395 2108 637 2190 piscopo
656 2107 969 2171 Candiotto
994 2152 1012 2181 ,
1038 2106 1151 2168 filii
1182 2108 1445 2188 ejusdem
1486 2104 1807 2169 Testatoris
1827 2150 1843 2178 ‚
1873 2111 1934 2166 et

399 2202 706 2283 Gabriella
733 2204 862 2283 ejus
894 2221 1048 2263 uxor
1076 2200 1399 2265 Praedium
1429 2200 1489 2263 di
1519 2199 1814 2263 Cacondio
1843 2198 1933 2260 lo-

397 2303 613 2358 carunt
647 2313 759 2376 pro
778 2295 997 2358 annuis
1028 2294 1209 2357 scutis
1229 2301 1328 2357 60.
1358 2295 1512 2358 facta
1537 2293 1935 2376 assignatione

399 2400 703 2452 scutorum
728 2394 825 2452 40.
854 2392 964 2471 pro
990 2388 1286 2453 Ecclesiae
1314 2390 1675 2471 Cappellano
1704 2433 1721 2462 ,
1747 2388 1820 2450 ad
1846 2385 1933 2448 ef-

397 2482 618 2546 fectum
648 2483 969 2565 supplendi
993 2483 1056 2546 id
1077 2529 1096 2558 ,
1126 2484 1288 2565 quod
1333 2483 1537 2547 deerat
1571 2504 1648 2546 ex
1691 2481 1934 2544 Pensio·

401 2578 582 2640 nibus
608 2578 921 2640 domorum
949 2580 1069 2660 jam
1097 2580 1177 2641 ab
1205 2579 1416 2641 eodem
1461 2579 1766 2641 Testatore
1787 2622 1805 2651 ‚
1841 2576 1929 2639 uti

398 2671 623 2735 dictum
646 2681 733 2734 est
759 2718 776 2746 ‚
806 2673 1269 2754 assignatarum.

515 2767 758 2847 Absque
775 2785 847 2828 eo
868 2767 1027 2847 quod
1055 2766 1388 2847 quidquam
1414 2765 1632 2829 referat
1660 2764 1931 2846 supervi-

400 2858 605 2921 ventia
645 2859 968 2933 Laviniae,
998 2877 1157 2940 quae
1195 2858 1310 2920 fuit
1337 2878 1490 2920 uxor
1531 2857 1829 2920 Francisci
1859 2857 1933 2919 de

398 2952 624 3014 Rubeis
657 2951 836 3014 unius
858 2972 932 3014 ex
954 2952 1096 3014 filiis
1122 2952 1472 3037 Testatoris‚
1506 2951 1649 3014 hinc
1673 2951 1931 3013 inferen-

399 3044 478 3106 do
497 3065 615 3107 non
637 3065 804 3126 pom
828 3046 1305 3128 supplementum
1329 3046 1561 3108 desumi
1583 3065 1659 3107 ex
1681 3045 1932 3109 Praedio

399 3138 465 3199 di
511 3139 793 3202 Caeondio
815 3188 832 3213 ‚
867 3140 964 3203 vel
1011 3140 1155 3223 quia
1199 3160 1343 3202 usus
1392 3140 1622 3203 fructus
1668 3138 1931 3222 ejusdem

401 3233 636 3296 Praedii
674 3253 793 3295 non
824 3234 940 3295 fuit
970 3254 1004 3296 a
1032 3237 1336 3297 Testatore
1358 3234 1768 3316 principaliter
1800 3234 1935 3295 reli·

401 3334 531 3388 ctus
556 3326 699 3389 filiis
725 3346 761 3389 a
790 3346 853 3389 se
874 3327 1125 3402 dilectis,
1155 3338 1443 3390 eteorum
1472 3328 1785 3399 uxoribus,
1823 3327 1925 3389 sed

400 3420 747 3495 accessorio,
783 3421 847 3482 in
870 3440 992 3502 quo
1009 3441 1211 3483 rerum
1242 3422 1533 3496 themate,
1567 3429 1803 3483 mortuo
1828 3421 1933 3482 Vi-

399 3531 502 3588 ro,
530 3515 691 3577 Uxor
717 3515 952 3577 nullum
971 3516 1070 3598 jus
1093 3515 1157 3576 in
1187 3515 1497 3577 usufructu
1528 3515 1801 3577 obtinere
1831 3534 1931 3596 po—

401 3615 545 3683 test;
584 3608 678 3671 vel
724 3610 870 3691 quia
895 3630 1032 3672 cum
1056 3608 1163 3670 dos
1183 3609 1480 3670 Ecclesiae
1505 3609 1569 3669 in
1606 3617 1933 3670 memorato

402 3701 656 3765 Praedio
681 3703 1002 3775 consistat,
1038 3701 1200 3783 quod
1233 3701 1531 3763 evincitur
1558 3709 1685 3784 tum
1709 3721 1783 3762 ex
1814 3703 1928 3763 De-

401 3795 577 3858 cretis
617 3796 1207 3876 Archiepiscoporum
1235 3842 1251 3869 ,
1293 3803 1422 3856 tum
1464 3814 1539 3856 ex
1580 3794 1735 3856 facto
1774 3795 1931 3856 filio·

399 3907 539 3951 rum
568 3936 585 3962 ‚
621 3889 726 3969 qui
757 3888 1084 3950 Fundatori
1118 3887 1459 3958 immediate
1485 3898 1886 3950 successerunt
1911 3935 1929 3963 ,

400 3982 493 4042 uti
515 3981 921 4061 supradictum
942 3990 1050 4054 est,
1078 4000 1198 4042 non
1232 3988 1419 4060 potest
1444 3980 1675 4060 aliquid
1699 4000 1772 4041 ex
1797 4001 1933 4042 usu·

402 4073 602 4137 fructu
630 4075 885 4156 acquiri,
912 4076 1025 4136 nisi
1055 4075 1223 4156 prius
1243 4074 1607 4136 satisfactum
1636 4075 1715 4136 sit
1743 4076 1935 4137 Eccle-

401 4167 524 4231 siae
552 4168 984 4231 manutentioni
1008 4214 1026 4242 ,
1074 4178 1133 4231 et
1175 4170 1422 4232 caeteris
1457 4168 1743 4230 oneribus
1781 4168 1933 4248 Cap-

399 4262 638 4344 pellano
659 4262 975 4344 injunctis,
1001 4262 1265 4343 quoties,
1293 4271 1469 4341 prout
1510 4262 1638 4336 hic,
1672 4263 1828 4323 bona
1856 4263 1933 4324 ad

397 4356 625 4420 dictum
662 4358 935 4420 effectum
965 4375 1004 4418 a
1030 4358 1333 4420 Testatore
1371 4354 1578 4418 relicta
1608 4375 1728 4419 non
1769 4356 1933 4417 suffi-

399 4449 596 4514 ciunt.
1680 4497 1681 4500 η

517 4542 824 4624 Scriptura
858 4541 1314 4616 circumfertur,
1351 4544 1513 4604 unde
1540 4543 1891 4624 quaeritur:

517 4636 613 4696 An
636 4656 674 4698 a
693 4636 781 4697 die
803 4639 982 4698 obitus
1014 4636 1304 4697 Francisci
1329 4638 1395 4697 de
1417 4638 1621 4698 Rubeis
1634 4639 1816 4715 juxta
1840 4637 1935 4698 Te·

398 4733 823 4792 stamentariam
862 4732 1274 4811 dispositionem
1298 4730 1543 4792 Ioannis
1569 4731 1828 4792 Andreae
1859 4735 1933 4792 sit

399 4823 582 4900 [aetus
602 4825 750 4883 locus
774 4824 1071 4884 traditioni
1095 4824 1330 4886 Praedii
1351 4825 1410 4886 di
1431 4825 1727 4886 Cacondio
1747 4827 1935 4903 favore

402 4917 684 4978 Ecclesiae
713 4917 780 4976 S.
812 4917 1068 4980 Andreae
1090 4967 1107 4989 ,
1135 4921 1286 4979 itaut
1313 4939 1483 4980 onera
1509 4921 1767 4998 injuncta
1788 4918 1934 5001 Cap-

399 5013 621 5090 pella-no
646 5013 761 5071 sint
790 5011 1148 5090 adimplenda
1170 5059 1186 5082 ,
1217 5013 1329 5072 sive
1369 5014 1678 5093 supplenda
1718 5025 1833 5075 tam
1863 5033 1935 5074 sae

396 5105 665 5164 reditibus
691 5105 930 5182 ejusdem
959 5103 1193 5166 Praedia·
1214 5154 1231 5176 ,
1277 5127 1449 5185 quam
1483 5109 1729 5168 aliorum
1770 5110 1935 5168 bono-

398 5216 527 5256 rum
549 5216 586 5257 a
612 5198 758 5258 dieto
781 5197 1056 5259 Testatore
1084 5200 1496 5279 desv‘qnatorum
1518 5202 1583 5260 in
1599 5201 1717 5279 ejus
1742 5200 1792 5261 T
1788 5211 1932 5263 esta-

401 5299 578 5352 menta
604 5292 668 5349 in
697 5309 832 5350 casu
864 5301 964 5350 etc.

508 5399 647 5452 Sacr.
674 5401 869 5467 Congr.
898 5400 1199 5468 respondit:

580 5484 673 5542 Ad
694 5484 922 5540 ‚ludices
943 5504 1094 5542 suos.

3290 542 3394 594 163

2461 689 2820 771 ουωτιο
2860 691 3155 756 σοοινι.

2134 891 2206 953 In
2232 892 2425 955 Causa
2456 891 2733 972 Cajetana
2758 942 2778 967 ‚
2811 895 2900 956 die
2924 899 2984 956 2.
3015 894 3271 957 Octobris
3300 899 3474 957 1723.

2038 1016 2327 1141 Joannes
2353 1078 2618 1159 Baptista
2638 1080 2712 1141 de
2742 1081 2866 1141 Aro
2896 1079 3040 1142 huic
3065 1080 3195 1143 Sac.
3241 1081 3578 1165 cougrega-

2037 1167 2185 1232 tioni
2218 1171 2490 1250 exposuit
2516 1217 2534 1244 ,
2563 1191 2626 1233 se
2644 1192 2749 1251 per
2774 1173 2896 1234 vim
2913 1219 2929 1246 ‚
2964 1185 3023 1235 et
3052 1183 3275 1235 metum
3300 1176 3580 1237 adactum

2036 1262 2220 1324 fuisse
2240 1262 2314 1325 ad
2337 1263 2813 1326 contrahendum
2839 1265 3293 1327 matrimonium
3319 1269 3392 1328 de
3414 1287 3577 1348 prae·

2036 1355 2186 1417 senti
2218 1375 2354 1418 cum
2394 1355 2715 1420 Catharina
2760 1359 3083 1433 Moncado,
3125 1368 3185 1421 et
3227 1380 3291 1422 se
3323 1361 3578 1423 ulterius

2037 1449 2220 1510 fuisse
2240 1468 2277 1512 a
2300 1449 2480 1511 Curia
2497 1451 2834 1532 Episcopali
2863 1454 3471 1531 excommunicatum,
3503 1475 3583 1518 ex

2035 1562 2157 1624 quo
2179 1563 2318 1605 cum
2347 1542 2453 1606 illa
2482 1545 2775 1607 renuebat
2802 1544 3183 1609 cohabitare.

2153 1638 2341 1698 Datae
2359 1636 2605 1698 fuerunt
2619 1639 2792 1721 juxta
2817 1659 3042 1701 morem
3062 1640 3298 1703 litterae
3317 1640 3393 1703 ad
3418 1660 3583 1722 prae-

2036 1728 2385 1791 defunctum
2406 1729 2764 1811 Episcopum
2794 1730 3142 1814 Cajetanum
3160 1779 3177 1807 ‚
3209 1734 3314 1814 qui
3342 1753 3582 1813 respon·

2036 1823 2156 1894 dit,
2195 1823 2583 1886 Gathar-inam
2627 1824 2809 1887 fuisse
2834 1845 2869 1887 a
2899 1827 3131 1889 Joanne
3156 1829 3418 1909 Baptista
3456 1838 3585 1891 stu·-

2042 1924 2270 1997 pratam
2296 1964 2314 1989 ,
2351 1937 2488 1979 eum
2521 1917 2705 1980 fuisse
2746 1918 3099 1982 Carceribus
3128 1923 3534 2003 mancipatum
3562 1971 3582 1995 ,

2036 2018 2096 2072 et
2126 2011 2190 2071 iu
2222 2010 2573 2073 Carceribus
2600 2010 2674 2072 de
2696 2022 2904 2093 stupro
2922 2010 3237 2076 commisso
3267 2016 3583 2078 confessio-

2040 2122 2174 2165 nem
2193 2103 2477 2178 emisisse,
2498 2112 2557 2166 et
2575 2103 2827 2166 ulterius
2846 2106 3215 2169 voluntatem
3241 2108 3583 2188 patefecisse

2038 2196 2112 2259 de
2138 2196 2460 2260 Cathariua
2492 2196 2557 2258 in
2587 2217 2835 2259 uxorem
2881 2199 3149 2262 ducenda
3171 2249 3186 2270 ,
3217 2210 3276 2263 et
3304 2222 3439 2264 cum
3477 2202 3583 2266 illa

2038 2289 2278 2353 taudem
2315 2290 2764 2353 matrimonium
2799 2290 2862 2351 in
2918 2290 3070 2354 facie
3111 2293 3407 2357 Ecclesiae
3438 2315 3583 2358 con-

2042 2383 2293 2445 traxisse
2321 2429 2339 2454 ,
2404 2390 2465 2444 et
2523 2384 3161 2447 excommunicationis
3226 2389 3582 2452 sententiam

2040 2495 2280 2557 passum
2321 2476 2543 2551 fuisse,
2590 2497 2668 2539 ex
2716 2496 2839 2559 quo
2871 2498 3008 2539 cum
3055 2479 3211 2542 dicta
3254 2480 3582 2547 Catharina

2038 2570 2387 2634 cohabitare
2415 2572 2733 2634 renuebat.

2153 2665 2457 2728 Adversus
2481 2666 2631 2729 haec
2652 2667 2914 2728 Joannes
2940 2666 3205 2748 Baptista
3228 2669 3493 2751 reposuit
3518 2690 3582 2733 se

2038 2779 2352 2841 nunquam
2373 2769 2648 2842 stuprum
2678 2759 3042 2847 commisisse
3071 2807 3089 2835 ,
3119 2763 3221 2824 sed
3254 2763 3406 2827 illud
3437 2784 3581 2826 con·

2037 2854 2259 2916 fessum
2289 2853 2471 2917 fuisse
2495 2900 2512 2929 ,
2567 2863 2636 2916 ut
2682 2874 2747 2917 se
2788 2874 2824 2917 a
2864 2855 3217 2918 Carceribus
3262 2857 3576 2933 liberaret,

2035 2946 2188 3008 itaut
2210 2946 2282 3009 de
2307 2946 2585 3009 nullitate
2608 2946 2972 3009 matrimonii
2993 2950 3426 3031 subsequenter
3447 2971 3584 3013 con-

2040 3041 2250 3115 tracti,
2302 3050 2362 3104 et
2402 3042 2477 3104 de
2521 3061 2911 3105 censurarum
2963 3044 3256 3126 injustitia
3313 3045 3579 3108 dubitari

2047 3155 2165 3197 non
2205 3135 2418 3217 possit.

2158 3231 2463 3310 Proposita
2490 3230 2696 3311 itaque
2718 3232 2846 3313 ejus
2867 3232 3058 3295 Causa
3081 3233 3142 3293 in
3165 3232 3581 3316 congregatio-

2037 3342 2111 3384 ne
2138 3323 2345 3386 habita
2384 3325 2473 3385 die
2498 3329 2597 3386 23.
2630 3325 2790 3403 Maii
2818 3329 2990 3386 1722.
3026 3325 3193 3387 nulla
3243 3327 3358 3389 fuit
3408 3339 3581 3409 capta

2038 3419 2362 3491 resolutio,
2394 3417 2495 3480 sed
2520 3418 2745 3479 dictum
2766 3464 2784 3492 ,
2821 3420 2982 3499 quod
3011 3419 3444 3502 praefigeretur
3471 3441 3581 3484 no-

2035 3529 2147 3572 vus
2172 3512 2462 3572 terminus
2476 3510 2836 3573 Catharinae
2854 3512 2928 3573 ad
2950 3531 3056 3573 sua
3075 3515 3215 3594 jura
3237 3514 3582 3580 deducenda

2037 3605 2099 3664 in
2127 3604 2258 3666 Sac.
2290 3604 2763 3687 congregatione
2788 3654 2805 3678 ,
2855 3613 2914 3667 et
2941 3608 3101 3686 quod
3149 3627 3256 3688 per
3284 3601 3578 3670 Joannem

2039 3698 2364 3778 Baptistam
2419 3699 2922 3780 coadjuvarentur
2970 3701 3354 3779 probationes
3399 3721 3580 3782 super

2042 3791 2315 3873 negativa
2342 3792 2533 3873 stupri
2566 3839 2582 3866 ,
2613 3802 2672 3854 et
2695 3793 2855 3873 quod
2886 3793 3127 3854 demum
3151 3795 3278 3875 ipse
3305 3797 3580 3859 absolve·

2040 3895 2207 3946 retur
2239 3905 2277 3947 a
2306 3884 2585 3948 Censuris
2631 3907 2736 3966 per
2772 3896 2889 3948 tres
2921 3907 3151 3949 menses
3190 3909 3325 3950 cum
3359 3892 3576 3954 reinci-

2040 3979 2276 4041 dentia.

2156 4074 2229 4133 In
2266 4092 2420 4135 nova
2447 4074 2671 4134 Causae
2699 4074 3101 4155 propositione
3125 4121 3143 4149 ,
3190 4095 3346 4156 quae
3376 4076 3582 4143 habita

2041 4166 2155 4228 fuit
2181 4168 2271 4228 die
2312 4172 2409 4228 21.
2441 4167 2770 4231 Novembris
2798 4170 3039 4247 ejusdem
3063 4173 3205 4230 anni
3246 4170 3413 4233 allati
3452 4172 3582 4235 fue·

2041 4268 2185 4322 runt
2209 4281 2243 4323 a
2270 4261 2504 4323 Joanne
2530 4262 2792 4342 Baptista
2823 4262 3101 4325 nonnulli
3134 4266 3332 4326 Testes
3356 4287 3464 4348 pro
3486 4287 3583 4329 ne-

2038 4355 2242 4436 gativa
2262 4355 2452 4436 stupri
2485 4357 2896 4436 coadjuvanda
2923 4403 2939 4430 ,
2972 4358 3072 4418 sed
3097 4357 3157 4418 S.
3190 4358 3583 4442 congregatio

2038 4448 2271 4514 distulit
2306 4449 2729 4510 resolutionem
2755 4497 2771 4520 ,
2803 4459 2862 4510 et
2891 4460 3173 4513 renovata
3205 4453 3582 4516 absolutione

2038 4563 2175 4604 cum
2200 4542 2589 4605 reincidentia
2612 4589 2629 4615 ‚
2658 4544 2908 4616 censuit,
2939 4546 3137 4605 Testes
3161 4565 3285 4607 esse
3311 4546 3582 4630 formiter

2038 4636 2468 4699 examinandos
2489 4685 2507 4708 ,
2541 4638 2721 4699 citato
2750 4638 2923 4698 Patre
2953 4638 3316 4700 Catharinae
3341 4688 3357 4710 ,
3386 4648 3445 4701 et
3478 4662 3580 4701 eo·

2033 4733 2165 4793 dem
2196 4730 2533 4812 negligente
2556 4732 2691 4811 jura
2721 4732 2998 4812 prosequi
3023 4751 3165 4794 suae
3192 4731 3354 4794 filiae
3379 4781 3396 4806 ‚
3427 4754 3583 4815 quae

2039 4834 2123 4886 est
2150 4825 2365 4887 absens
2389 4869 2406 4896 ,
2451 4834 2511 4885 et
2537 4826 2849 4906 ignoratur
2877 4870 2893 4896 ,
2939 4825 3002 4885 in
3036 4844 3155 4905 quo
3187 4825 3314 4888 loco
3357 4829 3576 4910 degat,

2041 4917 2237 4979 danda
2271 4936 2396 4977 esse
2422 4935 2458 4978 a
2504 4916 2717 4978 Fiscali
2768 4918 2970 4979 curiae
3011 4917 3469 5002 interrogatoria
3504 4942 3579 4984 ex

2042 5010 2264 5074 officio.

2156 5106 2226 5166 In
2255 5103 2664 5166 executionem
2687 5103 2866 5185 hujus
2891 5104 3180 5184 rescripti,
3203 5125 3339 5168 cum
3363 5107 3584 5175 Catha-

2042 5198 2212 5260 rinae
2242 5199 2417 5260 Pater
2469 5205 2710 5276 propter
2755 5207 3161 5276 paupertatem
3215 5219 3333 5261 non
3390 5214 3584 5283 post-et

2041 5291 2327 5354 exhibere
2353 5291 2810 5372 interrogatoria
2830 5338 2846 5361 ,
2876 5292 3084 5352 eadem
3125 5292 3371 5356 fuerunt
3398 5298 3570 5360 exhi-

2044 5387 2167 5448 bita
2194 5404 2230 5447 a
2259 5386 2650 5447 Procuratore
2681 5383 2894 5445 Fiscali
2925 5430 2939 5457 ,
2985 5393 3044 5446 et
3073 5389 3292 5450 vocatis
3320 5390 3394 5454 ad
3441 5412 3582 5454 exa-

2043 5499 2176 5542 men
2214 5478 2441 5561 Angelo
2471 5524 2488 5552 ,
2525 5486 2583 5539 et
2609 5477 2921 5539 Theodoro
2963 5479 3275 5555 TestibuS,
3319 5485 3423 5566 qui
3475 5507 3581 5556 ex·
