<?xml version="1.0" encoding="UTF-8"?>
<!DOCTYPE html PUBLIC "-//W3C//DTD XHTML 1.0 Transitional//EN"
    "http://www.w3.org/TR/xhtml1/DTD/xhtml1-transitional.dtd">
<html xmlns="http://www.w3.org/1999/xhtml" xml:lang="en" lang="en">
 <head>
  <title>
</title>
<meta http-equiv="Content-Type" content="text/html;charset=utf-8" />
  <meta name='ocr-system' content='tesseract 3.04.00' />
  <meta name='ocr-capabilities' content='ocr_page ocr_carea ocr_par ocr_line ocrx_word'/>
</head>
<body>
  <div class='ocr_page' id='page_1' title='image "benedictixivpon01xivgoog_0511.png"; bbox 0 0 4393 6299; ppageno 0'>
   <div class='ocr_carea' id='block_1_1' title="bbox 1572 522 2436 594">
    <p class='ocr_par' dir='ltr' id='par_1_1' title="bbox 1572 522 2436 594">
     <span class='ocr_line' id='line_1_1' title="bbox 1572 522 2436 594; baseline -0.007 -16"><span class='ocrx_word' id='word_1_1' title='bbox 1572 525 1618 594; x_wconf 88' lang='lat' dir='ltr'>Q</span> <span class='ocrx_word' id='word_1_2' title='bbox 1644 527 1686 578; x_wconf 86' lang='lat' dir='ltr'><strong>u</strong></span> <span class='ocrx_word' id='word_1_3' title='bbox 1712 526 1769 576; x_wconf 63' lang='lat' dir='ltr'><strong>[E</strong></span> <span class='ocrx_word' id='word_1_4' title='bbox 1796 526 1830 576; x_wconf 89' lang='lat' dir='ltr'><strong>s</strong></span> <span class='ocrx_word' id='word_1_5' title='bbox 1859 524 1905 576; x_wconf 74' lang='lat' dir='ltr'><strong>&#39;r</strong></span> <span class='ocrx_word' id='word_1_6' title='bbox 1936 522 2023 575; x_wconf 88' lang='grc' dir='ltr'><strong>ιο</strong></span> <span class='ocrx_word' id='word_1_7' title='bbox 2077 522 2436 578; x_wconf 70' lang='lat' dir='ltr'><strong>cccxcvm.</strong></span> 
     </span>
    </p>
   </div>
   <div class='ocr_carea' id='block_1_2' title="bbox 762 676 1585 755">
    <p class='ocr_par' dir='ltr' id='par_1_2' title="bbox 762 676 1585 755">
     <span class='ocr_line' id='line_1_2' title="bbox 762 676 1585 755; baseline -0.002 -13"><span class='ocrx_word' id='word_1_8' title='bbox 762 677 1121 755; x_wconf 82' lang='lat' dir='ltr'><strong>QUAESTIO</strong></span> <span class='ocrx_word' id='word_1_9' title='bbox 1167 676 1585 742; x_wconf 85' lang='lat' dir='ltr'><strong>ccchvm.</strong></span> 
     </span>
    </p>
   </div>
   <div class='ocr_carea' id='block_1_3' title="bbox 596 866 1754 1042">
    <p class='ocr_par' dir='ltr' id='par_1_3' title="bbox 596 866 1754 1042">
     <span class='ocr_line' id='line_1_3' title="bbox 596 866 1754 940; baseline -0.001 -11"><span class='ocrx_word' id='word_1_10' title='bbox 596 868 667 929; x_wconf 81' lang='lat' dir='ltr'><strong>In</strong></span> <span class='ocrx_word' id='word_1_11' title='bbox 695 866 885 931; x_wconf 74' lang='lat' dir='ltr'><strong>causa</strong></span> <span class='ocrx_word' id='word_1_12' title='bbox 908 867 1259 931; x_wconf 77' lang='lat' dir='ltr'><strong>Melcvitana</strong></span> <span class='ocrx_word' id='word_1_13' title='bbox 1287 866 1715 929; x_wconf 68' lang='lat' dir='ltr'><strong>Jurisdictionis</strong></span> <span class='ocrx_word' id='word_1_14' title='bbox 1735 914 1754 940; x_wconf 92' lang='lat'><strong>,</strong></span> 
     </span>
     <span class='ocr_line' id='line_1_4' title="bbox 769 961 1573 1042; baseline -0.004 -17"><span class='ocrx_word' id='word_1_15' title='bbox 769 964 862 1025; x_wconf 76' lang='lat' dir='ltr'><strong>dic</strong></span> <span class='ocrx_word' id='word_1_16' title='bbox 889 967 984 1025; x_wconf 87' lang='lat'><strong>18.</strong></span> <span class='ocrx_word' id='word_1_17' title='bbox 1024 961 1363 1042; x_wconf 70' lang='lat' dir='ltr'><strong>Septembris</strong></span> <span class='ocrx_word' id='word_1_18' title='bbox 1398 965 1573 1024; x_wconf 80' lang='lat'><strong>1723.</strong></span> 
     </span>
    </p>
   </div>
   <div class='ocr_carea' id='block_1_4' title="bbox 3311 525 3414 576">
    <p class='ocr_par' dir='ltr' id='par_1_4' title="bbox 3311 525 3414 576">
     <span class='ocr_line' id='line_1_5' title="bbox 3311 525 3414 576; baseline 0.019 -2"><span class='ocrx_word' id='word_1_19' title='bbox 3311 525 3414 576; x_wconf 70' lang='lat'><strong>453</strong></span> 
     </span>
    </p>
   </div>
   <div class='ocr_carea' id='block_1_5' title="bbox 2053 674 3600 1137">
    <p class='ocr_par' dir='ltr' id='par_1_5' title="bbox 2053 674 3600 1137">
     <span class='ocr_line' id='line_1_6' title="bbox 2170 674 3599 758; baseline 0.006 -24"><span class='ocrx_word' id='word_1_20' title='bbox 2170 674 2486 738; x_wconf 88' lang='lat' dir='ltr'><strong>Promotor</strong></span> <span class='ocrx_word' id='word_1_21' title='bbox 2517 675 2764 739; x_wconf 88' lang='lat' dir='ltr'><strong>Fiscalis</strong></span> <span class='ocrx_word' id='word_1_22' title='bbox 2788 696 2968 758; x_wconf 90' lang='lat' dir='ltr'><strong>super</strong></span> <span class='ocrx_word' id='word_1_23' title='bbox 3015 677 3124 739; x_wconf 84' lang='lat' dir='ltr'><strong>hoc</strong></span> <span class='ocrx_word' id='word_1_24' title='bbox 3166 676 3352 738; x_wconf 87' lang='lat' dir='ltr'><strong>dubio</strong></span> <span class='ocrx_word' id='word_1_25' title='bbox 3382 697 3499 739; x_wconf 90' lang='lat' dir='ltr'><strong>non</strong></span> <span class='ocrx_word' id='word_1_26' title='bbox 3533 698 3599 742; x_wconf 84' lang='lat' dir='ltr'><strong>se</strong></span> 
     </span>
     <span class='ocr_line' id='line_1_7' title="bbox 2055 769 3597 852; baseline 0.003 -21"><span class='ocrx_word' id='word_1_27' title='bbox 2055 769 2303 850; x_wconf 91' lang='lat' dir='ltr'><strong>opponit</strong></span> <span class='ocrx_word' id='word_1_28' title='bbox 2326 815 2346 844; x_wconf 92' lang='lat'><strong>,</strong></span> <span class='ocrx_word' id='word_1_29' title='bbox 2381 790 2520 833; x_wconf 89' lang='lat' dir='ltr'><strong>cum</strong></span> <span class='ocrx_word' id='word_1_30' title='bbox 2545 770 2695 833; x_wconf 94' lang='lat' dir='ltr'><strong>illud</strong></span> <span class='ocrx_word' id='word_1_31' title='bbox 2725 791 2845 834; x_wconf 91' lang='lat' dir='ltr'><strong>non</strong></span> <span class='ocrx_word' id='word_1_32' title='bbox 2875 771 3149 852; x_wconf 75' lang='lat' dir='ltr'><strong>respiciat</strong></span> <span class='ocrx_word' id='word_1_33' title='bbox 3175 771 3322 833; x_wconf 87' lang='lat' dir='ltr'><strong>Jura</strong></span> <span class='ocrx_word' id='word_1_34' title='bbox 3354 771 3597 852; x_wconf 84' lang='lat' dir='ltr'><strong>Episco-</strong></span> 
     </span>
     <span class='ocr_line' id='line_1_8' title="bbox 2058 864 3599 947; baseline 0.003 -22"><span class='ocrx_word' id='word_1_35' title='bbox 2058 874 2263 944; x_wconf 88' lang='lat' dir='ltr'><strong>patus,</strong></span> <span class='ocrx_word' id='word_1_36' title='bbox 2294 885 2403 927; x_wconf 89' lang='lat' dir='ltr'><strong>nec</strong></span> <span class='ocrx_word' id='word_1_37' title='bbox 2432 864 2633 927; x_wconf 88' lang='lat' dir='ltr'><strong>minus</strong></span> <span class='ocrx_word' id='word_1_38' title='bbox 2659 866 2884 929; x_wconf 91' lang='lat' dir='ltr'><strong>Vicarii</strong></span> <span class='ocrx_word' id='word_1_39' title='bbox 2913 866 3294 947; x_wconf 82' lang='lat' dir='ltr'><strong>Capitularis3</strong></span> <span class='ocrx_word' id='word_1_40' title='bbox 3327 868 3599 929; x_wconf 87' lang='lat' dir='ltr'><strong>Decanus</strong></span> 
     </span>
     <span class='ocr_line' id='line_1_9' title="bbox 2053 959 3600 1042; baseline 0.004 -24"><span class='ocrx_word' id='word_1_41' title='bbox 2053 977 2087 1018; x_wconf 92' lang='lat' dir='ltr'><strong>e</strong></span> <span class='ocrx_word' id='word_1_42' title='bbox 2112 966 2319 1021; x_wconf 89' lang='lat' dir='ltr'><strong>contra</strong></span> <span class='ocrx_word' id='word_1_43' title='bbox 2352 966 2470 1021; x_wconf 91' lang='lat' dir='ltr'><strong>stat</strong></span> <span class='ocrx_word' id='word_1_44' title='bbox 2504 979 2612 1038; x_wconf 92' lang='lat' dir='ltr'><strong>pro</strong></span> <span class='ocrx_word' id='word_1_45' title='bbox 2645 959 3027 1023; x_wconf 79' lang='lat' dir='ltr'><strong>devolutione</strong></span> <span class='ocrx_word' id='word_1_46' title='bbox 3054 960 3128 1023; x_wconf 93' lang='lat' dir='ltr'><strong>ad</strong></span> <span class='ocrx_word' id='word_1_47' title='bbox 3159 960 3514 1042; x_wconf 86' lang='lat' dir='ltr'><strong>Dignitates,</strong></span> <span class='ocrx_word' id='word_1_48' title='bbox 3537 970 3600 1024; x_wconf 89' lang='lat' dir='ltr'><strong>et</strong></span> 
     </span>
     <span class='ocr_line' id='line_1_10' title="bbox 2056 1052 3597 1137; baseline 0.003 -24"><span class='ocrx_word' id='word_1_49' title='bbox 2056 1052 2384 1116; x_wconf 89' lang='lat' dir='ltr'><strong>Canonicos</strong></span> <span class='ocrx_word' id='word_1_50' title='bbox 2407 1098 2427 1127; x_wconf 93' lang='lat'><strong>,</strong></span> <span class='ocrx_word' id='word_1_51' title='bbox 2454 1054 2711 1116; x_wconf 80' lang='lat' dir='ltr'><strong>exclusis</strong></span> <span class='ocrx_word' id='word_1_52' title='bbox 2747 1054 3206 1137; x_wconf 72' lang='lat' dir='ltr'><strong>coadjutoribus</strong></span> <span class='ocrx_word' id='word_1_53' title='bbox 3227 1102 3246 1130; x_wconf 93' lang='lat'><strong>,</strong></span> <span class='ocrx_word' id='word_1_54' title='bbox 3273 1076 3410 1117; x_wconf 88' lang='lat' dir='ltr'><strong>cum</strong></span> <span class='ocrx_word' id='word_1_55' title='bbox 3447 1056 3597 1117; x_wconf 91' lang='lat' dir='ltr'><strong>coa-</strong></span> 
     </span>
    </p>
   </div>
   <div class='ocr_carea' id='block_1_6' title="bbox 407 1095 3602 1229">
    <p class='ocr_par' dir='ltr' id='par_1_6' title="bbox 407 1095 3602 1229">
     <span class='ocr_line' id='line_1_11' title="bbox 407 1095 3602 1229; baseline -0.001 -14"><span class='ocrx_word' id='word_1_56' title='bbox 407 1095 717 1215; x_wconf 78' lang='lat' dir='ltr'><strong>Vacante</strong></span> <span class='ocrx_word' id='word_1_57' title='bbox 742 1150 894 1212; x_wconf 89' lang='lat' dir='ltr'><strong>Sede</strong></span> <span class='ocrx_word' id='word_1_58' title='bbox 920 1149 1260 1229; x_wconf 89' lang='lat' dir='ltr'><strong>Episcopali</strong></span> <span class='ocrx_word' id='word_1_59' title='bbox 1307 1148 1667 1212; x_wconf 88' lang='lat' dir='ltr'><strong>Melevitana</strong></span> <span class='ocrx_word' id='word_1_60' title='bbox 1692 1194 1709 1222; x_wconf 92' lang='lat'><strong>,</strong></span> <span class='ocrx_word' id='word_1_61' title='bbox 1739 1148 1948 1211; x_wconf 88' lang='lat' dir='ltr'><strong>electo·</strong></span> <span class='ocrx_word' id='word_1_62' title='bbox 2056 1147 2322 1227; x_wconf 84' lang='lat' dir='ltr'><strong>‹ljutores</strong></span> <span class='ocrx_word' id='word_1_63' title='bbox 2349 1147 2471 1209; x_wconf 89' lang='lat' dir='ltr'><strong>sint</strong></span> <span class='ocrx_word' id='word_1_64' title='bbox 2512 1147 2841 1229; x_wconf 90' lang='lat' dir='ltr'><strong>improprie</strong></span> <span class='ocrx_word' id='word_1_65' title='bbox 2862 1196 2879 1220; x_wconf 89' lang='lat'><strong>,</strong></span> <span class='ocrx_word' id='word_1_66' title='bbox 2923 1159 2984 1211; x_wconf 90' lang='lat' dir='ltr'><strong>et</strong></span> <span class='ocrx_word' id='word_1_67' title='bbox 3011 1149 3144 1211; x_wconf 88' lang='lat' dir='ltr'><strong>ficte</strong></span> <span class='ocrx_word' id='word_1_68' title='bbox 3170 1148 3450 1212; x_wconf 87' lang='lat' dir='ltr'><strong>canonici</strong></span> <span class='ocrx_word' id='word_1_69' title='bbox 3480 1195 3497 1221; x_wconf 93' lang='lat'><strong>,</strong></span> <span class='ocrx_word' id='word_1_70' title='bbox 3539 1158 3602 1212; x_wconf 89' lang='lat' dir='ltr'><strong>et</strong></span> 
     </span>
    </p>
   </div>
   <div class='ocr_carea' id='block_1_7' title="bbox 408 1243 1950 1327">
    <p class='ocr_par' dir='ltr' id='par_1_7' title="bbox 408 1243 1950 1327">
     <span class='ocr_line' id='line_1_12' title="bbox 408 1243 1950 1327; baseline -0.003 -20"><span class='ocrx_word' id='word_1_71' title='bbox 408 1265 528 1327; x_wconf 92' lang='lat' dir='ltr'><strong>que</strong></span> <span class='ocrx_word' id='word_1_72' title='bbox 546 1245 607 1306; x_wconf 90' lang='lat' dir='ltr'><strong>in</strong></span> <span class='ocrx_word' id='word_1_73' title='bbox 632 1245 943 1307; x_wconf 77' lang='lat' dir='ltr'><strong>vicarium</strong></span> <span class='ocrx_word' id='word_1_74' title='bbox 971 1245 1374 1325; x_wconf 89' lang='lat' dir='ltr'><strong>capitularem</strong></span> <span class='ocrx_word' id='word_1_75' title='bbox 1398 1243 1710 1305; x_wconf 90' lang='lat' dir='ltr'><strong>Dominico</strong></span> <span class='ocrx_word' id='word_1_76' title='bbox 1733 1243 1950 1304; x_wconf 86' lang='lat' dir='ltr'><strong>Xiber-</strong></span> 
     </span>
    </p>
   </div>
   <div class='ocr_carea' id='block_1_8' title="bbox 2062 1239 3598 1316">
    <p class='ocr_par' dir='ltr' id='par_1_8' title="bbox 2062 1239 3598 1316">
     <span class='ocr_line' id='line_1_13' title="bbox 2062 1239 3598 1316; baseline 0.002 -16"><span class='ocrx_word' id='word_1_77' title='bbox 2062 1239 2300 1301; x_wconf 90' lang='lat' dir='ltr'><strong>titulum</strong></span> <span class='ocrx_word' id='word_1_78' title='bbox 2332 1259 2452 1302; x_wconf 91' lang='lat' dir='ltr'><strong>non</strong></span> <span class='ocrx_word' id='word_1_79' title='bbox 2488 1240 2747 1304; x_wconf 87' lang='lat' dir='ltr'><strong>habeant</strong></span> <span class='ocrx_word' id='word_1_80' title='bbox 2791 1243 2855 1303; x_wconf 91' lang='lat' dir='ltr'><strong>iu</strong></span> <span class='ocrx_word' id='word_1_81' title='bbox 2887 1242 3249 1305; x_wconf 75' lang='lat' dir='ltr'><strong>canonicatu</strong></span> <span class='ocrx_word' id='word_1_82' title='bbox 3275 1289 3293 1316; x_wconf 91' lang='lat'><strong>,</strong></span> <span class='ocrx_word' id='word_1_83' title='bbox 3323 1251 3381 1304; x_wconf 90' lang='lat' dir='ltr'><strong>et</strong></span> <span class='ocrx_word' id='word_1_84' title='bbox 3406 1262 3598 1305; x_wconf 89' lang='lat' dir='ltr'><strong>asser-</strong></span> 
     </span>
    </p>
   </div>
   <div class='ocr_carea' id='block_1_9' title="bbox 405 1333 3601 1513">
    <p class='ocr_par' dir='ltr' id='par_1_9' title="bbox 405 1333 3601 1513">
     <span class='ocr_line' id='line_1_14' title="bbox 406 1333 3601 1419; baseline -0.001 -18"><span class='ocrx_word' id='word_1_85' title='bbox 406 1359 505 1401; x_wconf 90' lang='lat' dir='ltr'><strong>ras</strong></span> <span class='ocrx_word' id='word_1_86' title='bbox 532 1347 675 1400; x_wconf 89' lang='lat' dir='ltr'><strong>tunc</strong></span> <span class='ocrx_word' id='word_1_87' title='bbox 714 1339 1068 1419; x_wconf 74' lang='lat' dir='ltr'><strong>coadjutore</strong></span> <span class='ocrx_word' id='word_1_88' title='bbox 1113 1336 1534 1399; x_wconf 85' lang='lat' dir='ltr'><strong>Archidiaconi</strong></span> <span class='ocrx_word' id='word_1_89' title='bbox 1566 1382 1583 1409; x_wconf 92' lang='lat'><strong>,</strong></span> <span class='ocrx_word' id='word_1_90' title='bbox 1628 1345 1838 1398; x_wconf 86' lang='lat' dir='ltr'><strong>exorta</strong></span> <span class='ocrx_word' id='word_1_91' title='bbox 1863 1344 1951 1397; x_wconf 89' lang='lat' dir='ltr'><strong>est</strong></span> <span class='ocrx_word' id='word_1_92' title='bbox 2059 1333 2208 1394; x_wconf 88' lang='lat' dir='ltr'><strong>tioni</strong></span> <span class='ocrx_word' id='word_1_93' title='bbox 2233 1333 2451 1396; x_wconf 85' lang='lat' dir='ltr'><strong>Decani</strong></span> <span class='ocrx_word' id='word_1_94' title='bbox 2481 1354 2557 1397; x_wconf 80' lang='lat' dir='ltr'><strong>ex</strong></span> <span class='ocrx_word' id='word_1_95' title='bbox 2592 1335 2800 1397; x_wconf 89' lang='lat' dir='ltr'><strong>iisdem</strong></span> <span class='ocrx_word' id='word_1_96' title='bbox 2831 1336 3167 1398; x_wconf 84' lang='lat' dir='ltr'><strong>rationibus</strong></span> <span class='ocrx_word' id='word_1_97' title='bbox 3190 1336 3474 1399; x_wconf 79' lang='lat' dir='ltr'><strong>adhaeret</strong></span> <span class='ocrx_word' id='word_1_98' title='bbox 3496 1337 3601 1399; x_wconf 85' lang='lat' dir='ltr'><strong>Ca-</strong></span> 
     </span>
     <span class='ocr_line' id='line_1_15' title="bbox 405 1427 3282 1513; baseline -0.002 -18"><span class='ocrx_word' id='word_1_99' title='bbox 405 1433 809 1495; x_wconf 87' lang='lat' dir='ltr'><strong>controversia</strong></span> <span class='ocrx_word' id='word_1_100' title='bbox 837 1433 993 1494; x_wconf 90' lang='lat' dir='ltr'><strong>circa</strong></span> <span class='ocrx_word' id='word_1_101' title='bbox 1013 1434 1145 1513; x_wconf 87' lang='lat' dir='ltr'><strong>jus,</strong></span> <span class='ocrx_word' id='word_1_102' title='bbox 1175 1440 1234 1493; x_wconf 93' lang='lat' dir='ltr'><strong>et</strong></span> <span class='ocrx_word' id='word_1_103' title='bbox 1262 1430 1603 1501; x_wconf 82' lang='lat' dir='ltr'><strong>facultatem</strong></span> <span class='ocrx_word' id='word_1_104' title='bbox 1625 1450 1949 1493; x_wconf 88' lang='lat' dir='ltr'><strong>convocan-</strong></span> <span class='ocrx_word' id='word_1_105' title='bbox 2058 1427 2322 1508; x_wconf 88' lang='lat' dir='ltr'><strong>pitulum</strong></span> <span class='ocrx_word' id='word_1_106' title='bbox 2344 1427 2716 1492; x_wconf 88' lang='lat' dir='ltr'><strong>cathedralis</strong></span> <span class='ocrx_word' id='word_1_107' title='bbox 2743 1429 2805 1491; x_wconf 91' lang='lat' dir='ltr'><strong>in</strong></span> <span class='ocrx_word' id='word_1_108' title='bbox 2833 1449 2940 1493; x_wconf 86' lang='lat' dir='ltr'><strong>sua</strong></span> <span class='ocrx_word' id='word_1_109' title='bbox 2963 1431 3282 1511; x_wconf 88' lang='lat' dir='ltr'><strong>scriptura.</strong></span> 
     </span>
    </p>
   </div>
   <div class='ocr_carea' id='block_1_10' title="bbox 405 1525 1964 5265">
    <p class='ocr_par' dir='ltr' id='par_1_10' title="bbox 405 1525 1958 1964">
     <span class='ocr_line' id='line_1_16' title="bbox 407 1525 1951 1606; baseline -0.003 -19"><span class='ocrx_word' id='word_1_110' title='bbox 407 1527 470 1587; x_wconf 92' lang='lat' dir='ltr'><strong>di</strong></span> <span class='ocrx_word' id='word_1_111' title='bbox 502 1525 842 1606; x_wconf 82' lang='lat' dir='ltr'><strong>Capitulum</strong></span> <span class='ocrx_word' id='word_1_112' title='bbox 870 1572 888 1599; x_wconf 91' lang='lat'><strong>,</strong></span> <span class='ocrx_word' id='word_1_113' title='bbox 921 1533 981 1588; x_wconf 91' lang='lat' dir='ltr'><strong>et</strong></span> <span class='ocrx_word' id='word_1_114' title='bbox 1022 1525 1174 1588; x_wconf 90' lang='lat' dir='ltr'><strong>alios</strong></span> <span class='ocrx_word' id='word_1_115' title='bbox 1206 1525 1528 1586; x_wconf 88' lang='lat' dir='ltr'><strong>nonnullos</strong></span> <span class='ocrx_word' id='word_1_116' title='bbox 1555 1534 1721 1587; x_wconf 90' lang='lat' dir='ltr'><strong>actus</strong></span> <span class='ocrx_word' id='word_1_117' title='bbox 1758 1532 1951 1604; x_wconf 88' lang='lat' dir='ltr'><strong>gestos</strong></span> 
     </span>
     <span class='ocr_line' id='line_1_17' title="bbox 408 1617 1954 1700; baseline -0.003 -18"><span class='ocrx_word' id='word_1_118' title='bbox 408 1639 447 1682; x_wconf 90' lang='lat' dir='ltr'><strong>a</strong></span> <span class='ocrx_word' id='word_1_119' title='bbox 472 1619 716 1682; x_wconf 85' lang='lat' dir='ltr'><strong>Vicario</strong></span> <span class='ocrx_word' id='word_1_120' title='bbox 742 1619 1097 1700; x_wconf 79' lang='lat' dir='ltr'><strong>Capitulari3</strong></span> <span class='ocrx_word' id='word_1_121' title='bbox 1126 1619 1405 1699; x_wconf 83' lang='lat' dir='ltr'><strong>quocirca</strong></span> <span class='ocrx_word' id='word_1_122' title='bbox 1430 1619 1652 1680; x_wconf 86' lang='lat' dir='ltr'><strong>habitis</strong></span> <span class='ocrx_word' id='word_1_123' title='bbox 1682 1619 1850 1698; x_wconf 87' lang='lat' dir='ltr'><strong>prius</strong></span> <span class='ocrx_word' id='word_1_124' title='bbox 1879 1617 1954 1679; x_wconf 91' lang='lat' dir='ltr'><strong>de</strong></span> 
     </span>
     <span class='ocr_line' id='line_1_18' title="bbox 405 1711 1955 1785; baseline -0.001 -10"><span class='ocrx_word' id='word_1_125' title='bbox 405 1732 577 1776; x_wconf 85' lang='lat' dir='ltr'><strong>more</strong></span> <span class='ocrx_word' id='word_1_126' title='bbox 615 1713 963 1775; x_wconf 88' lang='lat' dir='ltr'><strong>necessariis</strong></span> <span class='ocrx_word' id='word_1_127' title='bbox 1006 1712 1541 1774; x_wconf 84' lang='lat' dir='ltr'><strong>informationibus</strong></span> <span class='ocrx_word' id='word_1_128' title='bbox 1566 1756 1583 1785; x_wconf 92' lang='lat'><strong>,</strong></span> <span class='ocrx_word' id='word_1_129' title='bbox 1631 1711 1955 1773; x_wconf 81' lang='lat' dir='ltr'><strong>deventum</strong></span> 
     </span>
     <span class='ocr_line' id='line_1_19' title="bbox 410 1804 1958 1902; baseline -0.001 -33"><span class='ocrx_word' id='word_1_130' title='bbox 410 1807 528 1870; x_wconf 87' lang='lat' dir='ltr'><strong>fuit</strong></span> <span class='ocrx_word' id='word_1_131' title='bbox 549 1807 624 1870; x_wconf 88' lang='lat' dir='ltr'><strong>ad</strong></span> <span class='ocrx_word' id='word_1_132' title='bbox 654 1807 1154 1888; x_wconf 82' lang='lat' dir='ltr'><strong>subscriptionem</strong></span> <span class='ocrx_word' id='word_1_133' title='bbox 1183 1804 1703 1902; x_wconf 80' lang='lat' dir='ltr'><strong>infrascriptorum</strong></span> <span class='ocrx_word' id='word_1_134' title='bbox 1732 1806 1958 1867; x_wconf 90' lang='lat' dir='ltr'><strong>Dubio·</strong></span> 
     </span>
     <span class='ocr_line' id='line_1_20' title="bbox 407 1921 569 1964; baseline -0.012 0"><span class='ocrx_word' id='word_1_135' title='bbox 407 1921 569 1964; x_wconf 87' lang='lat' dir='ltr'><strong>rum.</strong></span> 
     </span>
    </p>

    <p class='ocr_par' dir='ltr' id='par_1_11' title="bbox 408 1992 1955 2355">
     <span class='ocr_line' id='line_1_21' title="bbox 526 1992 1952 2076; baseline -0.001 -20"><span class='ocrx_word' id='word_1_136' title='bbox 526 1995 797 2057; x_wconf 90' lang='lat' dir='ltr'><strong>Primum</strong></span> <span class='ocrx_word' id='word_1_137' title='bbox 821 1995 1075 2057; x_wconf 90' lang='lat' dir='ltr'><strong>dubium</strong></span> <span class='ocrx_word' id='word_1_138' title='bbox 1098 1993 1336 2076; x_wconf 85' lang='lat' dir='ltr'><strong>respicit</strong></span> <span class='ocrx_word' id='word_1_139' title='bbox 1366 1992 1707 2056; x_wconf 85' lang='lat' dir='ltr'><strong>facultatem</strong></span> <span class='ocrx_word' id='word_1_140' title='bbox 1732 1994 1952 2056; x_wconf 85' lang='lat' dir='ltr'><strong>Decani</strong></span> 
     </span>
     <span class='ocr_line' id='line_1_22' title="bbox 408 2086 1954 2169; baseline -0.003 -18"><span class='ocrx_word' id='word_1_141' title='bbox 408 2086 779 2151; x_wconf 86' lang='lat' dir='ltr'><strong>Catbedralis</strong></span> <span class='ocrx_word' id='word_1_142' title='bbox 820 2107 1000 2168; x_wconf 86' lang='lat' dir='ltr'><strong>super</strong></span> <span class='ocrx_word' id='word_1_143' title='bbox 1034 2087 1176 2169; x_wconf 81' lang='lat' dir='ltr'><strong>jure</strong></span> <span class='ocrx_word' id='word_1_144' title='bbox 1200 2086 1566 2149; x_wconf 88' lang='lat' dir='ltr'><strong>convocandi</strong></span> <span class='ocrx_word' id='word_1_145' title='bbox 1610 2086 1954 2167; x_wconf 91' lang='lat' dir='ltr'><strong>Capitulum</strong></span> 
     </span>
     <span class='ocr_line' id='line_1_23' title="bbox 408 2179 1955 2263; baseline 0.001 -20"><span class='ocrx_word' id='word_1_146' title='bbox 408 2182 558 2244; x_wconf 85' lang='lat' dir='ltr'><strong>Sede</strong></span> <span class='ocrx_word' id='word_1_147' title='bbox 586 2181 920 2262; x_wconf 88' lang='lat' dir='ltr'><strong>Episcopali</strong></span> <span class='ocrx_word' id='word_1_148' title='bbox 957 2188 1241 2255; x_wconf 88' lang='lat' dir='ltr'><strong>vacante,</strong></span> <span class='ocrx_word' id='word_1_149' title='bbox 1277 2179 1446 2243; x_wconf 91' lang='lat' dir='ltr'><strong>nulla</strong></span> <span class='ocrx_word' id='word_1_150' title='bbox 1479 2180 1664 2263; x_wconf 90' lang='lat' dir='ltr'><strong>petita</strong></span> <span class='ocrx_word' id='word_1_151' title='bbox 1702 2200 1739 2244; x_wconf 88' lang='lat' dir='ltr'><strong>a</strong></span> <span class='ocrx_word' id='word_1_152' title='bbox 1776 2179 1955 2244; x_wconf 91' lang='lat' dir='ltr'><strong>Vica-</strong></span> 
     </span>
     <span class='ocr_line' id='line_1_24' title="bbox 408 2273 1162 2355; baseline -0.004 -18"><span class='ocrx_word' id='word_1_153' title='bbox 408 2275 503 2337; x_wconf 84' lang='lat' dir='ltr'><strong>rio</strong></span> <span class='ocrx_word' id='word_1_154' title='bbox 537 2273 866 2355; x_wconf 86' lang='lat' dir='ltr'><strong>Capitulari</strong></span> <span class='ocrx_word' id='word_1_155' title='bbox 902 2273 1162 2337; x_wconf 78' lang='lat' dir='ltr'><strong>lioentia.</strong></span> 
     </span>
    </p>

    <p class='ocr_par' dir='ltr' id='par_1_12' title="bbox 407 2365 1961 3951">
     <span class='ocr_line' id='line_1_25' title="bbox 530 2365 1955 2447; baseline -0.001 -18"><span class='ocrx_word' id='word_1_156' title='bbox 530 2370 841 2431; x_wconf 87' lang='lat' dir='ltr'><strong>Promotor</strong></span> <span class='ocrx_word' id='word_1_157' title='bbox 872 2367 1122 2431; x_wconf 84' lang='lat' dir='ltr'><strong>Fiscalis</strong></span> <span class='ocrx_word' id='word_1_158' title='bbox 1147 2367 1351 2437; x_wconf 87' lang='lat' dir='ltr'><strong>curiae</strong></span> <span class='ocrx_word' id='word_1_159' title='bbox 1374 2366 1740 2447; x_wconf 85' lang='lat' dir='ltr'><strong>Episcopalis</strong></span> <span class='ocrx_word' id='word_1_160' title='bbox 1771 2365 1955 2428; x_wconf 79' lang='lat' dir='ltr'><strong>Mele-</strong></span> 
     </span>
     <span class='ocr_line' id='line_1_26' title="bbox 407 2462 1957 2543; baseline -0.002 -18"><span class='ocrx_word' id='word_1_161' title='bbox 407 2463 647 2526; x_wconf 88' lang='lat' dir='ltr'><strong>vitanae</strong></span> <span class='ocrx_word' id='word_1_162' title='bbox 672 2464 997 2535; x_wconf 87' lang='lat' dir='ltr'><strong>contendit,</strong></span> <span class='ocrx_word' id='word_1_163' title='bbox 1024 2463 1414 2525; x_wconf 72' lang='lat' dir='ltr'><strong>necessariam</strong></span> <span class='ocrx_word' id='word_1_164' title='bbox 1438 2481 1563 2524; x_wconf 89' lang='lat' dir='ltr'><strong>esse</strong></span> <span class='ocrx_word' id='word_1_165' title='bbox 1589 2462 1957 2543; x_wconf 88' lang='lat' dir='ltr'><strong>praedictam</strong></span> 
     </span>
     <span class='ocr_line' id='line_1_27' title="bbox 414 2556 1955 2638; baseline -0.001 -20"><span class='ocrx_word' id='word_1_166' title='bbox 414 2557 715 2620; x_wconf 90' lang='lat' dir='ltr'><strong>licentiam</strong></span> <span class='ocrx_word' id='word_1_167' title='bbox 742 2579 760 2633; x_wconf 71' lang='grc' dir='ltr'><strong><em>ς</em></strong></span> <span class='ocrx_word' id='word_1_168' title='bbox 790 2556 1087 2638; x_wconf 87' lang='lat' dir='ltr'><strong>quidquid</strong></span> <span class='ocrx_word' id='word_1_169' title='bbox 1119 2557 1282 2618; x_wconf 90' lang='lat' dir='ltr'><strong>enim</strong></span> <span class='ocrx_word' id='word_1_170' title='bbox 1311 2556 1388 2618; x_wconf 91' lang='lat' dir='ltr'><strong>sit</strong></span> <span class='ocrx_word' id='word_1_171' title='bbox 1419 2557 1493 2618; x_wconf 89' lang='lat' dir='ltr'><strong>de</strong></span> <span class='ocrx_word' id='word_1_172' title='bbox 1516 2558 1658 2637; x_wconf 85' lang='lat' dir='ltr'><strong>jure</strong></span> <span class='ocrx_word' id='word_1_173' title='bbox 1687 2575 1955 2619; x_wconf 91' lang='lat' dir='ltr'><strong>commu-</strong></span> 
     </span>
     <span class='ocr_line' id='line_1_28' title="bbox 409 2649 1957 2733; baseline 0.001 -21"><span class='ocrx_word' id='word_1_174' title='bbox 409 2652 517 2722; x_wconf 91' lang='lat' dir='ltr'><strong>ni,</strong></span> <span class='ocrx_word' id='word_1_175' title='bbox 561 2653 736 2733; x_wconf 85' lang='lat' dir='ltr'><strong>juxta</strong></span> <span class='ocrx_word' id='word_1_176' title='bbox 783 2651 1277 2713; x_wconf 87' lang='lat' dir='ltr'><strong>Constitutionem</strong></span> <span class='ocrx_word' id='word_1_177' title='bbox 1324 2649 1684 2732; x_wconf 82' lang='lat' dir='ltr'><strong>Synodalem</strong></span> <span class='ocrx_word' id='word_1_178' title='bbox 1736 2652 1797 2710; x_wconf 90' lang='lat' dir='ltr'><strong>in</strong></span> <span class='ocrx_word' id='word_1_179' title='bbox 1846 2650 1957 2713; x_wconf 90' lang='lat' dir='ltr'><strong>hac</strong></span> 
     </span>
     <span class='ocr_line' id='line_1_29' title="bbox 410 2744 1957 2826; baseline -0.001 -20"><span class='ocrx_word' id='word_1_180' title='bbox 410 2745 589 2808; x_wconf 88' lang='lat' dir='ltr'><strong>Sacra</strong></span> <span class='ocrx_word' id='word_1_181' title='bbox 638 2744 1109 2826; x_wconf 75' lang='lat' dir='ltr'><strong>congregatione</strong></span> <span class='ocrx_word' id='word_1_182' title='bbox 1149 2745 1470 2807; x_wconf 86' lang='lat' dir='ltr'><strong>discussam</strong></span> <span class='ocrx_word' id='word_1_183' title='bbox 1496 2789 1514 2816; x_wconf 91' lang='lat'><strong>,</strong></span> <span class='ocrx_word' id='word_1_184' title='bbox 1558 2752 1618 2805; x_wconf 90' lang='lat' dir='ltr'><strong>et</strong></span> <span class='ocrx_word' id='word_1_185' title='bbox 1658 2744 1957 2824; x_wconf 87' lang='lat' dir='ltr'><strong>approba-</strong></span> 
     </span>
     <span class='ocr_line' id='line_1_30' title="bbox 412 2837 1955 2920; baseline 0.001 -19"><span class='ocrx_word' id='word_1_186' title='bbox 412 2847 533 2901; x_wconf 89' lang='lat' dir='ltr'><strong>tam</strong></span> <span class='ocrx_word' id='word_1_187' title='bbox 562 2884 578 2913; x_wconf 92' lang='lat'><strong>,</strong></span> <span class='ocrx_word' id='word_1_188' title='bbox 609 2859 728 2900; x_wconf 92' lang='lat' dir='ltr'><strong>non</strong></span> <span class='ocrx_word' id='word_1_189' title='bbox 764 2847 953 2920; x_wconf 89' lang='lat' dir='ltr'><strong>potest</strong></span> <span class='ocrx_word' id='word_1_190' title='bbox 995 2837 1338 2920; x_wconf 88' lang='lat' dir='ltr'><strong>Capitulum</strong></span> <span class='ocrx_word' id='word_1_191' title='bbox 1367 2840 1429 2900; x_wconf 91' lang='lat' dir='ltr'><strong>in</strong></span> <span class='ocrx_word' id='word_1_192' title='bbox 1460 2838 1802 2901; x_wconf 88' lang='lat' dir='ltr'><strong>cathedrali</strong></span> <span class='ocrx_word' id='word_1_193' title='bbox 1831 2841 1955 2901; x_wconf 86' lang='lat' dir='ltr'><strong>Me·</strong></span> 
     </span>
     <span class='ocr_line' id='line_1_31' title="bbox 410 2931 1956 2997; baseline -0.001 -3"><span class='ocrx_word' id='word_1_194' title='bbox 410 2931 672 2995; x_wconf 89' lang='lat' dir='ltr'><strong>levitana</strong></span> <span class='ocrx_word' id='word_1_195' title='bbox 721 2933 1035 2996; x_wconf 85' lang='lat' dir='ltr'><strong>convocari</strong></span> <span class='ocrx_word' id='word_1_196' title='bbox 1085 2951 1119 2994; x_wconf 91' lang='lat' dir='ltr'><strong>a</strong></span> <span class='ocrx_word' id='word_1_197' title='bbox 1173 2933 1488 2997; x_wconf 90' lang='lat' dir='ltr'><strong>canonicis</strong></span> <span class='ocrx_word' id='word_1_198' title='bbox 1535 2932 1666 2994; x_wconf 86' lang='lat' dir='ltr'><strong>sine</strong></span> <span class='ocrx_word' id='word_1_199' title='bbox 1718 2931 1956 2994; x_wconf 89' lang='lat' dir='ltr'><strong>licentia</strong></span> 
     </span>
     <span class='ocr_line' id='line_1_32' title="bbox 409 3026 1957 3107; baseline -0.001 -19"><span class='ocrx_word' id='word_1_200' title='bbox 409 3026 684 3107; x_wconf 87' lang='lat' dir='ltr'><strong>Episcopi</strong></span> <span class='ocrx_word' id='word_1_201' title='bbox 708 3047 784 3089; x_wconf 81' lang='lat' dir='ltr'><strong>ex</strong></span> <span class='ocrx_word' id='word_1_202' title='bbox 812 3027 1240 3090; x_wconf 89' lang='lat' dir='ltr'><strong>consuetudine</strong></span> <span class='ocrx_word' id='word_1_203' title='bbox 1266 3026 1487 3089; x_wconf 87' lang='lat' dir='ltr'><strong>ibidem</strong></span> <span class='ocrx_word' id='word_1_204' title='bbox 1516 3035 1774 3107; x_wconf 76' lang='lat' dir='ltr'><strong>recepta3</strong></span> <span class='ocrx_word' id='word_1_205' title='bbox 1798 3047 1957 3089; x_wconf 89' lang='lat' dir='ltr'><strong>cum·</strong></span> 
     </span>
     <span class='ocr_line' id='line_1_33' title="bbox 411 3119 1960 3204; baseline 0.001 -23"><span class='ocrx_word' id='word_1_206' title='bbox 411 3138 532 3201; x_wconf 88' lang='lat' dir='ltr'><strong>que</strong></span> <span class='ocrx_word' id='word_1_207' title='bbox 573 3120 852 3182; x_wconf 87' lang='lat' dir='ltr'><strong>Vicarius</strong></span> <span class='ocrx_word' id='word_1_208' title='bbox 894 3119 1258 3202; x_wconf 87' lang='lat' dir='ltr'><strong>capitularis</strong></span> <span class='ocrx_word' id='word_1_209' title='bbox 1300 3120 1573 3184; x_wconf 88' lang='lat' dir='ltr'><strong>succedat</strong></span> <span class='ocrx_word' id='word_1_210' title='bbox 1615 3120 1676 3181; x_wconf 89' lang='lat' dir='ltr'><strong>in</strong></span> <span class='ocrx_word' id='word_1_211' title='bbox 1716 3120 1960 3204; x_wconf 87' lang='lat' dir='ltr'><strong>juribus</strong></span> 
     </span>
     <span class='ocr_line' id='line_1_34' title="bbox 409 3212 1957 3296; baseline 0 -20"><span class='ocrx_word' id='word_1_212' title='bbox 409 3214 709 3295; x_wconf 88' lang='lat' dir='ltr'><strong>Episcopi,</strong></span> <span class='ocrx_word' id='word_1_213' title='bbox 733 3212 913 3278; x_wconf 85' lang='lat' dir='ltr'><strong>etiam</strong></span> <span class='ocrx_word' id='word_1_214' title='bbox 942 3214 991 3274; x_wconf 90' lang='lat' dir='ltr'><strong>si</strong></span> <span class='ocrx_word' id='word_1_215' title='bbox 1016 3213 1162 3277; x_wconf 88' lang='lat' dir='ltr'><strong>haec</strong></span> <span class='ocrx_word' id='word_1_216' title='bbox 1190 3214 1479 3296; x_wconf 85' lang='lat' dir='ltr'><strong>acquisita</strong></span> <span class='ocrx_word' id='word_1_217' title='bbox 1501 3215 1580 3276; x_wconf 91' lang='lat' dir='ltr'><strong>sit</strong></span> <span class='ocrx_word' id='word_1_218' title='bbox 1605 3233 1679 3276; x_wconf 82' lang='lat' dir='ltr'><strong>ex</strong></span> <span class='ocrx_word' id='word_1_219' title='bbox 1710 3234 1957 3277; x_wconf 89' lang='lat' dir='ltr'><strong>consue-</strong></span> 
     </span>
     <span class='ocr_line' id='line_1_35' title="bbox 411 3307 1960 3388; baseline -0.001 -18"><span class='ocrx_word' id='word_1_220' title='bbox 411 3308 623 3371; x_wconf 86' lang='lat' dir='ltr'><strong>tudine</strong></span> <span class='ocrx_word' id='word_1_221' title='bbox 646 3356 663 3380; x_wconf 94' lang='lat'><strong>,</strong></span> <span class='ocrx_word' id='word_1_222' title='bbox 692 3307 789 3371; x_wconf 89' lang='lat' dir='ltr'><strong>vel</strong></span> <span class='ocrx_word' id='word_1_223' title='bbox 820 3308 1283 3388; x_wconf 84' lang='lat' dir='ltr'><strong>praescriptione</strong></span> <span class='ocrx_word' id='word_1_224' title='bbox 1307 3354 1327 3382; x_wconf 90' lang='lat'><strong>,</strong></span> <span class='ocrx_word' id='word_1_225' title='bbox 1362 3308 1505 3369; x_wconf 90' lang='lat' dir='ltr'><strong>hinc</strong></span> <span class='ocrx_word' id='word_1_226' title='bbox 1527 3308 1840 3370; x_wconf 90' lang='lat' dir='ltr'><strong>Promotor</strong></span> <span class='ocrx_word' id='word_1_227' title='bbox 1865 3308 1960 3369; x_wconf 89' lang='lat' dir='ltr'><strong>in·</strong></span> 
     </span>
     <span class='ocr_line' id='line_1_36' title="bbox 413 3400 1960 3483; baseline 0.001 -19"><span class='ocrx_word' id='word_1_228' title='bbox 413 3402 552 3475; x_wconf 87' lang='lat' dir='ltr'><strong>fert,</strong></span> <span class='ocrx_word' id='word_1_229' title='bbox 584 3402 746 3483; x_wconf 86' lang='lat' dir='ltr'><strong>quod</strong></span> <span class='ocrx_word' id='word_1_230' title='bbox 777 3402 826 3462; x_wconf 90' lang='lat' dir='ltr'><strong>si</strong></span> <span class='ocrx_word' id='word_1_231' title='bbox 862 3400 1099 3464; x_wconf 87' lang='lat' dir='ltr'><strong>vivente</strong></span> <span class='ocrx_word' id='word_1_232' title='bbox 1125 3401 1417 3482; x_wconf 87' lang='lat' dir='ltr'><strong>Episcopo</strong></span> <span class='ocrx_word' id='word_1_233' title='bbox 1452 3402 1701 3482; x_wconf 88' lang='lat' dir='ltr'><strong>petenda</strong></span> <span class='ocrx_word' id='word_1_234' title='bbox 1731 3410 1861 3464; x_wconf 91' lang='lat' dir='ltr'><strong>erat</strong></span> <span class='ocrx_word' id='word_1_235' title='bbox 1881 3403 1960 3465; x_wconf 92' lang='lat' dir='ltr'><strong>ab</strong></span> 
     </span>
     <span class='ocr_line' id='line_1_37' title="bbox 414 3494 1956 3577; baseline 0.001 -21"><span class='ocrx_word' id='word_1_236' title='bbox 414 3496 544 3576; x_wconf 86' lang='lat' dir='ltr'><strong>ipso</strong></span> <span class='ocrx_word' id='word_1_237' title='bbox 590 3495 828 3557; x_wconf 89' lang='lat' dir='ltr'><strong>licentia</strong></span> <span class='ocrx_word' id='word_1_238' title='bbox 854 3540 871 3566; x_wconf 90' lang='lat'>‚</span> <span class='ocrx_word' id='word_1_239' title='bbox 910 3496 1022 3557; x_wconf 86' lang='lat' dir='ltr'><strong>hoc</strong></span> <span class='ocrx_word' id='word_1_240' title='bbox 1069 3494 1267 3575; x_wconf 89' lang='lat' dir='ltr'><strong>ipsum</strong></span> <span class='ocrx_word' id='word_1_241' title='bbox 1289 3544 1307 3566; x_wconf 94' lang='lat'><strong>,</strong></span> <span class='ocrx_word' id='word_1_242' title='bbox 1341 3503 1579 3557; x_wconf 86' lang='lat' dir='ltr'><strong>mortuo</strong></span> <span class='ocrx_word' id='word_1_243' title='bbox 1619 3496 1913 3577; x_wconf 89' lang='lat' dir='ltr'><strong>Episcopo</strong></span> <span class='ocrx_word' id='word_1_244' title='bbox 1939 3543 1956 3569; x_wconf 91' lang='lat'><strong>,</strong></span> 
     </span>
     <span class='ocr_line' id='line_1_38' title="bbox 418 3587 1958 3671; baseline 0.001 -21"><span class='ocrx_word' id='word_1_245' title='bbox 418 3588 552 3651; x_wconf 89' lang='lat' dir='ltr'><strong>fieri</strong></span> <span class='ocrx_word' id='word_1_246' title='bbox 577 3589 748 3651; x_wconf 87' lang='lat' dir='ltr'><strong>debet</strong></span> <span class='ocrx_word' id='word_1_247' title='bbox 771 3608 910 3671; x_wconf 89' lang='lat' dir='ltr'><strong>erga</strong></span> <span class='ocrx_word' id='word_1_248' title='bbox 933 3588 1240 3649; x_wconf 80' lang='lat' dir='ltr'><strong>vicarium</strong></span> <span class='ocrx_word' id='word_1_249' title='bbox 1272 3587 1698 3670; x_wconf 85' lang='lat' dir='ltr'><strong>capitularem,</strong></span> <span class='ocrx_word' id='word_1_250' title='bbox 1723 3599 1780 3652; x_wconf 89' lang='lat' dir='ltr'><strong>et</strong></span> <span class='ocrx_word' id='word_1_251' title='bbox 1802 3590 1958 3652; x_wconf 89' lang='lat' dir='ltr'><strong>mul-</strong></span> 
     </span>
     <span class='ocr_line' id='line_1_39' title="bbox 420 3683 1961 3766; baseline 0 -20"><span class='ocrx_word' id='word_1_252' title='bbox 420 3691 482 3747; x_wconf 91' lang='lat' dir='ltr'><strong>to</strong></span> <span class='ocrx_word' id='word_1_253' title='bbox 513 3683 703 3766; x_wconf 86' lang='lat' dir='ltr'><strong>magis</strong></span> <span class='ocrx_word' id='word_1_254' title='bbox 728 3703 866 3745; x_wconf 90' lang='lat' dir='ltr'><strong>cum</strong></span> <span class='ocrx_word' id='word_1_255' title='bbox 899 3701 1019 3743; x_wconf 91' lang='lat' dir='ltr'><strong>non</strong></span> <span class='ocrx_word' id='word_1_256' title='bbox 1046 3683 1334 3762; x_wconf 89' lang='lat' dir='ltr'><strong>probetur</strong></span> <span class='ocrx_word' id='word_1_257' title='bbox 1359 3728 1377 3756; x_wconf 90' lang='lat'><strong>,</strong></span> <span class='ocrx_word' id='word_1_258' title='bbox 1408 3684 1571 3763; x_wconf 90' lang='lat' dir='ltr'><strong>quod</strong></span> <span class='ocrx_word' id='word_1_259' title='bbox 1601 3683 1665 3744; x_wconf 91' lang='lat' dir='ltr'><strong>in</strong></span> <span class='ocrx_word' id='word_1_260' title='bbox 1700 3684 1837 3746; x_wconf 88' lang='lat' dir='ltr'><strong>aliis</strong></span> <span class='ocrx_word' id='word_1_261' title='bbox 1863 3685 1961 3746; x_wconf 88' lang='lat' dir='ltr'><strong>Se-</strong></span> 
     </span>
     <span class='ocr_line' id='line_1_40' title="bbox 416 3771 1961 3861; baseline 0.001 -20"><span class='ocrx_word' id='word_1_262' title='bbox 416 3778 597 3841; x_wconf 90' lang='lat' dir='ltr'><strong>dibus</strong></span> <span class='ocrx_word' id='word_1_263' title='bbox 633 3771 983 3840; x_wconf 84' lang='lat' dir='ltr'><strong>vacantibus</strong></span> <span class='ocrx_word' id='word_1_264' title='bbox 1022 3775 1175 3838; x_wconf 87' lang='lat' dir='ltr'><strong>facta</strong></span> <span class='ocrx_word' id='word_1_265' title='bbox 1204 3776 1383 3838; x_wconf 88' lang='lat' dir='ltr'><strong>fuerit</strong></span> <span class='ocrx_word' id='word_1_266' title='bbox 1413 3779 1759 3841; x_wconf 86' lang='lat' dir='ltr'><strong>convocatio</strong></span> <span class='ocrx_word' id='word_1_267' title='bbox 1785 3779 1961 3861; x_wconf 89' lang='lat' dir='ltr'><strong>Capi-</strong></span> 
     </span>
     <span class='ocr_line' id='line_1_41' title="bbox 416 3870 1776 3951; baseline -0.002 -16"><span class='ocrx_word' id='word_1_268' title='bbox 416 3872 684 3935; x_wconf 89' lang='lat' dir='ltr'><strong>tulorum</strong></span> <span class='ocrx_word' id='word_1_269' title='bbox 710 3871 841 3933; x_wconf 90' lang='lat' dir='ltr'><strong>sine</strong></span> <span class='ocrx_word' id='word_1_270' title='bbox 870 3870 1108 3933; x_wconf 90' lang='lat' dir='ltr'><strong>licentia</strong></span> <span class='ocrx_word' id='word_1_271' title='bbox 1141 3870 1368 3933; x_wconf 90' lang='lat' dir='ltr'><strong>Vicarii</strong></span> <span class='ocrx_word' id='word_1_272' title='bbox 1395 3870 1776 3951; x_wconf 87' lang='lat' dir='ltr'><strong>Capitularis.</strong></span> 
     </span>
    </p>

    <p class='ocr_par' dir='ltr' id='par_1_13' title="bbox 414 3965 1960 5077">
     <span class='ocr_line' id='line_1_42' title="bbox 531 3965 1955 4045; baseline 0.001 -18"><span class='ocrx_word' id='word_1_273' title='bbox 531 3967 804 4028; x_wconf 87' lang='lat' dir='ltr'><strong>Decanus</strong></span> <span class='ocrx_word' id='word_1_274' title='bbox 833 3985 866 4026; x_wconf 94' lang='lat' dir='ltr'><strong>e</strong></span> <span class='ocrx_word' id='word_1_275' title='bbox 892 3974 1100 4027; x_wconf 89' lang='lat' dir='ltr'><strong>contra</strong></span> <span class='ocrx_word' id='word_1_276' title='bbox 1130 3965 1496 4045; x_wconf 87' lang='lat' dir='ltr'><strong>praetendit,</strong></span> <span class='ocrx_word' id='word_1_277' title='bbox 1521 3965 1737 4028; x_wconf 89' lang='lat' dir='ltr'><strong>dictam</strong></span> <span class='ocrx_word' id='word_1_278' title='bbox 1774 3966 1955 4029; x_wconf 88' lang='lat' dir='ltr'><strong>licen-</strong></span> 
     </span>
     <span class='ocr_line' id='line_1_43' title="bbox 415 4059 1960 4142; baseline 0 -20"><span class='ocrx_word' id='word_1_279' title='bbox 415 4060 561 4123; x_wconf 86' lang='lat' dir='ltr'><strong>tiam</strong></span> <span class='ocrx_word' id='word_1_280' title='bbox 591 4081 709 4122; x_wconf 90' lang='lat' dir='ltr'><strong>non</strong></span> <span class='ocrx_word' id='word_1_281' title='bbox 742 4060 994 4140; x_wconf 84' lang='lat' dir='ltr'><strong>requiri,</strong></span> <span class='ocrx_word' id='word_1_282' title='bbox 1026 4069 1155 4122; x_wconf 92' lang='lat' dir='ltr'><strong>tum</strong></span> <span class='ocrx_word' id='word_1_283' title='bbox 1183 4059 1329 4141; x_wconf 88' lang='lat' dir='ltr'><strong>quia</strong></span> <span class='ocrx_word' id='word_1_284' title='bbox 1353 4059 1428 4121; x_wconf 91' lang='lat' dir='ltr'><strong>de</strong></span> <span class='ocrx_word' id='word_1_285' title='bbox 1448 4060 1587 4142; x_wconf 83' lang='lat' dir='ltr'><strong>jure</strong></span> <span class='ocrx_word' id='word_1_286' title='bbox 1614 4062 1960 4122; x_wconf 81' lang='lat' dir='ltr'><strong>convocatio</strong></span> 
     </span>
     <span class='ocr_line' id='line_1_44' title="bbox 415 4153 1959 4236; baseline 0 -19"><span class='ocrx_word' id='word_1_287' title='bbox 415 4154 675 4235; x_wconf 88' lang='lat' dir='ltr'><strong>capituli</strong></span> <span class='ocrx_word' id='word_1_288' title='bbox 701 4153 891 4215; x_wconf 86' lang='lat' dir='ltr'><strong>libera</strong></span> <span class='ocrx_word' id='word_1_289' title='bbox 917 4161 1027 4227; x_wconf 89' lang='lat' dir='ltr'><strong>est,</strong></span> <span class='ocrx_word' id='word_1_290' title='bbox 1066 4174 1172 4215; x_wconf 91' lang='lat' dir='ltr'><strong>nec</strong></span> <span class='ocrx_word' id='word_1_291' title='bbox 1202 4153 1534 4234; x_wconf 85' lang='lat' dir='ltr'><strong>requiritur</strong></span> <span class='ocrx_word' id='word_1_292' title='bbox 1563 4153 1800 4216; x_wconf 87' lang='lat' dir='ltr'><strong>licentia</strong></span> <span class='ocrx_word' id='word_1_293' title='bbox 1824 4157 1959 4236; x_wconf 90' lang='lat' dir='ltr'><strong>Epi·</strong></span> 
     </span>
     <span class='ocr_line' id='line_1_45' title="bbox 414 4248 1959 4329; baseline 0.001 -19"><span class='ocrx_word' id='word_1_294' title='bbox 414 4249 599 4329; x_wconf 86' lang='lat' dir='ltr'><strong>scopi,</strong></span> <span class='ocrx_word' id='word_1_295' title='bbox 621 4257 680 4309; x_wconf 89' lang='lat' dir='ltr'><strong>et</strong></span> <span class='ocrx_word' id='word_1_296' title='bbox 706 4248 768 4308; x_wconf 87' lang='lat' dir='ltr'><strong>in</strong></span> <span class='ocrx_word' id='word_1_297' title='bbox 802 4258 1032 4309; x_wconf 88' lang='lat' dir='ltr'><strong>tantum</strong></span> <span class='ocrx_word' id='word_1_298' title='bbox 1062 4249 1216 4310; x_wconf 89' lang='lat' dir='ltr'><strong>dicta</strong></span> <span class='ocrx_word' id='word_1_299' title='bbox 1247 4248 1485 4310; x_wconf 89' lang='lat' dir='ltr'><strong>licentia</strong></span> <span class='ocrx_word' id='word_1_300' title='bbox 1518 4259 1606 4310; x_wconf 90' lang='lat' dir='ltr'><strong>est</strong></span> <span class='ocrx_word' id='word_1_301' title='bbox 1632 4252 1959 4313; x_wconf 86' lang='lat' dir='ltr'><strong>necessaria</strong></span> 
     </span>
     <span class='ocr_line' id='line_1_46' title="bbox 417 4340 1959 4425; baseline 0.003 -24"><span class='ocrx_word' id='word_1_302' title='bbox 417 4340 481 4401; x_wconf 90' lang='lat' dir='ltr'><strong>iu</strong></span> <span class='ocrx_word' id='word_1_303' title='bbox 510 4342 772 4403; x_wconf 88' lang='lat' dir='ltr'><strong>Dioecesi</strong></span> <span class='ocrx_word' id='word_1_304' title='bbox 808 4340 1166 4402; x_wconf 84' lang='lat' dir='ltr'><strong>Melevitana</strong></span> <span class='ocrx_word' id='word_1_305' title='bbox 1195 4387 1212 4414; x_wconf 93' lang='lat'><strong>,</strong></span> <span class='ocrx_word' id='word_1_306' title='bbox 1248 4340 1309 4401; x_wconf 91' lang='lat' dir='ltr'><strong>in</strong></span> <span class='ocrx_word' id='word_1_307' title='bbox 1345 4351 1639 4422; x_wconf 89' lang='lat' dir='ltr'><strong>quantum</strong></span> <span class='ocrx_word' id='word_1_308' title='bbox 1669 4343 1825 4425; x_wconf 79' lang='lat' dir='ltr'><strong>viget</strong></span> <span class='ocrx_word' id='word_1_309' title='bbox 1852 4365 1959 4423; x_wconf 92' lang='lat' dir='ltr'><strong>pro</strong></span> 
     </span>
     <span class='ocr_line' id='line_1_47' title="bbox 416 4435 1959 4516; baseline 0.004 -21"><span class='ocrx_word' id='word_1_310' title='bbox 416 4435 708 4516; x_wconf 83' lang='lat' dir='ltr'><strong>Episcopo</strong></span> <span class='ocrx_word' id='word_1_311' title='bbox 753 4436 1159 4509; x_wconf 89' lang='lat' dir='ltr'><strong>consuetudo,</strong></span> <span class='ocrx_word' id='word_1_312' title='bbox 1202 4454 1360 4515; x_wconf 87' lang='lat' dir='ltr'><strong>quae</strong></span> <span class='ocrx_word' id='word_1_313' title='bbox 1403 4456 1540 4499; x_wconf 87' lang='lat' dir='ltr'><strong>cum</strong></span> <span class='ocrx_word' id='word_1_314' title='bbox 1575 4457 1696 4500; x_wconf 93' lang='lat' dir='ltr'><strong>non</strong></span> <span class='ocrx_word' id='word_1_315' title='bbox 1745 4438 1959 4501; x_wconf 89' lang='lat' dir='ltr'><strong>militet</strong></span> 
     </span>
     <span class='ocr_line' id='line_1_48' title="bbox 418 4528 1958 4614; baseline 0.003 -25"><span class='ocrx_word' id='word_1_316' title='bbox 418 4547 529 4609; x_wconf 91' lang='lat' dir='ltr'><strong>pro</strong></span> <span class='ocrx_word' id='word_1_317' title='bbox 558 4529 823 4603; x_wconf 86' lang='lat' dir='ltr'><strong>Vicario,</strong></span> <span class='ocrx_word' id='word_1_318' title='bbox 847 4528 989 4590; x_wconf 88' lang='lat' dir='ltr'><strong>binc</strong></span> <span class='ocrx_word' id='word_1_319' title='bbox 1014 4539 1124 4601; x_wconf 89' lang='lat' dir='ltr'><strong>est,</strong></span> <span class='ocrx_word' id='word_1_320' title='bbox 1156 4529 1438 4593; x_wconf 88' lang='lat' dir='ltr'><strong>intactam</strong></span> <span class='ocrx_word' id='word_1_321' title='bbox 1472 4551 1783 4594; x_wconf 89' lang='lat' dir='ltr'><strong>remanere</strong></span> <span class='ocrx_word' id='word_1_322' title='bbox 1800 4533 1958 4614; x_wconf 85' lang='lat' dir='ltr'><strong>juris</strong></span> 
     </span>
     <span class='ocr_line' id='line_1_49' title="bbox 417 4622 1959 4703; baseline 0.003 -20"><span class='ocrx_word' id='word_1_323' title='bbox 417 4622 752 4683; x_wconf 89' lang='lat' dir='ltr'><strong>communis</strong></span> <span class='ocrx_word' id='word_1_324' title='bbox 812 4641 1124 4683; x_wconf 81' lang='lat' dir='ltr'><strong>censuram</strong></span> <span class='ocrx_word' id='word_1_325' title='bbox 1175 4631 1440 4703; x_wconf 88' lang='lat' dir='ltr'><strong>tempore</strong></span> <span class='ocrx_word' id='word_1_326' title='bbox 1480 4624 1648 4687; x_wconf 86' lang='lat' dir='ltr'><strong>Sedis</strong></span> <span class='ocrx_word' id='word_1_327' title='bbox 1694 4625 1959 4688; x_wconf 89' lang='lat' dir='ltr'><strong>vacantis</strong></span> 
     </span>
     <span class='ocr_line' id='line_1_50' title="bbox 417 4714 1957 4797; baseline 0.003 -22"><span class='ocrx_word' id='word_1_328' title='bbox 417 4714 625 4776; x_wconf 83' lang='lat' dir='ltr'><strong>favore</strong></span> <span class='ocrx_word' id='word_1_329' title='bbox 655 4714 937 4795; x_wconf 86' lang='lat' dir='ltr'><strong>Capituli,</strong></span> <span class='ocrx_word' id='word_1_330' title='bbox 970 4723 1096 4775; x_wconf 90' lang='lat' dir='ltr'><strong>tum</strong></span> <span class='ocrx_word' id='word_1_331' title='bbox 1123 4716 1268 4796; x_wconf 88' lang='lat' dir='ltr'><strong>quia</strong></span> <span class='ocrx_word' id='word_1_332' title='bbox 1291 4728 1513 4797; x_wconf 88' lang='lat' dir='ltr'><strong>septem</strong></span> <span class='ocrx_word' id='word_1_333' title='bbox 1543 4718 1826 4782; x_wconf 89' lang='lat' dir='ltr'><strong>Canonici</strong></span> <span class='ocrx_word' id='word_1_334' title='bbox 1847 4739 1957 4781; x_wconf 91' lang='lat' dir='ltr'><strong>an·</strong></span> 
     </span>
     <span class='ocr_line' id='line_1_51' title="bbox 421 4809 1956 4894; baseline 0.004 -25"><span class='ocrx_word' id='word_1_335' title='bbox 421 4809 709 4889; x_wconf 86' lang='lat' dir='ltr'><strong>tiquiores</strong></span> <span class='ocrx_word' id='word_1_336' title='bbox 751 4809 1115 4889; x_wconf 86' lang='lat' dir='ltr'><strong>amplissime</strong></span> <span class='ocrx_word' id='word_1_337' title='bbox 1160 4819 1447 4873; x_wconf 89' lang='lat' dir='ltr'><strong>testantur</strong></span> <span class='ocrx_word' id='word_1_338' title='bbox 1473 4859 1490 4885; x_wconf 93' lang='lat'><strong>,</strong></span> <span class='ocrx_word' id='word_1_339' title='bbox 1534 4832 1846 4894; x_wconf 89' lang='lat' dir='ltr'><strong>nunquam</strong></span> <span class='ocrx_word' id='word_1_340' title='bbox 1895 4813 1956 4875; x_wconf 90' lang='lat' dir='ltr'><strong>in</strong></span> 
     </span>
     <span class='ocr_line' id='line_1_52' title="bbox 422 4902 1956 4987; baseline 0.005 -25"><span class='ocrx_word' id='word_1_341' title='bbox 422 4902 760 4981; x_wconf 88' lang='lat' dir='ltr'><strong>praeteritis</strong></span> <span class='ocrx_word' id='word_1_342' title='bbox 803 4902 1331 4964; x_wconf 87' lang='lat' dir='ltr'><strong>convocationibus</strong></span> <span class='ocrx_word' id='word_1_343' title='bbox 1359 4905 1768 4984; x_wconf 86' lang='lat' dir='ltr'><strong>Capitulorum</strong></span> <span class='ocrx_word' id='word_1_344' title='bbox 1808 4907 1956 4987; x_wconf 86' lang='lat' dir='ltr'><strong>peti-</strong></span> 
     </span>
     <span class='ocr_line' id='line_1_53' title="bbox 424 4995 1796 5077; baseline 0.001 -19"><span class='ocrx_word' id='word_1_345' title='bbox 424 5005 545 5058; x_wconf 86' lang='lat' dir='ltr'><strong>tam</strong></span> <span class='ocrx_word' id='word_1_346' title='bbox 581 4995 763 5058; x_wconf 90' lang='lat' dir='ltr'><strong>fuisse</strong></span> <span class='ocrx_word' id='word_1_347' title='bbox 788 5015 823 5057; x_wconf 89' lang='lat' dir='ltr'><strong>a</strong></span> <span class='ocrx_word' id='word_1_348' title='bbox 851 4995 1094 5058; x_wconf 85' lang='lat' dir='ltr'><strong>Vicario</strong></span> <span class='ocrx_word' id='word_1_349' title='bbox 1121 4996 1447 5077; x_wconf 85' lang='lat' dir='ltr'><strong>Capitulari</strong></span> <span class='ocrx_word' id='word_1_350' title='bbox 1475 4998 1796 5061; x_wconf 88' lang='lat' dir='ltr'><strong>licentiam.</strong></span> 
     </span>
    </p>

    <p class='ocr_par' dir='ltr' id='par_1_14' title="bbox 422 5088 1964 5265">
     <span class='ocr_line' id='line_1_54' title="bbox 539 5088 1960 5171; baseline 0.003 -19"><span class='ocrx_word' id='word_1_351' title='bbox 539 5089 876 5152; x_wconf 88' lang='lat' dir='ltr'><strong>Secundum</strong></span> <span class='ocrx_word' id='word_1_352' title='bbox 907 5088 1158 5151; x_wconf 90' lang='lat' dir='ltr'><strong>dubium</strong></span> <span class='ocrx_word' id='word_1_353' title='bbox 1185 5091 1422 5171; x_wconf 87' lang='lat' dir='ltr'><strong>respicit</strong></span> <span class='ocrx_word' id='word_1_354' title='bbox 1449 5093 1790 5156; x_wconf 75' lang='lat' dir='ltr'><strong>facultatem</strong></span> <span class='ocrx_word' id='word_1_355' title='bbox 1818 5114 1960 5156; x_wconf 90' lang='lat' dir='ltr'><strong>con·</strong></span> 
     </span>
     <span class='ocr_line' id='line_1_55' title="bbox 422 5183 1964 5265; baseline 0.003 -22"><span class='ocrx_word' id='word_1_356' title='bbox 422 5185 671 5245; x_wconf 90' lang='lat' dir='ltr'><strong>vocandi</strong></span> <span class='ocrx_word' id='word_1_357' title='bbox 701 5183 1084 5265; x_wconf 91' lang='lat' dir='ltr'><strong>capitulum,</strong></span> <span class='ocrx_word' id='word_1_358' title='bbox 1125 5185 1175 5246; x_wconf 90' lang='lat' dir='ltr'><strong>si</strong></span> <span class='ocrx_word' id='word_1_359' title='bbox 1218 5186 1491 5247; x_wconf 88' lang='lat' dir='ltr'><strong>Decanus</strong></span> <span class='ocrx_word' id='word_1_360' title='bbox 1514 5187 1708 5259; x_wconf 87' lang='lat' dir='ltr'><strong>absit,</strong></span> <span class='ocrx_word' id='word_1_361' title='bbox 1750 5188 1843 5250; x_wconf 88' lang='lat' dir='ltr'><strong>vel</strong></span> <span class='ocrx_word' id='word_1_362' title='bbox 1884 5188 1964 5249; x_wconf 89' lang='lat' dir='ltr'><strong>sit</strong></span> 
     </span>
    </p>
   </div>
   <div class='ocr_carea' id='block_1_11' title="bbox 2061 1523 3610 5270">
    <p class='ocr_par' dir='ltr' id='par_1_15' title="bbox 2061 1523 3601 1964">
     <span class='ocr_line' id='line_1_56' title="bbox 2176 1523 3601 1606; baseline 0.004 -23"><span class='ocrx_word' id='word_1_363' title='bbox 2176 1523 2444 1585; x_wconf 88' lang='lat' dir='ltr'><strong>Tertium</strong></span> <span class='ocrx_word' id='word_1_364' title='bbox 2475 1523 2729 1586; x_wconf 91' lang='lat' dir='ltr'><strong>dubium</strong></span> <span class='ocrx_word' id='word_1_365' title='bbox 2764 1525 3001 1606; x_wconf 86' lang='lat' dir='ltr'><strong>respicit</strong></span> <span class='ocrx_word' id='word_1_366' title='bbox 3025 1526 3334 1591; x_wconf 90' lang='lat' dir='ltr'><strong>Vicarium</strong></span> <span class='ocrx_word' id='word_1_367' title='bbox 3355 1525 3601 1605; x_wconf 90' lang='lat' dir='ltr'><strong>Capitu-</strong></span> 
     </span>
     <span class='ocr_line' id='line_1_57' title="bbox 2063 1616 3601 1700; baseline 0.003 -23"><span class='ocrx_word' id='word_1_368' title='bbox 2063 1616 2252 1679; x_wconf 91' lang='lat' dir='ltr'><strong>larem</strong></span> <span class='ocrx_word' id='word_1_369' title='bbox 2275 1663 2294 1692; x_wconf 92' lang='lat'>‚</span> <span class='ocrx_word' id='word_1_370' title='bbox 2325 1637 2399 1679; x_wconf 87' lang='lat' dir='ltr'><strong>an</strong></span> <span class='ocrx_word' id='word_1_371' title='bbox 2434 1617 2592 1680; x_wconf 90' lang='lat' dir='ltr'><strong>idem</strong></span> <span class='ocrx_word' id='word_1_372' title='bbox 2634 1617 2910 1682; x_wconf 87' lang='lat' dir='ltr'><strong>videlicet</strong></span> <span class='ocrx_word' id='word_1_373' title='bbox 2953 1620 3269 1700; x_wconf 88' lang='lat' dir='ltr'><strong>procedere</strong></span> <span class='ocrx_word' id='word_1_374' title='bbox 3302 1618 3499 1682; x_wconf 88' lang='lat' dir='ltr'><strong>valeat</strong></span> <span class='ocrx_word' id='word_1_375' title='bbox 3523 1619 3601 1682; x_wconf 88' lang='lat' dir='ltr'><strong>ad</strong></span> 
     </span>
     <span class='ocr_line' id='line_1_58' title="bbox 2061 1710 3601 1796; baseline 0.003 -23"><span class='ocrx_word' id='word_1_376' title='bbox 2061 1710 2353 1774; x_wconf 89' lang='lat' dir='ltr'><strong>Censuras</strong></span> <span class='ocrx_word' id='word_1_377' title='bbox 2377 1722 2584 1775; x_wconf 91' lang='lat' dir='ltr'><strong>contra</strong></span> <span class='ocrx_word' id='word_1_378' title='bbox 2623 1715 2928 1776; x_wconf 89' lang='lat' dir='ltr'><strong>Decanum</strong></span> <span class='ocrx_word' id='word_1_379' title='bbox 2954 1760 2972 1787; x_wconf 90' lang='lat'><strong>,</strong></span> <span class='ocrx_word' id='word_1_380' title='bbox 3003 1715 3334 1796; x_wconf 85' lang='lat' dir='ltr'><strong>Dignitates</strong></span> <span class='ocrx_word' id='word_1_381' title='bbox 3356 1760 3374 1787; x_wconf 90' lang='lat'><strong>,</strong></span> <span class='ocrx_word' id='word_1_382' title='bbox 3401 1721 3465 1776; x_wconf 91' lang='lat' dir='ltr'><strong>et</strong></span> <span class='ocrx_word' id='word_1_383' title='bbox 3489 1713 3601 1776; x_wconf 91' lang='lat' dir='ltr'><strong>Ca·</strong></span> 
     </span>
     <span class='ocr_line' id='line_1_59' title="bbox 2064 1807 3601 1890; baseline 0 -21"><span class='ocrx_word' id='word_1_384' title='bbox 2064 1809 2330 1878; x_wconf 72' lang='lat' dir='ltr'><strong>nonicoS,</strong></span> <span class='ocrx_word' id='word_1_385' title='bbox 2358 1810 2406 1870; x_wconf 87' lang='lat' dir='ltr'><strong>si</strong></span> <span class='ocrx_word' id='word_1_386' title='bbox 2444 1809 2522 1871; x_wconf 89' lang='lat' dir='ltr'><strong>ab</strong></span> <span class='ocrx_word' id='word_1_387' title='bbox 2555 1809 2675 1870; x_wconf 88' lang='lat' dir='ltr'><strong>illis</strong></span> <span class='ocrx_word' id='word_1_388' title='bbox 2696 1809 2827 1870; x_wconf 91' lang='lat' dir='ltr'><strong>sine</strong></span> <span class='ocrx_word' id='word_1_389' title='bbox 2852 1829 2960 1870; x_wconf 89' lang='lat' dir='ltr'><strong>sua</strong></span> <span class='ocrx_word' id='word_1_390' title='bbox 2985 1810 3225 1872; x_wconf 87' lang='lat' dir='ltr'><strong>licentia</strong></span> <span class='ocrx_word' id='word_1_391' title='bbox 3256 1807 3601 1890; x_wconf 90' lang='lat' dir='ltr'><strong>Capitulum</strong></span> 
     </span>
     <span class='ocr_line' id='line_1_60' title="bbox 2061 1913 2438 1964; baseline -0.005 0"><span class='ocrx_word' id='word_1_392' title='bbox 2061 1913 2438 1964; x_wconf 83' lang='lat' dir='ltr'><strong>convocetur.</strong></span> 
     </span>
    </p>

    <p class='ocr_par' dir='ltr' id='par_1_16' title="bbox 2062 1995 3608 3110">
     <span class='ocr_line' id='line_1_61' title="bbox 2182 1995 3602 2076; baseline -0.001 -19"><span class='ocrx_word' id='word_1_393' title='bbox 2182 1997 2497 2059; x_wconf 91' lang='lat' dir='ltr'><strong>Promotor</strong></span> <span class='ocrx_word' id='word_1_394' title='bbox 2538 1996 2785 2059; x_wconf 84' lang='lat' dir='ltr'><strong>Fiscalis</strong></span> <span class='ocrx_word' id='word_1_395' title='bbox 2808 2042 2826 2069; x_wconf 90' lang='lat'><strong>,</strong></span> <span class='ocrx_word' id='word_1_396' title='bbox 2861 1995 2967 2076; x_wconf 85' lang='lat' dir='ltr'><strong>qui</strong></span> <span class='ocrx_word' id='word_1_397' title='bbox 2994 2044 3008 2067; x_wconf 92' lang='lat'><strong><em>‚</em></strong></span> <span class='ocrx_word' id='word_1_398' title='bbox 3042 1996 3127 2057; x_wconf 89' lang='lat' dir='ltr'><strong>uti</strong></span> <span class='ocrx_word' id='word_1_399' title='bbox 3163 2015 3346 2075; x_wconf 88' lang='lat' dir='ltr'><strong>supra</strong></span> <span class='ocrx_word' id='word_1_400' title='bbox 3376 1995 3602 2058; x_wconf 91' lang='lat' dir='ltr'><strong>dictum</strong></span> 
     </span>
     <span class='ocr_line' id='line_1_62' title="bbox 2064 2087 3604 2170; baseline -0.001 -21"><span class='ocrx_word' id='word_1_401' title='bbox 2064 2098 2153 2151; x_wconf 82' lang='lat' dir='ltr'><strong>est</strong></span> <span class='ocrx_word' id='word_1_402' title='bbox 2177 2136 2195 2163; x_wconf 90' lang='lat'><strong>,</strong></span> <span class='ocrx_word' id='word_1_403' title='bbox 2245 2089 2377 2151; x_wconf 87' lang='lat' dir='ltr'><strong>vult</strong></span> <span class='ocrx_word' id='word_1_404' title='bbox 2420 2089 2764 2170; x_wconf 90' lang='lat' dir='ltr'><strong>Capitulum</strong></span> <span class='ocrx_word' id='word_1_405' title='bbox 2792 2109 2918 2152; x_wconf 88' lang='lat' dir='ltr'><strong>esse</strong></span> <span class='ocrx_word' id='word_1_406' title='bbox 2943 2088 3391 2152; x_wconf 87' lang='lat' dir='ltr'><strong>convocandum</strong></span> <span class='ocrx_word' id='word_1_407' title='bbox 3421 2087 3604 2168; x_wconf 89' lang='lat' dir='ltr'><strong>petita</strong></span> 
     </span>
     <span class='ocr_line' id='line_1_63' title="bbox 2065 2181 3604 2264; baseline -0.001 -20"><span class='ocrx_word' id='word_1_408' title='bbox 2065 2183 2304 2245; x_wconf 85' lang='lat' dir='ltr'><strong>licentia</strong></span> <span class='ocrx_word' id='word_1_409' title='bbox 2332 2203 2367 2245; x_wconf 91' lang='lat' dir='ltr'><strong>a</strong></span> <span class='ocrx_word' id='word_1_410' title='bbox 2401 2183 2641 2246; x_wconf 87' lang='lat' dir='ltr'><strong>Vicario</strong></span> <span class='ocrx_word' id='word_1_411' title='bbox 2668 2183 2997 2264; x_wconf 90' lang='lat' dir='ltr'><strong>capitulari</strong></span> <span class='ocrx_word' id='word_1_412' title='bbox 3024 2229 3041 2256; x_wconf 93' lang='lat'><strong>,</strong></span> <span class='ocrx_word' id='word_1_413' title='bbox 3078 2191 3288 2246; x_wconf 79' lang='lat' dir='ltr'><strong>exorat</strong></span> <span class='ocrx_word' id='word_1_414' title='bbox 3317 2202 3425 2262; x_wconf 92' lang='lat' dir='ltr'><strong>pro</strong></span> <span class='ocrx_word' id='word_1_415' title='bbox 3441 2181 3604 2243; x_wconf 88' lang='lat' dir='ltr'><strong>affir-</strong></span> 
     </span>
     <span class='ocr_line' id='line_1_64' title="bbox 2067 2275 3604 2357; baseline -0.001 -20"><span class='ocrx_word' id='word_1_416' title='bbox 2067 2277 2291 2339; x_wconf 87' lang='lat' dir='ltr'><strong>mativo</strong></span> <span class='ocrx_word' id='word_1_417' title='bbox 2323 2296 2602 2357; x_wconf 86' lang='lat' dir='ltr'><strong>responso</strong></span> <span class='ocrx_word' id='word_1_418' title='bbox 2630 2278 2711 2339; x_wconf 83' lang='lat' dir='ltr'><strong>ad</strong></span> <span class='ocrx_word' id='word_1_419' title='bbox 2744 2277 2989 2343; x_wconf 89' lang='lat' dir='ltr'><strong>tertium</strong></span> <span class='ocrx_word' id='word_1_420' title='bbox 3015 2276 3267 2338; x_wconf 89' lang='lat' dir='ltr'><strong>dubium</strong></span> <span class='ocrx_word' id='word_1_421' title='bbox 3288 2321 3305 2350; x_wconf 90' lang='lat'><strong>,</strong></span> <span class='ocrx_word' id='word_1_422' title='bbox 3334 2295 3473 2343; x_wconf 87' lang='lat' dir='ltr'><strong>cum</strong></span> <span class='ocrx_word' id='word_1_423' title='bbox 3494 2275 3604 2335; x_wconf 80' lang='lat' dir='ltr'><strong>vi-</strong></span> 
     </span>
     <span class='ocr_line' id='line_1_65' title="bbox 2068 2369 3608 2452; baseline -0.002 -19"><span class='ocrx_word' id='word_1_424' title='bbox 2068 2370 2266 2433; x_wconf 88' lang='lat' dir='ltr'><strong>carius</strong></span> <span class='ocrx_word' id='word_1_425' title='bbox 2293 2371 2479 2433; x_wconf 90' lang='lat' dir='ltr'><strong>armis</strong></span> <span class='ocrx_word' id='word_1_426' title='bbox 2510 2370 2692 2433; x_wconf 90' lang='lat' dir='ltr'><strong>etiam</strong></span> <span class='ocrx_word' id='word_1_427' title='bbox 2725 2370 3143 2452; x_wconf 84' lang='lat' dir='ltr'><strong>spiritualibus</strong></span> <span class='ocrx_word' id='word_1_428' title='bbox 3167 2370 3269 2442; x_wconf 81' lang='lat' dir='ltr'><strong>uti,</strong></span> <span class='ocrx_word' id='word_1_429' title='bbox 3288 2369 3470 2450; x_wconf 83' lang='lat' dir='ltr'><strong>possit</strong></span> <span class='ocrx_word' id='word_1_430' title='bbox 3499 2388 3608 2448; x_wconf 93' lang='lat' dir='ltr'><strong>pro</strong></span> 
     </span>
     <span class='ocr_line' id='line_1_66' title="bbox 2062 2465 3606 2548; baseline -0.003 -20"><span class='ocrx_word' id='word_1_431' title='bbox 2062 2486 2309 2528; x_wconf 88' lang='lat' dir='ltr'><strong>suorum</strong></span> <span class='ocrx_word' id='word_1_432' title='bbox 2337 2465 2572 2548; x_wconf 84' lang='lat' dir='ltr'><strong>jurium</strong></span> <span class='ocrx_word' id='word_1_433' title='bbox 2604 2465 2990 2541; x_wconf 85' lang='lat' dir='ltr'><strong>defensione;</strong></span> <span class='ocrx_word' id='word_1_434' title='bbox 3020 2475 3080 2527; x_wconf 93' lang='lat' dir='ltr'><strong>et</strong></span> <span class='ocrx_word' id='word_1_435' title='bbox 3106 2467 3379 2527; x_wconf 90' lang='lat' dir='ltr'><strong>Decauus</strong></span> <span class='ocrx_word' id='word_1_436' title='bbox 3410 2484 3446 2526; x_wconf 89' lang='lat' dir='ltr'><strong>e</strong></span> <span class='ocrx_word' id='word_1_437' title='bbox 3470 2484 3606 2525; x_wconf 89' lang='lat' dir='ltr'><strong>con-</strong></span> 
     </span>
     <span class='ocr_line' id='line_1_67' title="bbox 2071 2559 3606 2641; baseline -0.003 -18"><span class='ocrx_word' id='word_1_438' title='bbox 2071 2568 2164 2623; x_wconf 89' lang='lat' dir='ltr'><strong>tra</strong></span> <span class='ocrx_word' id='word_1_439' title='bbox 2190 2607 2210 2636; x_wconf 91' lang='lat'><strong>,</strong></span> <span class='ocrx_word' id='word_1_440' title='bbox 2240 2559 2348 2641; x_wconf 88' lang='lat' dir='ltr'><strong>qui</strong></span> <span class='ocrx_word' id='word_1_441' title='bbox 2371 2560 2581 2623; x_wconf 86' lang='lat' dir='ltr'><strong>asserit</strong></span> <span class='ocrx_word' id='word_1_442' title='bbox 2606 2560 2826 2621; x_wconf 91' lang='lat' dir='ltr'><strong>dictam</strong></span> <span class='ocrx_word' id='word_1_443' title='bbox 2858 2560 3158 2622; x_wconf 84' lang='lat' dir='ltr'><strong>licentiam</strong></span> <span class='ocrx_word' id='word_1_444' title='bbox 3191 2579 3311 2620; x_wconf 91' lang='lat' dir='ltr'><strong>non</strong></span> <span class='ocrx_word' id='word_1_445' title='bbox 3336 2578 3470 2620; x_wconf 86' lang='lat' dir='ltr'><strong>esse</strong></span> <span class='ocrx_word' id='word_1_446' title='bbox 3503 2577 3606 2638; x_wconf 88' lang='lat' dir='ltr'><strong>pe·</strong></span> 
     </span>
     <span class='ocr_line' id='line_1_68' title="bbox 2068 2653 3608 2736; baseline -0.003 -17"><span class='ocrx_word' id='word_1_447' title='bbox 2068 2656 2334 2727; x_wconf 88' lang='lat' dir='ltr'><strong>tendam,</strong></span> <span class='ocrx_word' id='word_1_448' title='bbox 2366 2655 2511 2718; x_wconf 90' lang='lat' dir='ltr'><strong>dicit</strong></span> <span class='ocrx_word' id='word_1_449' title='bbox 2537 2663 2967 2736; x_wconf 85' lang='lat' dir='ltr'><strong>consequenter</strong></span> <span class='ocrx_word' id='word_1_450' title='bbox 2990 2653 3133 2716; x_wconf 82' lang='lat' dir='ltr'><strong>huic</strong></span> <span class='ocrx_word' id='word_1_451' title='bbox 3152 2654 3338 2716; x_wconf 90' lang='lat' dir='ltr'><strong>dubio</strong></span> <span class='ocrx_word' id='word_1_452' title='bbox 3357 2672 3483 2715; x_wconf 87' lang='lat' dir='ltr'><strong>esse</strong></span> <span class='ocrx_word' id='word_1_453' title='bbox 3502 2672 3608 2715; x_wconf 86' lang='lat' dir='ltr'><strong>ne-</strong></span> 
     </span>
     <span class='ocr_line' id='line_1_69' title="bbox 2066 2745 3607 2832; baseline -0.003 -20"><span class='ocrx_word' id='word_1_454' title='bbox 2066 2751 2265 2832; x_wconf 83' lang='lat' dir='ltr'><strong>gative</strong></span> <span class='ocrx_word' id='word_1_455' title='bbox 2302 2748 2778 2829; x_wconf 87' lang='lat' dir='ltr'><strong>respondendum</strong></span> <span class='ocrx_word' id='word_1_456' title='bbox 2802 2796 2821 2821; x_wconf 96' lang='lat'><strong>,</strong></span> <span class='ocrx_word' id='word_1_457' title='bbox 2863 2756 2924 2811; x_wconf 88' lang='lat' dir='ltr'><strong>et</strong></span> <span class='ocrx_word' id='word_1_458' title='bbox 2960 2746 3150 2809; x_wconf 88' lang='lat' dir='ltr'><strong>multo</strong></span> <span class='ocrx_word' id='word_1_459' title='bbox 3197 2748 3386 2828; x_wconf 84' lang='lat' dir='ltr'><strong>magis</strong></span> <span class='ocrx_word' id='word_1_460' title='bbox 3408 2792 3426 2819; x_wconf 90' lang='lat'><strong>,</strong></span> <span class='ocrx_word' id='word_1_461' title='bbox 3460 2745 3607 2826; x_wconf 87' lang='lat' dir='ltr'><strong>quia</strong></span> 
     </span>
     <span class='ocr_line' id='line_1_70' title="bbox 2068 2839 3608 2924; baseline -0.003 -19"><span class='ocrx_word' id='word_1_462' title='bbox 2068 2853 2367 2924; x_wconf 82' lang='lat' dir='ltr'><strong>quatenus</strong></span> <span class='ocrx_word' id='word_1_463' title='bbox 2397 2841 2637 2904; x_wconf 88' lang='lat' dir='ltr'><strong>licentia</strong></span> <span class='ocrx_word' id='word_1_464' title='bbox 2680 2851 2833 2904; x_wconf 88' lang='lat' dir='ltr'><strong>esset</strong></span> <span class='ocrx_word' id='word_1_465' title='bbox 2864 2840 3190 2904; x_wconf 88' lang='lat' dir='ltr'><strong>necessaria</strong></span> <span class='ocrx_word' id='word_1_466' title='bbox 3214 2886 3231 2914; x_wconf 93' lang='lat'>‚</span> <span class='ocrx_word' id='word_1_467' title='bbox 3276 2839 3421 2903; x_wconf 87' lang='lat' dir='ltr'><strong>satis</strong></span> <span class='ocrx_word' id='word_1_468' title='bbox 3456 2847 3608 2902; x_wconf 82' lang='lat' dir='ltr'><strong>esset</strong></span> 
     </span>
     <span class='ocr_line' id='line_1_71' title="bbox 2064 2932 3608 3019; baseline -0.003 -20"><span class='ocrx_word' id='word_1_469' title='bbox 2064 2957 2175 3019; x_wconf 94' lang='lat' dir='ltr'><strong>pro</strong></span> <span class='ocrx_word' id='word_1_470' title='bbox 2225 2955 2412 3018; x_wconf 88' lang='lat' dir='ltr'><strong>poena</strong></span> <span class='ocrx_word' id='word_1_471' title='bbox 2457 2936 2706 2998; x_wconf 88' lang='lat' dir='ltr'><strong>nullitas</strong></span> <span class='ocrx_word' id='word_1_472' title='bbox 2749 2947 2917 2999; x_wconf 90' lang='lat' dir='ltr'><strong>actus</strong></span> <span class='ocrx_word' id='word_1_473' title='bbox 2962 2937 3191 3016; x_wconf 86' lang='lat' dir='ltr'><strong>absque</strong></span> <span class='ocrx_word' id='word_1_474' title='bbox 3236 2953 3480 2996; x_wconf 88' lang='lat' dir='ltr'><strong>recursu</strong></span> <span class='ocrx_word' id='word_1_475' title='bbox 3529 2932 3608 2995; x_wconf 90' lang='lat' dir='ltr'><strong>ad</strong></span> 
     </span>
     <span class='ocr_line' id='line_1_72' title="bbox 2066 3026 3603 3110; baseline -0.005 -17"><span class='ocrx_word' id='word_1_476' title='bbox 2066 3031 2360 3093; x_wconf 82' lang='lat' dir='ltr'><strong>Censuras</strong></span> <span class='ocrx_word' id='word_1_477' title='bbox 2386 3076 2404 3103; x_wconf 91' lang='lat'><strong>,</strong></span> <span class='ocrx_word' id='word_1_478' title='bbox 2434 3049 2594 3110; x_wconf 90' lang='lat' dir='ltr'><strong>quae</strong></span> <span class='ocrx_word' id='word_1_479' title='bbox 2620 3037 2761 3092; x_wconf 90' lang='lat' dir='ltr'><strong>sunt</strong></span> <span class='ocrx_word' id='word_1_480' title='bbox 2787 3029 3116 3092; x_wconf 89' lang='lat' dir='ltr'><strong>remedium</strong></span> <span class='ocrx_word' id='word_1_481' title='bbox 3139 3026 3567 3091; x_wconf 88' lang='lat' dir='ltr'><strong>subsidiarium</strong></span> <span class='ocrx_word' id='word_1_482' title='bbox 3585 3067 3603 3085; x_wconf 90' lang='lat'><strong>.</strong></span> 
     </span>
    </p>

    <p class='ocr_par' dir='ltr' id='par_1_17' title="bbox 2065 3120 3610 3678">
     <span class='ocr_line' id='line_1_73' title="bbox 2184 3120 3603 3201; baseline -0.003 -15"><span class='ocrx_word' id='word_1_483' title='bbox 2184 3125 2485 3201; x_wconf 89' lang='lat' dir='ltr'><strong>Quartum</strong></span> <span class='ocrx_word' id='word_1_484' title='bbox 2511 3124 2766 3188; x_wconf 90' lang='lat' dir='ltr'><strong>dubium</strong></span> <span class='ocrx_word' id='word_1_485' title='bbox 2796 3125 3059 3188; x_wconf 87' lang='lat' dir='ltr'><strong>consistit</strong></span> <span class='ocrx_word' id='word_1_486' title='bbox 3091 3123 3153 3184; x_wconf 89' lang='lat' dir='ltr'><strong>in</strong></span> <span class='ocrx_word' id='word_1_487' title='bbox 3179 3120 3603 3193; x_wconf 83' lang='lat' dir='ltr'><strong>examinando,</strong></span> 
     </span>
     <span class='ocr_line' id='line_1_74' title="bbox 2065 3215 3606 3298; baseline -0.005 -17"><span class='ocrx_word' id='word_1_488' title='bbox 2065 3238 2145 3281; x_wconf 88' lang='lat' dir='ltr'><strong>an</strong></span> <span class='ocrx_word' id='word_1_489' title='bbox 2180 3220 2244 3280; x_wconf 89' lang='lat' dir='ltr'><strong>in</strong></span> <span class='ocrx_word' id='word_1_490' title='bbox 2279 3239 2417 3282; x_wconf 89' lang='lat' dir='ltr'><strong>casu</strong></span> <span class='ocrx_word' id='word_1_491' title='bbox 2446 3265 2464 3292; x_wconf 90' lang='lat'><strong>,</strong></span> <span class='ocrx_word' id='word_1_492' title='bbox 2496 3238 2620 3298; x_wconf 86' lang='lat' dir='ltr'><strong>quo</strong></span> <span class='ocrx_word' id='word_1_493' title='bbox 2646 3219 2961 3291; x_wconf 89' lang='lat' dir='ltr'><strong>cursores,</strong></span> <span class='ocrx_word' id='word_1_494' title='bbox 2990 3226 3049 3278; x_wconf 88' lang='lat' dir='ltr'><strong>et</strong></span> <span class='ocrx_word' id='word_1_495' title='bbox 3075 3215 3481 3279; x_wconf 87' lang='lat' dir='ltr'><strong>Cancellarius</strong></span> <span class='ocrx_word' id='word_1_496' title='bbox 3513 3233 3606 3275; x_wconf 88' lang='lat' dir='ltr'><strong>re-</strong></span> 
     </span>
     <span class='ocr_line' id='line_1_75' title="bbox 2067 3307 3606 3391; baseline -0.005 -17"><span class='ocrx_word' id='word_1_497' title='bbox 2067 3321 2275 3374; x_wconf 91' lang='lat' dir='ltr'><strong>cusent</strong></span> <span class='ocrx_word' id='word_1_498' title='bbox 2294 3332 2471 3375; x_wconf 86' lang='lat' dir='ltr'><strong>suum</strong></span> <span class='ocrx_word' id='word_1_499' title='bbox 2501 3312 2776 3374; x_wconf 87' lang='lat' dir='ltr'><strong>Officium</strong></span> <span class='ocrx_word' id='word_1_500' title='bbox 2815 3320 3113 3391; x_wconf 87' lang='lat' dir='ltr'><strong>praestare</strong></span> <span class='ocrx_word' id='word_1_501' title='bbox 3138 3311 3200 3371; x_wconf 91' lang='lat' dir='ltr'><strong>iu</strong></span> <span class='ocrx_word' id='word_1_502' title='bbox 3229 3307 3606 3372; x_wconf 87' lang='lat' dir='ltr'><strong>convocatio-</strong></span> 
     </span>
     <span class='ocr_line' id='line_1_76' title="bbox 2068 3402 3606 3486; baseline -0.003 -19"><span class='ocrx_word' id='word_1_503' title='bbox 2068 3426 2149 3468; x_wconf 90' lang='lat' dir='ltr'><strong>ne</strong></span> <span class='ocrx_word' id='word_1_504' title='bbox 2174 3405 2592 3486; x_wconf 90' lang='lat' dir='ltr'><strong>Capitulorum</strong></span> <span class='ocrx_word' id='word_1_505' title='bbox 2619 3451 2636 3478; x_wconf 91' lang='lat'><strong>,</strong></span> <span class='ocrx_word' id='word_1_506' title='bbox 2667 3406 2896 3486; x_wconf 86' lang='lat' dir='ltr'><strong>possint</strong></span> <span class='ocrx_word' id='word_1_507' title='bbox 2918 3407 3220 3477; x_wconf 86' lang='lat' dir='ltr'><strong>Decanus‚</strong></span> <span class='ocrx_word' id='word_1_508' title='bbox 3256 3402 3606 3485; x_wconf 84' lang='lat' dir='ltr'><strong>Dignitates‚</strong></span> 
     </span>
     <span class='ocr_line' id='line_1_77' title="bbox 2066 3497 3610 3581; baseline -0.005 -17"><span class='ocrx_word' id='word_1_509' title='bbox 2066 3511 2126 3564; x_wconf 91' lang='lat' dir='ltr'><strong>et</strong></span> <span class='ocrx_word' id='word_1_510' title='bbox 2147 3501 2429 3564; x_wconf 90' lang='lat' dir='ltr'><strong>Canonici</strong></span> <span class='ocrx_word' id='word_1_511' title='bbox 2450 3500 2793 3581; x_wconf 86' lang='lat' dir='ltr'><strong>capitulum</strong></span> <span class='ocrx_word' id='word_1_512' title='bbox 2817 3507 3207 3562; x_wconf 88' lang='lat' dir='ltr'><strong>convocantes</strong></span> <span class='ocrx_word' id='word_1_513' title='bbox 3227 3497 3314 3559; x_wconf 92' lang='lat' dir='ltr'><strong>uti</strong></span> <span class='ocrx_word' id='word_1_514' title='bbox 3339 3515 3610 3578; x_wconf 88' lang='lat' dir='ltr'><strong>quacun-</strong></span> 
     </span>
     <span class='ocr_line' id='line_1_78' title="bbox 2066 3590 3603 3678; baseline -0.005 -21"><span class='ocrx_word' id='word_1_515' title='bbox 2066 3616 2187 3678; x_wconf 90' lang='lat' dir='ltr'><strong>que</strong></span> <span class='ocrx_word' id='word_1_516' title='bbox 2205 3596 2323 3657; x_wconf 88' lang='lat' dir='ltr'><strong>alia</strong></span> <span class='ocrx_word' id='word_1_517' title='bbox 2345 3615 2599 3676; x_wconf 89' lang='lat' dir='ltr'><strong>persona</strong></span> <span class='ocrx_word' id='word_1_518' title='bbox 2630 3614 2738 3675; x_wconf 88' lang='lat' dir='ltr'><strong>pro</strong></span> <span class='ocrx_word' id='word_1_519' title='bbox 2762 3593 3212 3674; x_wconf 86' lang='lat' dir='ltr'><strong>capitularibus</strong></span> <span class='ocrx_word' id='word_1_520' title='bbox 3234 3590 3603 3654; x_wconf 85' lang='lat' dir='ltr'><strong>intimandis.</strong></span> 
     </span>
    </p>

    <p class='ocr_par' dir='ltr' id='par_1_18' title="bbox 2064 3687 3609 4895">
     <span class='ocr_line' id='line_1_79' title="bbox 2183 3687 3608 3770; baseline -0.005 -20"><span class='ocrx_word' id='word_1_521' title='bbox 2183 3690 2498 3752; x_wconf 85' lang='lat' dir='ltr'><strong>Promotor</strong></span> <span class='ocrx_word' id='word_1_522' title='bbox 2527 3688 2774 3751; x_wconf 90' lang='lat' dir='ltr'><strong>Fiscalis</strong></span> <span class='ocrx_word' id='word_1_523' title='bbox 2794 3688 2902 3759; x_wconf 90' lang='lat' dir='ltr'><strong>ait,</strong></span> <span class='ocrx_word' id='word_1_524' title='bbox 2923 3687 3197 3770; x_wconf 81' lang='lat' dir='ltr'><strong>negative</strong></span> <span class='ocrx_word' id='word_1_525' title='bbox 3215 3705 3340 3748; x_wconf 66' lang='lat' dir='ltr'><strong>eoee</strong></span> <span class='ocrx_word' id='word_1_526' title='bbox 3362 3703 3608 3763; x_wconf 89' lang='lat' dir='ltr'><strong>respon-</strong></span> 
     </span>
     <span class='ocr_line' id='line_1_80' title="bbox 2065 3777 3609 3855; baseline -0.004 -9"><span class='ocrx_word' id='word_1_527' title='bbox 2065 3784 2329 3846; x_wconf 85' lang='lat' dir='ltr'><strong>dendum</strong></span> <span class='ocrx_word' id='word_1_528' title='bbox 2356 3832 2373 3855; x_wconf 91' lang='lat'>‚</span> <span class='ocrx_word' id='word_1_529' title='bbox 2407 3783 2459 3845; x_wconf 89' lang='lat' dir='ltr'><strong>si</strong></span> <span class='ocrx_word' id='word_1_530' title='bbox 2485 3782 2805 3845; x_wconf 88' lang='lat' dir='ltr'><strong>renitentia</strong></span> <span class='ocrx_word' id='word_1_531' title='bbox 2832 3782 3191 3853; x_wconf 90' lang='lat' dir='ltr'><strong>cursorum,</strong></span> <span class='ocrx_word' id='word_1_532' title='bbox 3228 3790 3284 3842; x_wconf 90' lang='lat' dir='ltr'><strong>et</strong></span> <span class='ocrx_word' id='word_1_533' title='bbox 3310 3777 3609 3842; x_wconf 89' lang='lat' dir='ltr'><strong>cancella·</strong></span> 
     </span>
     <span class='ocr_line' id='line_1_81' title="bbox 2064 3873 3605 3958; baseline -0.005 -18"><span class='ocrx_word' id='word_1_534' title='bbox 2064 3878 2141 3940; x_wconf 91' lang='lat' dir='ltr'><strong>rii</strong></span> <span class='ocrx_word' id='word_1_535' title='bbox 2169 3878 2524 3958; x_wconf 88' lang='lat' dir='ltr'><strong>proveniat,</strong></span> <span class='ocrx_word' id='word_1_536' title='bbox 2553 3877 2648 3940; x_wconf 90' lang='lat' dir='ltr'><strong>vel</strong></span> <span class='ocrx_word' id='word_1_537' title='bbox 2676 3897 2751 3938; x_wconf 82' lang='lat' dir='ltr'><strong>ex</strong></span> <span class='ocrx_word' id='word_1_538' title='bbox 2778 3896 2900 3958; x_wconf 88' lang='lat' dir='ltr'><strong>quo</strong></span> <span class='ocrx_word' id='word_1_539' title='bbox 2923 3895 3042 3937; x_wconf 91' lang='lat' dir='ltr'><strong>non</strong></span> <span class='ocrx_word' id='word_1_540' title='bbox 3069 3874 3184 3936; x_wconf 93' lang='lat' dir='ltr'><strong>fuit</strong></span> <span class='ocrx_word' id='word_1_541' title='bbox 3213 3874 3392 3954; x_wconf 89' lang='lat' dir='ltr'><strong>petita</strong></span> <span class='ocrx_word' id='word_1_542' title='bbox 3421 3873 3605 3935; x_wconf 88' lang='lat' dir='ltr'><strong>licen-</strong></span> 
     </span>
     <span class='ocr_line' id='line_1_82' title="bbox 2069 3965 3601 4052; baseline -0.006 -17"><span class='ocrx_word' id='word_1_543' title='bbox 2069 3972 2150 4036; x_wconf 89' lang='lat' dir='ltr'><strong>tia</strong></span> <span class='ocrx_word' id='word_1_544' title='bbox 2179 3972 2407 4036; x_wconf 88' lang='lat' dir='ltr'><strong>Vicarii</strong></span> <span class='ocrx_word' id='word_1_545' title='bbox 2431 3971 2814 4052; x_wconf 88' lang='lat' dir='ltr'><strong>capitularis,</strong></span> <span class='ocrx_word' id='word_1_546' title='bbox 2843 3970 2938 4032; x_wconf 90' lang='lat' dir='ltr'><strong>vel</strong></span> <span class='ocrx_word' id='word_1_547' title='bbox 2970 3990 3045 4031; x_wconf 81' lang='lat' dir='ltr'><strong>ex</strong></span> <span class='ocrx_word' id='word_1_548' title='bbox 3067 3988 3190 4049; x_wconf 87' lang='lat' dir='ltr'><strong>quo</strong></span> <span class='ocrx_word' id='word_1_549' title='bbox 3219 3967 3328 4048; x_wconf 89' lang='lat' dir='ltr'><strong>ipsi</strong></span> <span class='ocrx_word' id='word_1_550' title='bbox 3358 3976 3498 4027; x_wconf 90' lang='lat' dir='ltr'><strong>sunt</strong></span> <span class='ocrx_word' id='word_1_551' title='bbox 3520 3965 3601 4027; x_wconf 91' lang='lat' dir='ltr'><strong>le-</strong></span> 
     </span>
     <span class='ocr_line' id='line_1_83' title="bbox 2066 4061 3608 4147; baseline -0.005 -19"><span class='ocrx_word' id='word_1_552' title='bbox 2066 4067 2275 4147; x_wconf 86' lang='lat' dir='ltr'><strong>gitime</strong></span> <span class='ocrx_word' id='word_1_553' title='bbox 2304 4066 2598 4147; x_wconf 82' lang='lat' dir='ltr'><strong>impediti.</strong></span> <span class='ocrx_word' id='word_1_554' title='bbox 2627 4068 2900 4128; x_wconf 88' lang='lat' dir='ltr'><strong>Decanus</strong></span> <span class='ocrx_word' id='word_1_555' title='bbox 2928 4083 2963 4126; x_wconf 86' lang='lat' dir='ltr'><strong>e</strong></span> <span class='ocrx_word' id='word_1_556' title='bbox 2987 4071 3192 4126; x_wconf 89' lang='lat' dir='ltr'><strong>contra</strong></span> <span class='ocrx_word' id='word_1_557' title='bbox 3220 4108 3237 4134; x_wconf 90' lang='lat'><strong>,</strong></span> <span class='ocrx_word' id='word_1_558' title='bbox 3267 4061 3372 4141; x_wconf 87' lang='lat' dir='ltr'><strong>qui</strong></span> <span class='ocrx_word' id='word_1_559' title='bbox 3404 4080 3608 4140; x_wconf 88' lang='lat' dir='ltr'><strong>proee-</strong></span> 
     </span>
     <span class='ocr_line' id='line_1_84' title="bbox 2067 4153 3607 4241; baseline -0.005 -20"><span class='ocrx_word' id='word_1_560' title='bbox 2067 4161 2154 4222; x_wconf 90' lang='lat' dir='ltr'><strong>dit</strong></span> <span class='ocrx_word' id='word_1_561' title='bbox 2171 4181 2311 4224; x_wconf 89' lang='lat' dir='ltr'><strong>cum</strong></span> <span class='ocrx_word' id='word_1_562' title='bbox 2329 4180 2541 4241; x_wconf 89' lang='lat' dir='ltr'><strong>praesu</strong></span> <span class='ocrx_word' id='word_1_563' title='bbox 2550 4159 2712 4240; x_wconf 85' lang='lat' dir='ltr'><strong>pposi</strong></span> <span class='ocrx_word' id='word_1_564' title='bbox 2721 4170 2779 4221; x_wconf 94' lang='lat' dir='ltr'><strong>to</strong></span> <span class='ocrx_word' id='word_1_565' title='bbox 2796 4157 3102 4220; x_wconf 81' lang='lat' dir='ltr'><strong>exclusivo</strong></span> <span class='ocrx_word' id='word_1_566' title='bbox 3128 4153 3489 4217; x_wconf 84' lang='lat' dir='ltr'><strong>necessitatis</strong></span> <span class='ocrx_word' id='word_1_567' title='bbox 3513 4173 3607 4233; x_wconf 90' lang='lat' dir='ltr'><strong>pe-</strong></span> 
     </span>
     <span class='ocr_line' id='line_1_85' title="bbox 2068 4248 3608 4333; baseline -0.005 -17"><span class='ocrx_word' id='word_1_568' title='bbox 2068 4254 2229 4316; x_wconf 85' lang='lat' dir='ltr'><strong>tendi</strong></span> <span class='ocrx_word' id='word_1_569' title='bbox 2260 4253 2587 4325; x_wconf 89' lang='lat' dir='ltr'><strong>licentiam,</strong></span> <span class='ocrx_word' id='word_1_570' title='bbox 2623 4254 2911 4326; x_wconf 89' lang='lat' dir='ltr'><strong>sustinet,</strong></span> <span class='ocrx_word' id='word_1_571' title='bbox 2945 4252 3248 4333; x_wconf 91' lang='lat' dir='ltr'><strong>proposito</strong></span> <span class='ocrx_word' id='word_1_572' title='bbox 3274 4248 3460 4310; x_wconf 86' lang='lat' dir='ltr'><strong>dubio</strong></span> <span class='ocrx_word' id='word_1_573' title='bbox 3482 4266 3608 4308; x_wconf 81' lang='lat' dir='ltr'><strong>esse</strong></span> 
     </span>
     <span class='ocr_line' id='line_1_86' title="bbox 2068 4341 3606 4427; baseline -0.005 -18"><span class='ocrx_word' id='word_1_574' title='bbox 2068 4347 2427 4409; x_wconf 85' lang='lat' dir='ltr'><strong>affirmative</strong></span> <span class='ocrx_word' id='word_1_575' title='bbox 2467 4346 2948 4427; x_wconf 86' lang='lat' dir='ltr'><strong>respondendum</strong></span> <span class='ocrx_word' id='word_1_576' title='bbox 2981 4390 2998 4419; x_wconf 93' lang='lat'><strong>,</strong></span> <span class='ocrx_word' id='word_1_577' title='bbox 3048 4364 3126 4407; x_wconf 91' lang='lat' dir='ltr'><strong>ne</strong></span> <span class='ocrx_word' id='word_1_578' title='bbox 3163 4341 3606 4406; x_wconf 85' lang='lat' dir='ltr'><strong>abstinentibus</strong></span> 
     </span>
     <span class='ocr_line' id='line_1_87' title="bbox 2065 4433 3605 4521; baseline -0.006 -18"><span class='ocrx_word' id='word_1_579' title='bbox 2065 4442 2426 4504; x_wconf 87' lang='lat' dir='ltr'><strong>cursoribus</strong></span> <span class='ocrx_word' id='word_1_580' title='bbox 2446 4486 2464 4513; x_wconf 91' lang='lat'><strong>,</strong></span> <span class='ocrx_word' id='word_1_581' title='bbox 2498 4440 2754 4521; x_wconf 85' lang='lat' dir='ltr'><strong>aliisque</strong></span> <span class='ocrx_word' id='word_1_582' title='bbox 2787 4437 3084 4501; x_wconf 84' lang='lat' dir='ltr'><strong>Ministris</strong></span> <span class='ocrx_word' id='word_1_583' title='bbox 3107 4437 3323 4499; x_wconf 91' lang='lat' dir='ltr'><strong>Curiae</strong></span> <span class='ocrx_word' id='word_1_584' title='bbox 3360 4433 3605 4514; x_wconf 87' lang='lat' dir='ltr'><strong>Episco-</strong></span> 
     </span>
     <span class='ocr_line' id='line_1_88' title="bbox 2066 4531 3605 4615; baseline -0.006 -20"><span class='ocrx_word' id='word_1_585' title='bbox 2066 4534 2219 4615; x_wconf 86' lang='lat' dir='ltr'><strong>palis</strong></span> <span class='ocrx_word' id='word_1_586' title='bbox 2257 4553 2294 4597; x_wconf 87' lang='lat' dir='ltr'><strong>a</strong></span> <span class='ocrx_word' id='word_1_587' title='bbox 2323 4533 2417 4596; x_wconf 89' lang='lat' dir='ltr'><strong>sui</strong></span> <span class='ocrx_word' id='word_1_588' title='bbox 2445 4533 2637 4596; x_wconf 89' lang='lat' dir='ltr'><strong>Officii</strong></span> <span class='ocrx_word' id='word_1_589' title='bbox 2675 4532 3071 4613; x_wconf 86' lang='lat' dir='ltr'><strong>praestatione</strong></span> <span class='ocrx_word' id='word_1_590' title='bbox 3099 4531 3175 4591; x_wconf 90' lang='lat' dir='ltr'><strong>ad</strong></span> <span class='ocrx_word' id='word_1_591' title='bbox 3214 4548 3341 4590; x_wconf 89' lang='lat' dir='ltr'><strong>rem</strong></span> <span class='ocrx_word' id='word_1_592' title='bbox 3370 4535 3605 4608; x_wconf 80' lang='lat' dir='ltr'><strong>gratam</strong></span> 
     </span>
     <span class='ocr_line' id='line_1_89' title="bbox 2064 4620 3602 4708; baseline -0.007 -17"><span class='ocrx_word' id='word_1_593' title='bbox 2064 4628 2399 4691; x_wconf 87' lang='lat' dir='ltr'><strong>faciendam</strong></span> <span class='ocrx_word' id='word_1_594' title='bbox 2426 4627 2668 4690; x_wconf 91' lang='lat' dir='ltr'><strong>Vicario</strong></span> <span class='ocrx_word' id='word_1_595' title='bbox 2694 4626 3049 4708; x_wconf 89' lang='lat' dir='ltr'><strong>Capitulari,</strong></span> <span class='ocrx_word' id='word_1_596' title='bbox 3072 4623 3351 4685; x_wconf 85' lang='lat' dir='ltr'><strong>Vicarius</strong></span> <span class='ocrx_word' id='word_1_597' title='bbox 3380 4640 3483 4702; x_wconf 88' lang='lat' dir='ltr'><strong>per</strong></span> <span class='ocrx_word' id='word_1_598' title='bbox 3510 4620 3602 4681; x_wconf 87' lang='lat' dir='ltr'><strong>in-</strong></span> 
     </span>
     <span class='ocr_line' id='line_1_90' title="bbox 2066 4715 3604 4802; baseline -0.005 -17"><span class='ocrx_word' id='word_1_599' title='bbox 2066 4723 2360 4785; x_wconf 88' lang='lat' dir='ltr'><strong>directum</strong></span> <span class='ocrx_word' id='word_1_600' title='bbox 2402 4723 2668 4785; x_wconf 89' lang='lat' dir='ltr'><strong>obtineat</strong></span> <span class='ocrx_word' id='word_1_601' title='bbox 2706 4721 2766 4783; x_wconf 90' lang='lat' dir='ltr'><strong>id</strong></span> <span class='ocrx_word' id='word_1_602' title='bbox 2793 4766 2810 4794; x_wconf 93' lang='lat'>‚</span> <span class='ocrx_word' id='word_1_603' title='bbox 2863 4721 3026 4802; x_wconf 88' lang='lat' dir='ltr'><strong>quod</strong></span> <span class='ocrx_word' id='word_1_604' title='bbox 3067 4717 3290 4781; x_wconf 89' lang='lat' dir='ltr'><strong>directe</strong></span> <span class='ocrx_word' id='word_1_605' title='bbox 3330 4715 3604 4778; x_wconf 89' lang='lat' dir='ltr'><strong>obtinere</strong></span> 
     </span>
     <span class='ocr_line' id='line_1_91' title="bbox 2064 4823 2418 4895; baseline 0 -18"><span class='ocrx_word' id='word_1_606' title='bbox 2064 4836 2181 4878; x_wconf 90' lang='lat' dir='ltr'><strong>non</strong></span> <span class='ocrx_word' id='word_1_607' title='bbox 2210 4823 2418 4895; x_wconf 88' lang='lat' dir='ltr'><strong>potest.</strong></span> 
     </span>
    </p>

    <p class='ocr_par' dir='ltr' id='par_1_19' title="bbox 2065 4904 3609 5270">
     <span class='ocr_line' id='line_1_92' title="bbox 2182 4904 3605 4984; baseline -0.007 -14"><span class='ocrx_word' id='word_1_608' title='bbox 2182 4909 2478 4983; x_wconf 92' lang='lat' dir='ltr'><strong>Quintum</strong></span> <span class='ocrx_word' id='word_1_609' title='bbox 2508 4907 2759 4970; x_wconf 91' lang='lat' dir='ltr'><strong>dubium</strong></span> <span class='ocrx_word' id='word_1_610' title='bbox 2811 4906 3070 4968; x_wconf 85' lang='lat' dir='ltr'><strong>refertur</strong></span> <span class='ocrx_word' id='word_1_611' title='bbox 3117 4904 3195 4967; x_wconf 89' lang='lat' dir='ltr'><strong>ad</strong></span> <span class='ocrx_word' id='word_1_612' title='bbox 3230 4912 3605 4984; x_wconf 85' lang='lat' dir='ltr'><strong>praetensam</strong></span> 
     </span>
     <span class='ocr_line' id='line_1_93' title="bbox 2065 4995 3608 5086; baseline -0.007 -20"><span class='ocrx_word' id='word_1_613' title='bbox 2065 5002 2494 5086; x_wconf 85' lang='lat' dir='ltr'><strong>obligationem</strong></span> <span class='ocrx_word' id='word_1_614' title='bbox 2522 5048 2539 5076; x_wconf 93' lang='lat'>‚</span> <span class='ocrx_word' id='word_1_615' title='bbox 2589 5002 2751 5084; x_wconf 92' lang='lat' dir='ltr'><strong>quod</strong></span> <span class='ocrx_word' id='word_1_616' title='bbox 2796 5001 3070 5084; x_wconf 86' lang='lat' dir='ltr'><strong>Dignitas</strong></span> <span class='ocrx_word' id='word_1_617' title='bbox 3091 5045 3107 5072; x_wconf 91' lang='lat'>‚</span> <span class='ocrx_word' id='word_1_618' title='bbox 3144 5019 3247 5060; x_wconf 91' lang='lat' dir='ltr'><strong>seu</strong></span> <span class='ocrx_word' id='word_1_619' title='bbox 3273 4995 3608 5060; x_wconf 86' lang='lat' dir='ltr'><strong>canonicus</strong></span> 
     </span>
     <span class='ocr_line' id='line_1_94' title="bbox 2065 5088 3606 5177; baseline -0.006 -19"><span class='ocrx_word' id='word_1_620' title='bbox 2065 5097 2341 5177; x_wconf 91' lang='lat' dir='ltr'><strong>Capitulo</strong></span> <span class='ocrx_word' id='word_1_621' title='bbox 2361 5096 2703 5176; x_wconf 88' lang='lat' dir='ltr'><strong>praesidens</strong></span> <span class='ocrx_word' id='word_1_622' title='bbox 2728 5096 3048 5158; x_wconf 89' lang='lat' dir='ltr'><strong>certiorem</strong></span> <span class='ocrx_word' id='word_1_623' title='bbox 3075 5093 3279 5155; x_wconf 89' lang='lat' dir='ltr'><strong>reddat</strong></span> <span class='ocrx_word' id='word_1_624' title='bbox 3297 5088 3606 5152; x_wconf 88' lang='lat' dir='ltr'><strong>Vicarium</strong></span> 
     </span>
     <span class='ocr_line' id='line_1_95' title="bbox 2066 5181 3609 5270; baseline -0.006 -17"><span class='ocrx_word' id='word_1_625' title='bbox 2066 5189 2471 5270; x_wconf 86' lang='lat' dir='ltr'><strong>Capitularem</strong></span> <span class='ocrx_word' id='word_1_626' title='bbox 2493 5191 2799 5253; x_wconf 89' lang='lat' dir='ltr'><strong>absentem</strong></span> <span class='ocrx_word' id='word_1_627' title='bbox 2824 5191 2899 5252; x_wconf 93' lang='lat' dir='ltr'><strong>de</strong></span> <span class='ocrx_word' id='word_1_628' title='bbox 2924 5186 3391 5251; x_wconf 88' lang='lat' dir='ltr'><strong>resolutionibus</strong></span> <span class='ocrx_word' id='word_1_629' title='bbox 3409 5184 3473 5244; x_wconf 92' lang='lat' dir='ltr'><strong>in</strong></span> <span class='ocrx_word' id='word_1_630' title='bbox 3503 5181 3609 5244; x_wconf 89' lang='lat' dir='ltr'><strong>Ca-</strong></span> 
     </span>
    </p>
   </div>
   <div class='ocr_carea' id='block_1_12' title="bbox 423 5275 3609 5365">
    <p class='ocr_par' dir='ltr' id='par_1_20' title="bbox 423 5275 3609 5365">
     <span class='ocr_line' id='line_1_96' title="bbox 423 5275 3609 5365; baseline -0.001 -28"><span class='ocrx_word' id='word_1_631' title='bbox 423 5275 767 5358; x_wconf 88' lang='lat' dir='ltr'><strong>impeditus,</strong></span> <span class='ocrx_word' id='word_1_632' title='bbox 804 5298 880 5339; x_wconf 91' lang='lat' dir='ltr'><strong>an</strong></span> <span class='ocrx_word' id='word_1_633' title='bbox 909 5278 1115 5340; x_wconf 89' lang='lat' dir='ltr'><strong>eadem</strong></span> <span class='ocrx_word' id='word_1_634' title='bbox 1140 5323 1157 5350; x_wconf 91' lang='lat'><strong>,</strong></span> <span class='ocrx_word' id='word_1_635' title='bbox 1190 5278 1437 5359; x_wconf 87' lang='lat' dir='ltr'><strong>inquam</strong></span> <span class='ocrx_word' id='word_1_636' title='bbox 1461 5325 1478 5353; x_wconf 91' lang='lat'>‚</span> <span class='ocrx_word' id='word_1_637' title='bbox 1509 5280 1863 5343; x_wconf 89' lang='lat' dir='ltr'><strong>devolvatur</strong></span> <span class='ocrx_word' id='word_1_638' title='bbox 1883 5283 1959 5345; x_wconf 90' lang='lat' dir='ltr'><strong>ad</strong></span> <span class='ocrx_word' id='word_1_639' title='bbox 2069 5283 2261 5365; x_wconf 91' lang='lat' dir='ltr'><strong>pitulo</strong></span> <span class='ocrx_word' id='word_1_640' title='bbox 2303 5282 2512 5364; x_wconf 89' lang='lat' dir='ltr'><strong>captis,</strong></span> <span class='ocrx_word' id='word_1_641' title='bbox 2535 5291 2596 5345; x_wconf 89' lang='lat' dir='ltr'><strong>et</strong></span> <span class='ocrx_word' id='word_1_642' title='bbox 2635 5292 2932 5364; x_wconf 88' lang='lat' dir='ltr'><strong>quatenus</strong></span> <span class='ocrx_word' id='word_1_643' title='bbox 2975 5278 3353 5350; x_wconf 85' lang='lat' dir='ltr'><strong>affirmative,</strong></span> <span class='ocrx_word' id='word_1_644' title='bbox 3384 5275 3609 5356; x_wconf 87' lang='lat' dir='ltr'><strong>quibus</strong></span> 
     </span>
    </p>
   </div>
   <div class='ocr_carea' id='block_1_13' title="bbox 421 5372 1960 5548">
    <p class='ocr_par' dir='ltr' id='par_1_21' title="bbox 421 5372 1960 5548">
     <span class='ocr_line' id='line_1_97' title="bbox 421 5372 1960 5457; baseline 0.005 -26"><span class='ocrx_word' id='word_1_645' title='bbox 421 5372 778 5433; x_wconf 87' lang='lat' dir='ltr'><strong>successivas</strong></span> <span class='ocrx_word' id='word_1_646' title='bbox 802 5372 1131 5454; x_wconf 84' lang='lat' dir='ltr'><strong>Dignitates</strong></span> <span class='ocrx_word' id='word_1_647' title='bbox 1148 5418 1166 5446; x_wconf 91' lang='lat'><strong>,</strong></span> <span class='ocrx_word' id='word_1_648' title='bbox 1198 5382 1257 5435; x_wconf 91' lang='lat' dir='ltr'><strong>et</strong></span> <span class='ocrx_word' id='word_1_649' title='bbox 1283 5374 1611 5437; x_wconf 88' lang='lat' dir='ltr'><strong>Canonicos</strong></span> <span class='ocrx_word' id='word_1_650' title='bbox 1630 5375 1960 5457; x_wconf 86' lang='lat' dir='ltr'><strong>gradatim,</strong></span> 
     </span>
     <span class='ocr_line' id='line_1_98' title="bbox 423 5465 1422 5548; baseline 0.003 -23"><span class='ocrx_word' id='word_1_651' title='bbox 423 5465 681 5526; x_wconf 82' lang='lat' dir='ltr'><strong>exclusis</strong></span> <span class='ocrx_word' id='word_1_652' title='bbox 707 5486 914 5528; x_wconf 86' lang='lat' dir='ltr'><strong>eorum</strong></span> <span class='ocrx_word' id='word_1_653' title='bbox 944 5465 1422 5548; x_wconf 85' lang='lat' dir='ltr'><strong>Coadjutoribus.</strong></span> 
     </span>
    </p>
   </div>
   <div class='ocr_carea' id='block_1_14' title="bbox 2072 5376 3604 5552">
    <p class='ocr_par' dir='ltr' id='par_1_22' title="bbox 2072 5376 3604 5552">
     <span class='ocr_line' id='line_1_99' title="bbox 2072 5376 3577 5457; baseline -0.007 -17"><span class='ocrx_word' id='word_1_654' title='bbox 2072 5376 2350 5440; x_wconf 88' lang='lat' dir='ltr'><strong>remediis</strong></span> <span class='ocrx_word' id='word_1_655' title='bbox 2379 5378 2819 5457; x_wconf 89' lang='lat' dir='ltr'><strong>procedendum</strong></span> <span class='ocrx_word' id='word_1_656' title='bbox 2841 5376 2919 5438; x_wconf 89' lang='lat' dir='ltr'><strong>sit</strong></span> <span class='ocrx_word' id='word_1_657' title='bbox 2943 5382 3155 5438; x_wconf 89' lang='lat' dir='ltr'><strong>contra</strong></span> <span class='ocrx_word' id='word_1_658' title='bbox 3175 5379 3577 5435; x_wconf 86' lang='lat' dir='ltr'><strong>recusantem.</strong></span> 
     </span>
     <span class='ocr_line' id='line_1_100' title="bbox 2191 5463 3604 5552; baseline -0.005 -19"><span class='ocrx_word' id='word_1_659' title='bbox 2191 5471 2503 5533; x_wconf 89' lang='lat' dir='ltr'><strong>Promotor</strong></span> <span class='ocrx_word' id='word_1_660' title='bbox 2529 5469 2778 5535; x_wconf 86' lang='lat' dir='ltr'><strong>Fiscalis</strong></span> <span class='ocrx_word' id='word_1_661' title='bbox 2805 5478 3031 5552; x_wconf 83' lang='lat' dir='ltr'><strong>pugnat</strong></span> <span class='ocrx_word' id='word_1_662' title='bbox 3055 5486 3166 5550; x_wconf 88' lang='lat' dir='ltr'><strong>pro</strong></span> <span class='ocrx_word' id='word_1_663' title='bbox 3190 5466 3347 5529; x_wconf 87' lang='lat' dir='ltr'><strong>dicta</strong></span> <span class='ocrx_word' id='word_1_664' title='bbox 3372 5463 3604 5545; x_wconf 87' lang='lat' dir='ltr'><strong>obliga-</strong></span> 
     </span>
    </p>
   </div>
  </div>
 </body>
</html>
