4393 6299
1642 547 2107 618 occasa-to
2164 551 2364 609 emt.

3325 552 3429 604 139

501 700 595 762 An
627 748 644 772 ,
689 709 741 762 et
793 695 1063 780 quomodo
1097 696 1366 763 Oratoris
1408 702 1666 784 precibus
1714 704 1793 762 stt
1837 719 1944 763 an-
2070 703 2346 769 consistit
2375 704 2439 767 ln
2466 702 2581 767 hoc
2603 725 2623 778 ·‚
2652 704 2817 785 quod
2848 701 3066 780 Caesar
3094 701 3211 766 suit
3250 704 3487 787 ignatio
3514 703 3648 767 Te·-

386 796 676 856 numm
700 839 717 867 ,
748 796 813 882 in
847 813 984 854 casu
1011 803 1113 855 etc.

2066 801 2277 864 statori
2323 801 2602 883 cognitus
2625 844 2643 874 ,
2676 799 2784 879 qui
2811 844 2830 874 ,
2861 798 2976 861 hoc
3002 798 3255 860 minime
3289 798 3580 861 obstante
3604 844 3621 873 ,

2056 895 2290 958 nullam
2321 893 2462 958 fecit
2497 895 2628 976 ejus
2675 893 2886 958 favore
2914 892 3365 973 dispositionem
3392 941 3412 964 ,
3443 894 3529 955 ita
3563 900 3632 956 ut

448 999 451 1000 ’
493 985 646 1036 Sacra
670 984 872 1054 Congr.
902 982 991 1034 die
1013 983 1082 1035 18
1107 983 1428 1037 Novembris
1458 985 1615 1039 1719.
1644 985 1946 1056 responditae
2057 1009 2168 1070 pro
2218 989 2348 1070 ipso
2398 1008 2520 1051 non
2569 988 2792 1050 militet
2851 998 3235 1070 praesumpta
3288 987 3397 1052 illa
3447 1006 3618 1051 mens

560 1072 776 1139 Dilata,
799 1084 854 1126 el
876 1069 1144 1125 audiatur
1163 1071 1493 1142 Capitulum.

809 1250 1173 1327 QUAESTIO
1217 1252 1502 1315 cxxm.

388 1439 461 1502 In
488 1439 683 1504 Causa
720 1440 1062 1503 Cathacmi
1093 1439 1569 1503 Commutationis
1596 1443 1907 1504 voluntatis
1930 1489 1949 1515 ,

759 1535 850 1596 dis
875 1540 972 1598 30.
1006 1535 1354 1616 Septembris
1384 1540 1560 1597 1719.

387 1656 679 1790 Ignatius
702 1707 1058 1781 Marini-ola,
1094 1709 1158 1770 in
1178 1708 1416 1782 ultimo,
1447 1729 1583 1772 cum
1609 1729 1733 1790 qno
1759 1711 1952 1790 deces-

380 1803 461 1864 sit
494 1848 511 1876 ,
545 1813 899 1866 testamento
931 1802 1246 1865 haeredem
1278 1804 1392 1865 sibi
1422 1804 1659 1885 scripsit
1693 1806 1952 1867 Bernar-

384 1897 532 1959 dum
560 1897 958 1961 Marincolam
982 1918 1059 1960 ex
1088 1898 1275 1961 fratre
1295 1906 1705 1980 pronepotem
1732 1898 1828 1962 cui
1855 1898 1949 1961 in-

379 2001 472 2054 ter
489 2000 720 2056 caetera
742 1992 1334 2080 demandavit,qquod
1353 1993 1610 2076 singulis
1626 1993 1802 2056 annis
1814 2014 1950 2056 ero·

376 2098 551 2170 garet
597 2088 843 2151 ducatos
871 2089 1232 2170 quingentos
1259 2107 1371 2169 pro
1417 2089 1620 2151 decem
1665 2088 1954 2153 subsidiis

393 2181 697 2244 dotalibus
722 2181 1158 2244 distribuendis
1182 2181 1391 2244 favore
1411 2183 1760 2263 Pauperum
1781 2181 1953 2245 Puel-

389 2276 587 2338 larum
616 2275 890 2338 Civitatis
915 2275 1240 2337 Catbacen.
1271 2286 1330 2338 91
1352 2276 1625 2339 locorum
1660 2278 1950 2361 Borgiae,

388 2370 453 2430 S.
510 2369 675 2431 Flori
704 2418 721 2440 ,
771 2368 991 2431 Selliae
1013 2414 1030 2444 ,
1068 2378 1129 2431 et
1178 2370 1434 2432 Stalletti
1460 2406 1486 2442 ,<
1525 2372 1601 2432 ad
1653 2373 1951 2435 rationem

383 2464 742 2526 ducatorum
774 2469 872 2524 50.
896 2482 1009 2543 pro
1032 2464 1307 2544 qualibet
1336 2464 1569 2526 Puella.
1732 2523 1736 2527 .
1832 2527 1835 2530 ,

504 2559 594 2621 De
611 2557 864 2622 Caesare
883 2557 1248 2630 Marincola,
1280 2558 1417 2622 licet
1447 2559 1685 2640 aequali
1711 2579 1959 2623 consan-

382 2652 699 2735 guinitatis
725 2653 918 2734 gradu
940 2652 1056 2714 sibi
1093 2654 1412 2735 conjuncto
1431 2654 1703 2735 Ignatius
1722 2653 1955 2718 Marin-

383 2747 515 2811 cola
541 2749 813 2810 Testator
856 2747 1093 2808 nullum
1114 2747 1331 2810 habuit
1374 2750 1628 2812 verbum
1658 2749 1720 2810 in
1750 2752 1955 2813 Testa·

386 2850 613 2916 ment03
631 2862 893 2923 cumque
918 2842 1021 2903 ille
1039 2842 1426 2912 sanctissimo
1456 2844 1719 2926 Domino
1739 2845 1957 2907 Nostro

381 2935 812 3015 supplicaverit
833 2955 943 3016 pro
963 2934 1170 3015 aliqua
1197 2944 1580 3017 temporanea
1600 2937 1953 3019 applicatio-

386 3047 462 3091 ne
495 3049 736 3092 annuae
759 3027 1178 3112 praestationis
1210 3029 1565 3093 ducatorum
1590 3031 1954 3114 quingento-

384 3143 544 3198 rum,
570 3135 838 3207 utsupra
866 3170 885 3199 ,
915 3143 951 3187 a
979 3124 1286 3187 Testatore
1304 3117 1679 3209 relictorum,
1713 3136 1784 3189 ut
1808 3145 1954 3190 suae

382 3218 469 3280 rei
492 3219 853 3282 domesticae
890 3216 1239 3280 subveniret
1267 3264 1285 3292 ,
1314 3227 1375 3282 91
1415 3239 1452 3282 a
1480 3220 1808 3285 Sanctitate
1827 3220 1949 3286 Sua

387 3312 615 3374 fuerint
632 3331 836 3393 preces
857 3312 1142 3374 remissae
1157 3312 1233 3374 ad
1256 3313 1416 3376 hanc
1426 3314 1670 3377 Sacram
1687 3315 1951 3397 Congre-

391 3408 692 3488 gationem
721 3453 739 3481 ,
770 3415 904 3489 post
927 3406 1199 3469 habitam
1240 3409 1315 3470 de
1343 3429 1511 3471 more
1532 3409 1809 3492 Episcopi
1851 3408 1948 3469 in-

393 3502 817 3565 formationem
844 3550 861 3574 ,
905 3502 1249 3582 propositae
1285 3503 1538 3565 fuerunt
1577 3505 1736 3567 inter
1777 3506 1948 3566 Sum-

394 3599 585 3662 maria
624 3617 870 3677 precum
917 3597 979 3658 in
1011 3597 1489 3680 Congregatione
1516 3598 1724 3661 habita
1766 3601 1855 3659 die
1884 3603 1939 3659 3.

394 3695 709 3757 Decembris
734 3698 909 3754 1718.
945 3701 1005 3754 91
1029 3693 1383 3774 rescriptum
1418 3694 1529 3756 fuit
1559 3742 1576 3765 ‚
1609 3696 1757 3773 quod
1786 3692 1943 3755 Cau·

391 3810 455 3853 sa
502 3797 802 3872 poneretur
841 3792 906 3848 in
945 3789 1121 3867 folio,
1152 3800 1201 3849 et
1248 3789 1397 3869 quod
1443 3791 1840 3867 exquireretur
1872 3789 1944 3849 ab

390 3884 668 3965 Episcopo
693 3884 770 3946 ad
797 3902 971 3963 quam
995 3884 1375 3961 quantitatem
1396 3882 1657 3943 ascendat
1673 3884 1947 3962 patrimo-

388 3980 550 4039 nium
595 3976 858 4040 Caesaris
883 4021 902 4050 ,
929 3986 983 4037 ot
1025 3980 1090 4036 in
1121 3995 1237 4056 qua
1265 3979 1586 4056 quantitate
1606 3978 1724 4036 sint
1760 3979 1946 4037 annui

390 4074 506 4151 eius
532 4073 775 4151 fructus.

504 4166 720 4242 Quoad
769 4164 1145 4227 nobilitatem
1173 4213 1188 4236 ,
1229 4166 1542 4247 sanguinis
1570 4165 1943 4248 conjunctio-

393 4279 529 4322 nem
574 4279 711 4322 cum
752 4260 1059 4320 Testatore
1086 4306 1104 4330 ,
1144 4267 1202 4319 et
1247 4260 1445 4339 quoad
1478 4259 1752 4321 Oratoris
1793 4279 1942 4341 pau-

398 4361 685 4434 pertatem
720 4350 890 4413 nulla
917 4351 1121 4412 adesse
1144 4350 1385 4413 videtur
1408 4352 1729 4414 difficultas
1756 4398 1773 4426 ,
1802 4373 1940 4414 cum

395 4445 455 4508 id
481 4445 728 4508 resultet
756 4465 832 4506 ex
859 4444 1233 4506 documentis
1258 4445 1336 4506 ab
1360 4445 1488 4525 ipso
1519 4445 1810 4507 exhibitis
1835 4492 1852 4520 ,
1883 4456 1943 4509 et

391 4560 464 4603 ex
486 4559 740 4602 numero
759 4540 1026 4601 liliorum
1057 4560 1073 4611 ;
1098 4538 1281 4601 babet
1299 4539 1463 4602 enim
1483 4550 1747 4621 quatuor
1771 4541 1941 4602 Puel-

390 4636 476 4699 las
499 4684 517 4712 ,
547 4646 606 4699 et
648 4645 768 4696 tres
798 4635 1025 4695 Pueros
1053 4680 1070 4704 ‚
1106 4642 1166 4695 et
1216 4642 1341 4696 tam
1373 4635 1502 4715 ipse
1542 4655 1728 4716 quam
1777 4636 1942 4697 Uxor

389 4740 528 4793 sunt
554 4731 810 4812 juvenes
836 4773 854 4802 ,
883 4739 944 4789 et
984 4726 1048 4788 in
1077 4746 1149 4788 eo
1175 4772 1193 4800 ,
1227 4728 1392 4808 quod
1414 4729 1629 4791 attinet
1654 4728 1730 4792 ad
1758 4728 1944 4812 patri·

393 4824 686 4896 monium,
710 4831 771 4884 et
790 4822 866 4884 ad
891 4820 1142 4892 reditus,
1156 4822 1486 4903 Episcopus
1507 4823 1571 4884 in
1591 4843 1698 4887 sua
1728 4823 1945 4888 ultima

391 4918 682 4982 relatione
709 4916 912 4997 inquit
941 4935 1080 4976 eum
1113 4916 1454 4979 miserrime
1475 4919 1683 4981 vivere
1706 4938 1780 4982 ex
1803 4919 1945 4981 fun-

390 5012 481 5075 dis
507 5010 813 5074 dotalibus
839 5010 1058 5072 Uxoris
1081 5058 1100 5082 ,
1137 5011 1335 5091 ipsum
1375 5031 1618 5094 quoque
1643 5014 1946 5094 possidere

397 5105 772 5170 viridarium
798 5153 816 5177 ,
846 5124 920 5168 ex
947 5123 1071 5185 quo
1099 5104 1515 5185 percipiuntur
1531 5109 1719 5169 annui
1741 5107 1940 5172 ducati

396 5207 491 5264 30.
515 5220 655 5263 cum
674 5218 859 5263 onere
879 5198 1300 5262 celebrationis
1320 5199 1594 5282 quinque
1620 5202 1940 5266 Missarum

394 5295 666 5375 qualibet
690 5292 1069 5356 bebdomada
1092 5342 1108 5364 ,
1138 5302 1196 5355 et
1223 5304 1457 5357 caetera
1484 5295 1606 5359 alia
1632 5298 1793 5361 bona
1817 5317 1946 5363 esse

396 5390 673 5453 intricata
697 5433 716 5463 ,
744 5396 805 5450 et
831 5386 1245 5450 creditoribus
1271 5388 1556 5452 obnoxia.

512 5483 576 5547 Si
607 5483 755 5566 quid
791 5491 924 5556 est,
956 5483 1117 5563 quod
1147 5482 1470 5547 instantiae
1487 5486 1695 5549 obesse
1721 5486 1939 5563 valeat,

797 5606 1008 5647 ιιισιι).
1048 5608 1164 5648 xiv.
1203 5608 1343 5649 τοι.
1388 5597 1499 5652 th.

2056 1083 2420 1157 Testatoris,
2448 1083 2696 1163 quaein
2739 1083 3158 1145 consimilibus
3201 1082 3439 1146 casibus
3476 1100 3623 1145 con·

2059 1176 2313 1238 siderari
2337 1177 2651 1240 consuevit
2675 1178 2754 1239 ab
2774 1174 2889 1239 bac
2915 1176 3094 1238 Sacra
3116 1174 3613 1258 Congrcgatione.

2175 1271 2291 1333 His
2308 1272 2610 1334 stantibus
2629 1317 2647 1345 ,
2676 1271 3018 1353 quaeritur:
3073 1314 3081 1322 -

2174 1367 2273 1427 An
2297 1414 2315 1438 ,
2345 1376 2396 1428 st
2442 1369 2713 1447 quomodo
2756 1369 2832 1428 sit
2875 1369 3024 1428 locus
3061 1367 3490 1429 commutationi
3529 1385 3620 1428 oo-

2070 1460 2316 1524 luntotis
2346 1460 2681 1534 Testatoris,
2714 1463 2781 1524 in
2801 1481 2957 1524 casu.

2164 1653 2311 1706 Suet.
2334 1651 2534 1723 Congr.
2561 1652 2651 1706 d‘e
2681 1653 2765 1704 18.
2787 1653 3111 1709 Novembris
3132 1653 3290 1708 1719.
3309 1650 3620 1722 respondit:

2240 1740 2505 1810 negative
2525 1778 2542 1807 ,
2567 1752 2622 1795 ee
2645 1740 2898 1811 amplius.

2485 1946 2848 2023 QUAESTIO
2906 1946 3186 2010 CXXIV.

2060 2164 2134 2226 In
2168 2163 2362 2230 Cam
2387 2139 2786 2239 Sulmonensi,
2814 2167 2904 2229 die
2926 2171 3026 2229 30.
3056 2164 3399 2247 Septembris
3437 2169 3611 2230 1719.

2058 2321 2259 2434 Bina
2318 2380 2739 2453 proponuntur
2793 2370 2981 2433 dubia
3043 2368 3406 2451 disputanda
3453 2368 3614 2433 inter

2069 2468 2482 2529 Promotorem
2510 2465 2804 2528 Fiscalem
2830 2465 3049 2527 Curiae
3075 2463 3446 2546 Episcopalis
3471 2462 3612 2526 Sul-

2064 2580 2308 2622 monen.
2340 2569 2401 2623 et
2428 2558 2798 2640 Capitulum,
2832 2566 3016 2640 atque
3047 2556 3378 2620 Canonicos
3402 2555 3613 2619 Cathe-

2065 2654 2254 2718 dralis
2305 2653 2605 2717 Ecclesiae
2655 2651 2922 2735 ejusdem
2972 2651 3290 2724 Civitatis.;
3348 2668 3611 2730 cumque

2066 2749 2332 2832 primum
2362 2748 2616 2811 dubium
2654 2747 2815 2810 infra
2845 2745 3304 2809 memorandum
3332 2743 3611 2826 respiciat

2034 2879 2039 2884 -
2065 2845 2519 2926 suspensionem
2553 2862 2590 2906 a
2620 2842 2861 2904 Divinis
2884 2842 2966 2904 ab
2991 2840 3284 2922 Episcopo
3317 2838 3612 2902 inflictam

2060 2940 2348 3002 adversus
2368 2937 2699 3004 Canonicos
2717 2937 3141 2999 Procuratores
3160 2933 3446 3015 Capituli,
3466 2953 3612 3015 ope-

2063 3054 2168 3097 rae
2196 3033 2458 3116 pretium
2486 3041 2576 3096 est
2596 3032 2676 3096 ab
2706 3032 2912 3094 eadem
2943 3030 3186 3093 initium
3220 3028 3566 3091 desumere.

2181 3128 2456 3193 lnflictae
2496 3125 2905 3207 suspensionis
2944 3124 3175 3187 occasio
3224 3121 3509 3205 processit
3530 3122 3612 3185 ab

2069 3224 2445 3306 expositione
2492 3220 2912 3304 Reliquiarum
2949 3220 3012 3282 S.
3033 3217 3348 3300 'Pamphili
3398 3218 3608 3280 Prote-

2058 3314 2241 3383 ctoris
2260 3317 2534 3382 Civitatis
2552 3316 2904 3378 Sulmonen.
2938 3333 3048 3396 pro
3071 3312 3451 3393 impetranda
3478 3312 3610 3392 plu·

2061 3414 2164 3477 via
2189 3460 2208 3487 ,
2259 3416 2320 3477 et
2350 3422 2420 3476 ut
2471 3410 2908 3494 Angustissima
2960 3406 3321 3490 Imperatrix
3367 3405 3605 3468 felicem

2058 3509 2263 3572 ederet
2280 3517 2524 3589 partum
2546 3528 2563 3580 ς
2592 3505 2899 3568 contendit
2924 3504 3088 3566 enim
3114 3502 3473 3584 Episcopus,
3499 3502 3606 3564 Ca·

2054 3603 2318 3684 pitulum
2341 3601 2663 3683 deliquisse
2691 3601 2753 3661 in
2782 3607 3006 3663 tentata
3026 3607 3088 3661 et
3103 3598 3463 3660 demandata
3486 3598 3606 3659 Re·

2057 3696 2393 3778 liquiarum
2411 3694 2785 3775 expositione
2801 3742 2817 3764 ,
2850 3694 3080 3774 absque
3102 3710 3211 3754 sua
3239 3689 3487 3755 scientia
3506 3737 3523 3761 ,
3545 3695 3606 3751 et

2051 3789 2465 3871 permissione,
2477 3797 2536 3851 et
2553 3807 2616 3850 se
2633 3788 2747 3850 hac
2766 3788 2841 3849 de
2857 3806 3036 3850 causa
3056 3786 3131 3848 ad
3154 3784 3602 3866 suspensionem

2065 3886 2421 3966 processisse
2458 3884 2603 3957 rite,
2657 3891 2718 3945 et
2757 3891 2915 3944 recte
2954 3883 3240 3944 adversus
3271 3879 3605 3942 Canonicos

2060 3981 2489 4043 Procuratores
2518 3976 2814 4058 Capituli,
2848 3976 2953 4057 qui
2989 3976 3222 4039 ratione
3259 3973 3436 4035 officii
3466 3992 3602 4052 spe-

2050 4075 2285 4138 cialiori
2309 4073 2543 4136 ratione
2560 4072 2965 4153 deliquerant,
2989 4079 3046 4133 et
3065 4068 3408 4150 Capitulum
3431 4088 3603 4149 prae-

2057 4178 2223 4232 terea
2260 4166 2618 4249 deliquisse,
2663 4183 2737 4227 cx
2784 4183 2908 4245 quo
2933 4184 3053 4226 non
3097 4165 3402 4237 obstante,
3432 4163 3599 4244 quod

2058 4262 2188 4344 ipse
2209 4263 2539 4343 Episcopus
2561 4259 2864 4321 licentiam
2892 4308 2909 4331 ,
2945 4271 3006 4321 et
3032 4259 3384 4322 mandatum
3408 4276 3597 4338 expo-

2053 4356 2239 4418 nendi
2271 4354 2581 4435 Reliquias
2610 4354 2724 4413 sub
2752 4353 2894 4414 inde
2925 4351 3322 4433 expedivisset
3345 4397 3364 4427 ,
3395 4352 3471 4414 ad
3494 4370 3597 4414 ea·

2055 4471 2190 4512 rum
2217 4449 2650 4531 expositionem
2677 4445 2999 4528 procedere
3025 4446 3350 4509 recusavit.

2168 4544 2474 4607 Adversus
2490 4543 2649 4605 hanc
2665 4540 3112 4623 suspensionem
3135 4539 3479 4621 Capitulum
3498 4557 3600 4600 ex-

2051 4637 2196 4718 cipit
2229 4638 2304 4700 de
2331 4637 2611 4699 nullitate
2635 4684 2652 4709 ,
2681 4636 2837 4698 etde
2861 4634 3188 4717 injustitia:
3212 4634 3288 4695 de
3321 4631 3598 4694 nullitate

2050 4733 2300 4813 quidem
2325 4778 2343 4805 ,
2394 4732 2540 4812 quia
2589 4751 2705 4793 non
2757 4736 3208 4812 praecesserunt
3274 4726 3598 4789 canonicae

2056 4827 2449 4887 monitiones:
2475 4826 2550 4887 de
2580 4826 2872 4909 injustitia
2904 4841 3048 4886 vero
3067 4871 3081 4891 ,
3116 4830 3245 4883 tum
3274 4820 3418 4902 quia
3442 4820 3597 4882 Civi-

2053 4921 2192 4984 tatis
2214 4920 2604 5001 Magistratus
2624 4919 2767 5000 Capi
2776 4916 2901 4981 tulo
2920 4925 3167 4980 testatus
3190 4914 3407 4985 fuerat,
3431 4914 3595 4994 quod

2050 5015 2130 5077 ab
2159 5016 2454 5097 Episcopo
2497 5014 2800 5077 licentiam
2832 5012 3179 5075 obtinuerat
3211 5008 3599 5091 expositionis

2052 5109 2474 5190 Reliquiarum
2501 5154 2517 5181 ,
2557 5117 2684 5170 tum
2720 5106 2864 5187 quia
2897 5105 3132 5184 incepto
3147 5105 3273 5186 jam
3306 5120 3551 5182 vespero
3574 5146 3591 5174 ,

2053 5205 2442 5266 transmissus
2477 5203 2593 5265 fuit
2633 5221 2670 5266 a
2699 5199 2980 5283 Capitulo
3012 5199 3300 5262 Sacerdos
3323 5196 3397 5258 ad
3424 5196 3598 5275 Epis·

2050 5319 2305 5381 copum,
2351 5305 2422 5360 ut
2449 5298 2528 5360 ab
2560 5297 2772 5359 eodem
2814 5295 3029 5368 sciret,
3068 5312 3144 5356 an
3183 5291 3396 5365 vellet,
3433 5288 3594 5375 quod

2052 5393 2349 5476 expositio
2388 5393 2563 5456 fieret
2605 5402 2746 5456 ante
2773 5387 3273 5472 completorium,
3306 5394 3366 5449 et
3400 5403 3477 5448 an
3509 5384 3596 5445 illi

2050 5490 2234 5554 vellet
2259 5488 2562 5552 assistere.

3135 5597 3203 5649 19
