4393 6299
947 490 1056 557 ate

769 641 877 704 fiat
907 643 1054 704 unio
1078 639 1601 723 Cappellaniarum
1626 686 1643 714 ,
1673 649 1731 703 et
1759 640 1921 720 quod
1950 660 2132 722 penes
2157 658 2314 701 non-

768 734 972 798 nullos
992 734 1143 797 alios
1162 756 1235 798 ex
1260 738 1380 798 EE.
1414 738 1540 798 DD.
1563 735 1797 817 aliquid
1822 734 2191 797 difficultatis
2217 734 2312 796 in-

767 830 946 912 gessit
973 832 1321 911 ponderatio
1340 831 1502 911 quod
1529 830 2186 912 Archipresbyteratus‚
2214 829 2310 893 cui

768 934 859 986 est
887 943 1122 986 annexa
1145 943 1290 986 cura
1310 924 1700 995 Animarum,
1730 932 1880 986 esset
1910 922 2310 985 conferendus

766 1039 890 1084 non
920 1040 1026 1100 per
1056 1020 1425 1082 Concursum
1452 1064 1469 1092 ,
1496 1019 1600 1080 sed
1628 1017 1873 1099 praevio
1901 1018 2212 1079 examine.

887 1115 977 1176 Ad
1004 1113 1445 1175 submovendas
1466 1122 1666 1175 autem
1692 1113 1866 1175 hasce
1894 1112 2273 1175 difficultates
2291 1160 2310 1183 ,

764 1209 1092 1290 Episcopus
1125 1208 1189 1269 in
1233 1227 1388 1271 nova
1418 1208 1667 1289 epistola
1710 1207 1914 1288 inquit
1943 1207 2315 1270 habitatores

771 1304 1070 1367 Casalium
1103 1323 1222 1365 non
1268 1323 1393 1367 esse
1424 1303 1870 1365 incommodum
1918 1323 2192 1384 passuros
2239 1323 2315 1365 ex

768 1400 995 1461 unione
1024 1396 1573 1480 Cappellaniarum‚
1598 1417 1738 1459 cum
1756 1397 1986 1460 Casalia
2015 1397 2137 1458 sint
2165 1416 2310 1458 con-

766 1493 1024 1556 termina
1050 1490 1289 1572 Oppido
1311 1537 1330 1565 ,
1358 1490 1596 1553 nullum
1618 1491 1821 1553 adesse
1846 1489 2180 1572 periculum
2218 1489 2311 1551 di-

768 1586 1122 1648 minutionis
1149 1586 1450 1647 redituum
1476 1633 1493 1659 ,
1521 1597 1649 1647 tum
1670 1585 1816 1666 quia
1863 1605 2027 1647 nunc
2048 1584 2315 1647 admini-

765 1690 1037 1745 strantur
1074 1701 1109 1745 a
1138 1682 1330 1743 Laicis
1355 1728 1373 1755 ‚
1406 1692 1465 1743 et
1492 1681 1555 1743 in
1591 1690 1895 1762 posterum
1921 1680 2317 1743 administra-

768 1778 1000 1839 buntur
1050 1795 1086 1838 a
1142 1776 1458 1838 Canonicis
1513 1796 1637 1838 rem
1694 1774 2005 1856 ,propriam
2055 1775 2315 1857 gerenti-

771 1873 915 1946 bus,
957 1882 1081 1934 tum
1128 1872 1274 1952 qnia
1305 1871 1461 1932 facto
1494 1868 1827 1950 multiplico
1858 1869 2158 1931 redituum
2189 1868 2317 1930 ine·

770 1975 1105 2039 xactorum,
1129 1973 1187 2027 et
1208 1965 1658 2027 ascendentium
1681 1965 1755 2025 ad
1782 1973 1946 2025 scuta
1978 1969 2152 2026 3000.
2183 1983 2317 2025 con-

766 2061 931 2123 stitui
968 2060 1186 2141 poterit
1204 2059 1458 2140 capitale
1484 2058 2009 2139 multiplicandum
2037 2079 2145 2138 pro
2171 2077 2316 2137 sup-

728 2204 735 2211 .
767 2155 1066 2234 plemento
1085 2152 1435 2216 futurorum
1453 2154 1993 2222 decrementorum,
2019 2170 2156 2213 cum
2180 2172 2318 2212 con-

767 2250 1015 2321 ditione,
1036 2258 1105 2310 ut
1130 2249 1335 2311 omnia
1360 2265 1543 2310 onera
1571 2247 1996 2328 Cappellarum
2026 2246 2319 2326 implean-

767 2353 868 2406 tur
898 2344 1049 2406 citra
1077 2343 1267 2405 ullam
1284 2362 1450 2423 spem
1478 2341 1846 2404 reductionis
1875 2360 2126 2402 onerum
2155 2362 2171 2413 ;
2211 2340 2317 2401 ad-

766 2438 1042 2519 duntque
1093 2437 1495 2499 Informantes
1523 2485 1538 2508 ,
1585 2436 1710 2517 juri
1762 2455 2094 2497 consonum
2139 2455 2266 2495 esse
2300 2481 2315 2507 ,

766 2532 929 2613 quod
958 2531 1291 2613 Dignitates
1315 2580 1330 2602 ,
1367 2531 1592 2612 quibus
1615 2550 1852 2593 annexa
1882 2538 1969 2592 est
1992 2549 2137 2592 cura
2169 2531 2318 2590 Ani-

769 2645 1003 2686 marum
1023 2672 1040 2698 ,
1071 2645 1190 2686 non
1223 2624 1611 2686 conferantur
1639 2644 1745 2705 per
1772 2624 2142 2686 Concursum
2164 2669 2181 2697 ‚
2214 2623 2318 2686 sed

766 2719 1015 2801 praevio
1046 2728 1275 2782 tantum
1320 2720 1599 2780 examine
1619 2728 1640 2792 ',
1669 2726 1729 2779 et
1754 2719 1829 2780 de
1857 2718 2016 2783 facto
2050 2727 2319 2798 tempore

771 2814 876 2874 SS.
902 2815 974 2874 D.
1004 2813 1079 2873 N.
1104 2812 1443 2872 introducta
1473 2810 1588 2871 fuit
1621 2811 2020 2884 consuetudo,
2055 2819 2162 2883 ut,
2210 2831 2314 2873 va·

767 2909 1045 2970 cantibus
1095 2906 1307 2986 primis
1347 2902 1757 2987 Dignitatibus
1784 2950 1801 2978 ,
1830 2904 2054 2984 quibus
2081 2924 2319 2967 annexa

768 3011 857 3065 est
881 3008 1025 3063 cura
1057 3000 1415 3062 Animarum
1443 3046 1461 3073 ‚
1491 3019 1752 3080 quarum
1803 2997 2045 3061 collatio
2093 3008 2321 3079 spectat

772 3097 847 3160 ad
873 3096 1209 3168 Datariam‚
1235 3095 1343 3157 fiat
1360 3094 1440 3157 ab
1464 3093 1795 3157 Ordinario
1826 3094 2183 3167 Concursus,
2214 3094 2319 3175 qui

769 3191 1199 3254 transmittitur
1231 3210 1342 3273 pro
1368 3190 1767 3253 instructione
1793 3190 1982 3253 animi
2018 3189 2316 3252 Sanctita-

770 3286 848 3349 tis
874 3286 1059 3347 Suae.

889 3380 1001 3441 His
1026 3388 1228 3443 autem
1253 3378 1553 3441 stantibus
1569 3425 1587 3453 ,
1616 3378 1932 3459 quaeritur
1957 3397 1973 3438 ε
2174 3446 2179 3454 ,

860 3474 985 3535 'An
1006 3520 1023 3547 ,
1054 3484 1103 3534 οι
1139 3476 1408 3554 quomodo
1433 3474 1508 3535 sit
1548 3475 1913 3535 annuendum
1953 3475 2218 3556 petitioni
2258 3476 2323 3535 in

769 3588 904 3632 casu
934 3579 1037 3630 otc.
1536 3587 1547 3595 ‘

877 3760 1030 3812 Sacra
1071 3758 1269 3825 Congr.
1308 3775 1479 3827 neque
1516 3756 1605 3811 die
1641 3759 1697 3811 8.
1733 3758 1909 3814 Martii
1953 3758 2110 3811 ¹72¹.
2149 3776 2324 3829 neque

765 3844 872 3900 die.
913 3846 1011 3896 81„
1037 3846 1214 3897 Martii
1260 3844 1413 3896 ¹721.
1442 3845 1638 3915 quibus
1674 3845 1866 3900 diebus
1902 3847 2072 3901 Causa
2112 3847 2216 3899 fuit
2245 3865 2320 3900 re·

767 3933 1048 4004 proposita
1064 3972 1085 4001 ,
1123 3933 1260 3985 nihil
1282 3932 1547 3999 ‚resolvih
1710 3957 1711 3960 ¹

1165 4124 1529 4199 QUAESTIO
1567 4125 1902 4189 CLxxnt.

889 4325 961 4386 In
1005 4324 1200 4387 Causa
1243 4323 1508 4385 Imolcnsi
1543 4323 1841 4405 Conqruac
1867 4372 1887 4402 ,
1940 4329 2030 4389 die
2078 4333 2178 4390 22.

1357 4416 1531 4478 Iunii
1572 4423 1746 4481 1720.

766 4548 1152 4667 Fundatum
1200 4602 1500 4683 reperitur
1544 4604 1609 4666 in
1649 4605 1913 4669 Ecclesia
1968 4607 2315 4671 Parochiali

767 4698 966 4760 Sancti
989 4697 1160 4758 Pauli
1176 4697 1397 4758 Terrae
1416 4697 1646 4759 Massae
1666 4700 2147 4761 Lombardorum
2168 4701 2324 4762 Imo-

764 4794 886 4857 len.
915 4791 1212 4854 Dioecesis
1234 4791 1540 4871 quoddam
1559 4792 1941 4855 Consortium
1993 4794 2313 4877 Presbyte-

765 4906 978 4951 rorum
996 4935 1013 4959 ,
1038 4885 1199 4967 quod
1226 4885 1584 4950 Communia
1615 4888 1975 4967 appellatur,
2000 4887 2316 4970 adquam,

759 4984 938 5066 juxta
983 4978 1375 5042 resolutiones
1420 4980 1571 5043 alias
1612 4982 1801 5043 editas
1849 4982 1927 5043 ab
1954 4981 2092 5044 ⁴hac
2139 4983 2321 5046 Sacra

765 5074 1242 5159 Congregatione
1262 5119 1281 5147 ,
1313 5092 1433 5135 non
1459 5073 1654 5136 solum
1689 5076 1921 5138 admitti
1956 5077 2179 5139 debent
2209 5077 2317 5139 Sa·

765 5173 1032 5236 cerdotes
1060 5168 1226 5230 intra
1252 5163 1570 5231 circuitum
1593 5171 1816 5232 Terrae
1837 5170 1986 5245 nati,
2007 5171 2109 5233 sed
2135 5171 2319 5234 etiam

766 5264 1026 5330 Oriundi
1061 5263 1143 5325 de
1162 5261 1514 5325 Territorio.

884 5360 1071 5420 Terra
1110 5405 1125 5427 ,
1158 5364 1214 5415 et
1247 5355 1643 5419 Territorium
1688 5358 1916 5439 Populo
1961 5359 2320 5432 abundant,

766 5463 827 5516 et
874 5451 936 5513 in
980 5450 1110 5513 dies
1160 5459 1414 5530 augetur
1466 5471 1760 5514 numerus
1807 5452 2178 5516 Clericorum
2203 5499 2223 5530 ,
2262 5462 2322 5517 et

1970 488 2413 557 QnAEstoass
2460 487 2819 542 emotum-2

2421 641 2839 714 Sacerdotum,
2864 647 2925 703 et
2955 638 3203 722 triginta
3230 638 3576 703 Sacerdotes
3607 659 3761 701 anno
3787 643 3964 700 1717.

2423 755 2546 816 quo
2570 735 2950 798 fuitexarata
2985 734 3063 797 ab
3111 733 3602 796 Eminentissimo
3630 732 3969 795 Gozzadino

2422 828 2745 891 Ordinatio
2769 828 3019 891 Imolen.
3053 826 3401 889 informatio
3428 872 3444 900 ,
3478 826 3759 907 descripti
3801 846 3974 906 repe-

2424 923 2737 985 riebantur
2761 923 2824 983 in
2849 921 3226 994 Communia,
3251 929 3309 982 et
3330 920 3436 982 alii
3460 919 3971 1002 vigintiquatuor,

2427 1017 2585 1080 intra
2608 1018 2789 1079 breve
2818 1016 3101 1097 temporis
3143 1015 3407 1096 spatium
3430 1060 3447 1088 ,
3480 1015 3841 1078 contendere
3864 1034 3974 1097 po-

2424 1119 2620 1174 terant
2641 1109 3063 1172 admissionem
3091 1108 3167 1170 ad
3189 1109 3465 1170 eandem.

2543 1203 2797 1267 Ratione
2842 1204 3025 1285 hujus
3070 1203 3313 1285 magni,
3356 1211 3417 1265 et
3445 1211 3637 1264 tractu
3683 1196 3970 1282 temporis

2423 1300 2707 1364 excessivi
2730 1298 3195 1362 Consortialium
3221 1298 3482 1369 numeri,
3511 1298 3693 1360 timor
3720 1306 3973 1360 exortus

2423 1404 2544 1470 est,
2575 1396 2737 1476 quod
2765 1396 2987 1457 nedum
3026 1395 3240 1456 Coetus
3272 1393 3555 1457 vilescere
3584 1402 3823 1473 posset,
3855 1393 3960 1455 sed

2423 1489 2585 1570 quod
2618 1489 2799 1552 etiam
2844 1487 3054 1552 Cultus
3100 1487 3358 1549 Divinus
3391 1486 3821 1549 detrimentum
3859 1504 3969 1566 pa-

2425 1593 2682 1659 teretur,
2713 1584 3235 1646 tenenturetenim
3255 1580 3656 1646 Consortiales
3687 1581 3976 1644 interesse

2424 1680 2659 1754 Choro‚
2701 1690 2763 1744 et
2809 1680 3222 1743 functionibus
3282 1678 3538 1763 singulis
3592 1678 3805 1739 diebus
3840 1725 3857 1749 ,
3909 1686 3969 1740 et

2424 1777 2669 1856 quando
2699 1776 2880 1839 iidem
2904 1776 3129 1839 suntin
3161 1794 3416 1838 numero
3441 1780 3538 1837 30.
3578 1773 3838 1855 quilibet
3861 1772 3973 1836 Sa-

2424 1872 2662 1947 cerdos,
2692 1871 2959 1934 deductis
2985 1871 3307 1933 Missarum
3331 1867 3731 1949 eleemosynis
3754 1914 3770 1940 ,
3820 1886 3973 1948 quas

2424 1967 2686 2029 celebrat
2718 1967 3087 2048 obligatione
3105 1965 3497 2028 Communiae
3520 2011 3538 2039 ,
3582 1965 3976 2045 deductisque

2424 2060 2561 2122 aliis
2609 2063 2894 2142 impensis
2948 2061 3294 2129 necessariis
3351 2080 3459 2140 pro
3513 2060 3971 2122 manutentione

2425 2155 2742 2220 Sacrarum
2787 2153 3260 2237 supellectilium
3293 2201 3310 2227 ,
3363 2155 3469 2217 vix
3528 2154 3711 2217 habet
3766 2174 3969 2216 annua

2424 2258 2589 2313 scuta
2623 2255 2714 2312 16.
2749 2270 2906 2332 quae
2937 2268 3173 2314 summa
3196 2250 3418 2312 diurno
3445 2269 3629 2331 penso
3661 2248 3856 2330 impar
3884 2250 3977 2311 vi-

2425 2347 2602 2409 detur
2626 2390 2643 2407 .

2544 2441 2634 2502 Ad
2660 2440 3059 2522 reparandum
3081 2441 3194 2502 boc
3215 2438 3490 2501 futurum
3518 2438 3972 2515 inconveniens,

2425 2535 2733 2598 exhibitus
2767 2534 2883 2599 fuit
2911 2526 3054 2599 huic
3075 2537 3291 2599 Sacrae
3336 2534 3796 2619 congregationi
3829 2557 3975 2617 sup-

2424 2630 2565 2713 plex
2590 2629 2854 2703 libellus,
2884 2631 2947 2692 in
2977 2651 3100 2712 quo
3121 2632 3373 2712 petitum
3407 2629 3545 2699 fuit,
3589 2630 3749 2710 quod
3777 2630 3979 2692 deter-

2427 2724 2760 2787 minaretur
2806 2745 3093 2787 numerus
3150 2717 3614 2787 Consortialium
3639 2769 3657 2799 ,
3705 2723 3811 2805 qui
3864 2745 3980 2806 pro

2425 2827 2693 2900 tempore
2757 2820 3244 2883 adscriberentur
3289 2818 3691 2882 Communiae
3710 2865 3727 2891 ,
3780 2826 3842 2880 et
3888 2818 3977 2881 sic

2427 2915 2587 2994 quod
2620 2914 2877 2976 Ecclesia
2909 2913 3082 2977 fieret
3119 2913 3533 2987 numeratitia‚
3582 2921 3644 2977 et
3681 2914 3977 2975 Eminen-

2427 3009 2691 3071 tissimus
2719 3009 3094 3072 Gozzadinus
3136 3008 3199 3071 in
3237 3027 3419 3089 supra
3451 3007 3740 3070 recensita
3774 3007 3977 3071 Infor-

2426 3105 2722 3180 motione,
2752 3104 2983 3168 censuit
2999 3123 3125 3167 esse
3144 3102 3536 3166 annuendum
3560 3103 3782 3185 petitis,
3803 3104 3974 3186 quia,

2429 3198 2634 3261 effecta
2672 3199 2936 3261 Ecclesia
2978 3197 3388 3269 numeratitia,
3412 3217 3531 3259 non
3564 3197 3760 3259 omnis
3786 3197 3979 3260 Cleri·

2428 3313 2534 3355 cus
2558 3301 2845 3374 tanquam
2874 3300 3040 3355 tutus
3063 3291 3139 3354 de
3165 3310 3274 3353 sua
3302 3290 3700 3363 admissione,
3729 3292 3977 3354 studere

2429 3386 2712 3467 negliget,
2743 3386 2842 3448 sed
2877 3384 3326 3468 unusquisque,
3367 3384 3472 3464 qui
3504 3384 3778 3446 Clericali
3812 3383 3977 3444 mili-

2431 3479 2550 3543 tiae
2578 3499 2793 3541 nomen
2814 3479 3006 3548 dabit.
3033 3478 3250 3541 studiis
3275 3487 3519 3540 strenue
3545 3477 3878 3548 incumbet,
3905 3487 3973 3540 ut

2425 3591 2574 3654 prae
2598 3573 2848 3634 caeteris
2873 3573 2949 3636 ad
2977 3572 3360 3636 Consortium
3388 3570 3528 3651 eligi
3552 3571 3757 3650 possit,
3783 3572 3977 3634 idem-

2428 3684 2550 3745 que
2568 3665 3093 3729 Eminentissimus
3123 3665 3374 3736 censuit,
3402 3664 3563 3743 quod
3589 3665 3849 3744 pensatis
3872 3667 3981 3728 Ec-

2427 3758 2641 3822 clesiae
2661 3759 2996 3832 Reditibus,
3013 3777 3301 3820 numerus
3312 3756 3777 3819 Consortialium
3800 3778 3977 3838 prae·
4045 3835 4048 3838 Α

2429 3854 2534 3936 figi
2571 3865 2764 3935 posset
2801 3855 2866 3916 in
2903 3854 3175 3935 quinque
3215 3869 3397 3931 supra
3430 3851 3669 3932 viginti,
3703 3872 3978 3932 compre-

2427 3949 2615 4012 henso
2635 3948 3233 4029 Archiepresbytero,
3251 3945 3356 4026 qui
3382 3952 3469 4007 est
3484 3950 3663 4025 caput
3692 3947 3978 4009 Commu-

2431 4042 2610 4117 niae;
2653 4042 3044 4123 praefixoque
3094 4039 3251 4102 dicto
3300 4039 3801 4118 participantium
3827 4087 3843 4113 ,
3872 4061 3980 4104 seu

2430 4135 2893 4200 Consortialium
2919 4153 3192 4205 numere,
3229 4152 3387 4214 quae
3413 4153 3509 4195 res
3536 4129 3733 4195 tamen
3765 4143 3854 4196 est
3878 4134 3977 4196 in·

2431 4232 2752 4317 telligenda
2801 4229 2931 4291 sine
2982 4225 3349 4308 praejudicio
3390 4246 3641 4300 eorum,
3691 4228 3797 4306 qui
3839 4235 3983 4290 sunt

2431 4331 2507 4395 ad
2536 4343 2814 4410 praesens
2843 4321 3165 4403 adscripti,
3194 4320 3419 4403 singuli
3447 4340 3659 4383 eorum
3685 4321 3981 4386 haberent

2431 4441 2638 4490 annua
2663 4425 2827 4481 scuta
2858 4420 2958 4476 20.

2550 4516 2714 4577 Haec
2746 4518 2910 4582 sunt,
2945 4527 3102 4589 quae
3146 4507 3532 4570 continentur
3563 4508 3627 4570 in
3677 4508 3978 4572 Informa-

2433 4601 2595 4674 tione
2617 4602 3094 4670 Eminentissimi
3115 4601 3452 4674 Ordinarii,
3467 4621 3626 4683 quae
3653 4603 3977 4667 exhibetur

2432 4705 2496 4767 in
2527 4698 2860 4766 summario
2885 4696 3221 4776 scripturae
3250 4695 3476 4756 Prioris
3494 4740 3511 4768 ,
3542 4704 3601 4758 et
3630 4696 3977 4760 Consortia-

2433 4800 2586 4860 lium
2628 4791 3022 4858 Communiae
3049 4791 3280 4852 Massae
3331 4789 3847 4852 Lombardorum.
3904 4793 3977 4854 ln

2430 4893 2542 4955 bac
2565 4909 2709 4953 vero
2731 4887 3039 4967 Scriptura
3062 4883 3470 4955 contenditur,
3497 4886 3658 4964 quod
3686 4903 3978 4964 perpenso

2428 4984 2667 5048 assiduo
2687 4979 2982 5062 gravique
3008 4977 3278 5051 servitio,'
3308 4977 3698 5039 consideratis
3721 4977 3977 5041 ulterius

2427 5078 2704 5159 expensis
2745 5073 3035 5137 faciendis
3081 5092 3192 5153 pro
3246 5072 3697 5133 manutentione
3723 5072 3979 5152 supelle-

2427 5171 2696 5244 ctilium,
2741 5168 3079 5247 habitaque
3127 5167 3358 5228 ratione
3407 5164 3669 5226 aliarum
3714 5165 3975 5228 circum-

2427 5265 2809 5335 stantiarum,
2836 5272 2974 5324 taxa
2998 5278 3200 5322 annua
3226 5279 3337 5340 pro
3357 5260 3629 5340 quolibet
3653 5259 3976 5322 Sacerdote

2427 5379 2552 5420 esse
2572 5358 2785 5419 debeat
2803 5357 2863 5416 in
2886 5355 3066 5416 scutis
3079 5360 3175 5415 50.
3199 5364 3266 5415 ιιι
3286 5353 3349 5414 in
3367 5353 3649 5415 'terminis
3673 5373 3981 5436 congruae

2425 5473 2535 5536 pro
2562 5450 2822 5514 Ecclesia
2865 5448 3175 5531 receptitia
3224 5448 3426 5531 inquit
3477 5448 3626 5511 Rota
3676 5449 3792 5511 dcc.
3832 5454 3973 5512 206.
