4393 6299
951 521 1019 572 is
1895 508 2342 579 QnAEsrlouss
2379 504 2757 563 cauomcas

749 674 950 758 quoad
969 675 1126 737 bona
1142 677 1276 755 post
1295 666 1738 750 exemptionem
1761 664 2075 746 acquisita,
2095 683 2131 726 a
2155 683 2303 744 quo·
2348 690 2357 791 i
2411 756 2562 819 som
2595 752 2940 817 nullatenus
2969 749 3243 813 recedere
3332 757 3394 810 et
3419 746 3504 809 sic
3532 752 3968 826 consequenter

3261 793 3278 823 9

748 789 885 831 rum
915 788 1027 829 usu
1059 763 1521 846 Privilegiorum
1543 781 1651 843 per
1673 760 2078 844 ignorantiam
2108 758 2296 822 absti-

2410 672 2628 726 tunum
2649 653 3120 729 existimaverit,
3145 670 3181 718 a
3197 648 3464 734 vestigiis
3492 648 3585 714 sui
3617 643 3968 713 Praedeces-

746 872 1039 934 nuerant,
1069 869 1252 941 atque
1284 868 1351 922 ut
1372 856 1751 937 Praepositae
1776 901 1792 928 ,
1829 855 1934 935 qui
1962 873 1998 916 a
2027 862 2296 932 tempore
2410 850 2889 937 jurisdictionem
2903 864 3180 910 exercere
3199 844 3260 904 in
3279 840 3691 925 Praepositum
3713 847 3770 902 et
3789 839 3965 914 alios,

751 952 1214 1019 immemorabili
1271 951 1348 1014 de
1395 948 1735 1012 excessibus
1757 994 1775 1022 ,
1831 956 1890 1010 et
1936 943 2299 1008 criminibus

695 1085 697 1087 ·
747 1052 1021 1113 omnium
1050 1048 1163 1110 sibi
1194 1047 1601 1129 subjectorum
1626 1043 1994 1105 Clericorum
2021 1088 2038 1115 ,
2063 1049 2123 1104 et
2148 1040 2293 1103 Sae-

743 1144 1074 1216 cularium,
1122 1141 1320 1203 forum
1358 1137 1837 1202 Ecclesiasticum
1881 1136 2297 1199 concernenti-

746 1240 860 1302 bus
886 1288 902 1311 ,
946 1236 1344 1318 inquisiverat
1366 1279 1383 1308 ,
1418 1241 1794 1304 correxerat,
1841 1231 2201 1312 puniverat,
2236 1239 2297 1293 et

745 1326 1153 1394 omnimodam
1176 1335 1526 1390 exercuerat
1540 1326 2041 1410 jurisdictionem,
2074 1324 2301 1386 nedum

745 1429 810 1491 in
839 1427 970 1490 foro
997 1423 1393 1486 conscientiae
1419 1469 1436 1497 ,
1471 1423 1572 1485 sed
1595 1422 1776 1483 etiam
1802 1421 1864 1482 in
1885 1419 2019 1482 foro
2045 1427 2296 1481 conten-

744 1522 932 1592 tioso,
954 1529 1074 1583 tam
1096 1519 1161 1580 in
1189 1519 1341 1581 Alba
1364 1516 1570 1598 Regali
1598 1563 1613 1588 ,
1641 1535 1828 1596 quam
1851 1515 1913 1575 in
1941 1513 2077 1576 aliis
2100 1513 2296 1575 Eccle-

742 1618 884 1692 siis,
939 1623 999 1677 et
1049 1614 1196 1678 locis
1235 1614 1351 1676 sibi
1398 1613 1714 1694 subjectis,
1767 1612 1830 1672 in
1880 1618 2182 1690 posterum
2225 1608 2289 1669 in

743 1711 907 1775 hisce
927 1756 943 1783 ,
973 1719 1033 1772 et
1059 1710 1361 1771 similibus
1390 1706 1747 1790 peragendis
1775 1705 2129 1768 continuare
2157 1723 2295 1783 pos·

743 1816 864 1884 set,
886 1808 1092 1871 sixtus
1114 1807 1275 1886 Papa
1295 1804 1562 1879 Quartus
1593 1802 1810 1873 annuit
1832 1799 2033 1881 petitis
2060 1845 2077 1872 ,
2102 1807 2163 1861 et
2187 1818 2296 1878 per

741 1903 892 1966 alias
939 1901 1170 1964 litteras
1200 1898 1566 1980 Apostolicas
1607 1905 1938 1959 memorata
1969 1893 2297 1973 Privilegia

734 1995 1016 2059 ‘extendit
1038 1993 1115 2057 ad
1145 1991 1438 2056 Ecclesias
1466 1988 1845 2053 Parocbiales
1872 2037 1886 2059 ,
1917 2006 2067 2069 quas
2101 1986 2299 2050 voluit

744 2109 871 2151 esse
892 2089 1234 2168 Praeposito
1252 2086 1549 2169 subjectas
1565 2104 1688 2148 una
1707 2103 1844 2146 cum
1867 2080 2110 2154 Castris,
2137 2080 2300 2144 aliis-

747 2203 868 2266 que
894 2182 1039 2245 locis
1068 2183 1143 2245 ad
1167 2181 1491 2244 Ecclesiam
1516 2178 1906 2261 Collegiatam
1939 2173 2299 2257 pertinenti·

748 2278 863 2339 bus
883 2323 900 2351 ,
932 2297 1056 2358 quo
1078 2277 1156 2338 ad
1183 2284 1504 2356 utramque
1523 2274 1716 2356 legem
1746 2274 2169 2334 Dioecesanam
2194 2315 2212 2343 ,
2240 2277 2309 2331 et

720 2371 1191 2457 jurisdictionis
1216 2417 1234 2445 ,
1260 2370 1413 2432 itaut
1439 2369 1642 2431 nullus
1676 2366 2039 2429 Ordinarius
2058 2365 2172 2427 sub
2195 2364 2302 2426 ob-

747 2475 915 2529 tentu
934 2484 1116 2529 curae
1132 2465 1474 2528 animarum
1496 2464 1640 2525 sein
1663 2461 2120 2525 Parochialibus
2138 2459 2303 2540 inge-

744 2580 881 2624 rere
905 2570 1134 2641 posset:
1164 2561 1243 2621 Et
1263 2560 1409 2621 haec
1428 2559 1629 2620 omnia
1650 2558 1893 2619 demum
1930 2554 2258 2635 Privilegia
2281 2599 2298 2627 ,

748 2662 983 2735 petente
1002 2655 1307 2717 Ludovico
1334 2653 1686 2735 Hungariae
1713 2655 1874 2734 Rege
1894 2700 1909 2723 ,
1955 2650 2207 2713 fuerunt
2236 2649 2301 2710 in

747 2748 941 2811 forma
978 2746 1250 2828 specifica
1282 2745 1637 2809 confirmata
1671 2765 1704 2808 a
1737 2746 1985 2808 Summo
2011 2741 2303 2804 Pontifice

744 2843 946 2905 Leone
980 2844 1060 2905 X.
1094 2862 1233 2905 cum
1276 2840 1569 2914 clausula,
1599 2840 1831 2904 etiamsi
1859 2859 1981 2902 non
2016 2846 2214 2901 essent
2235 2837 2299 2899 in

748 2957 884 3001 usn.

865 3033 1158 3095 Constans
1196 3031 1403 3114 opinio
1438 3038 1570 3106 est,
1614 3030 1701 3092 uti
1749 3028 2306 3093 Reverendissimus

746 3126 1009 3190 Nuntius
1038 3126 1398 3190 Viennensis
1427 3125 1489 3188 in
1522 3141 1630 3187 sua
1657 3123 2085 3186 informatione
2126 3129 2302 3184 testa·

747 3231 880 3295 tur,
913 3221 1287 3301 Praepositos
1329 3220 1511 3282 fuisse
1541 3220 1602 3281 in
1644 3218 1890 3300 pacifica
1926 3217 2302 3280 Possessione

744 3313 1195 3396 exemptionum
1224 3334 1258 3376 a
1287 3314 1552 3376 Summis
1588 3311 1977 3376 Pontificibus
2007 3330 2152 3373 suae
2182 3310 2298 3371 Ec·

746 3410 961 3472 clesiae
978 3429 1390 3472 concessarum
1420 3428 1610 3490 usque
1630 3408 1703 3469 ad
1728 3411 2150 3471 annum1541.
2172 3424 2296 3486 quo

749 3502 906 3565 Alba
928 3502 1165 3585 Regalis
1184 3503 1303 3566 fuit
1327 3523 1363 3566 a
1389 3503 1599 3565 Turcis
1621 3510 1905 3582 occupata
1921 3544 1936 3561 .
1963 3499 2298 3562 Continua-

741 3598 830 3659 vit
852 3597 999 3659 baec
1020 3598 1226 3659 eadem
1259 3597 1543 3678 possessio
1564 3605 1697 3677 post
1722 3614 1953 3657 annum
1979 3599 2154 3656 1688.
2179 3612 2304 3674 quo

747 3691 906 3753 dicta
931 3691 1087 3753 Urbs
1107 3691 1225 3754 fuit
1246 3712 1280 3753 e
1300 3694 1632 3753 Turcarum
1664 3690 1946 3753 manibus
1968 3689 2297 3765 vindicata3

749 3786 1104 3849 Franciscus
1128 3787 1292 3849 enim
1327 3787 1565 3861 Miller,
1596 3786 1704 3866 qui
1755 3793 1896 3847 tunc
1924 3782 2305 3862 Praepositu-

750 3898 882 3942 ram
927 3879 1222 3955 obtinuit,
1246 3879 1490 3962 juribus
1525 3878 1649 3941 suis
1690 3877 1939 3959 pacifice
1986 3896 2130 3940 usus
2180 3884 2303 3950 est,

751 3992 861 4035 nec
880 3973 1036 4035 ullas
1071 3992 1276 4053 passus
1299 3973 1414 4035 fuit
1447 3972 1777 4046 molestias,
1807 3981 1913 4034 aut
1954 3972 2034 4034 ab
2062 3970 2305 4033 Arcbie-

749 4066 991 4148 piscopo
1024 4065 1453 4149 strigoniensi,
1482 4076 1588 4130 aut
1616 4068 1693 4129 ab
1726 4067 2020 4147 Episcopo
2061 4065 2305 4146 Vespri·

750 4161 964 4223 miensi
987 4206 1003 4221 .
1031 4161 1282 4224 Pacifica
1303 4162 1449 4223 baec
1470 4181 1714 4242 qnoque
1738 4161 2021 4242 possessio
2035 4207 2053 4235 ,
2074 4159 2306 4240 aliqua-

751 4255 797 4317 li
830 4265 1097 4336 tempore
1137 4253 1513 4318 continuavit
1551 4267 1679 4338 post
1721 4256 1991 4317 habitam
2035 4275 2069 4317 a
2104 4253 2307 4316 Felice

751 4351 827 4412 de
865 4351 1191 4415 Bernabeis
1225 4351 1738 4430 Praeposituram,
1792 4350 1891 4410 sed
1926 4368 2062 4409 cum
2099 4348 2307 4410 variae

755 4444 911 4507 inter
940 4446 1171 4526 ipsum,
1197 4454 1258 4508 ct
1279 4446 1425 4509 clar.
1462 4464 1641 4506 mem.
1687 4443 2067 4506 Cardinalem
2118 4443 2306 4506 Kolo-

755 4540 885 4601 nier.
915 4540 1439 4622 Archiepiscopum
1478 4539 1948 4621 strigoniensem
1971 4538 2306 4601 simultates

747 4635 1007 4696 subinde
1024 4634 1252 4696 fuerint
1267 4643 1534 4708 exortae,
1558 4635 1939 4715 Praepositus
1960 4636 2038 4697 ab
2061 4633 2305 4695 Archie-

750 4729 992 4809 piscopo
1029 4729 1105 4791 de
1146 4728 1302 4793 facto
1329 4729 1494 4791 omni
1521 4728 1979 4811 jurisdictione,
2014 4737 2074 4790 et
2097 4746 2306 4790 exem-

754 4825 960 4904 ptione
984 4823 1275 4905 spoliatus
1301 4833 1420 4896 est,
1452 4822 1691 4904 fuitque
1717 4824 1846 4903 ejus
1885 4823 2142 4885 subditis
2185 4831 2305 4883 tam

755 4918 1183 4981 Ecclesiasticis
1206 4965 1222 4992 ,
1275 4937 1462 4999 quam
1518 4917 1941 4980 Saecularibus
1983 4917 2313 4980 demanda-

758 5021 921 5083 tum,
972 5032 1048 5074 ne
1081 5013 1141 5073 in
1191 5020 1497 5094 posterum
1543 5013 1739 5074 eidem
1771 5012 2216 5086 obedientiam,
2252 5020 2312 5076 et

752 5108 1184 5191 subjectionem
1211 5107 1588 5170 exhiberent.

876 5204 1182 5266 Adversus
1211 5202 1360 5265 haec
1386 5201 1556 5265 Felix
1595 5201 1671 5264 de
1698 5200 2023 5265 Bernabeis
2048 5202 2310 5280 Praepo-
2359 5225 2360 5228 ¹

757 5296 907 5358 situs
943 5295 1327 5368 reclamavit,
1376 5296 1480 5358 sed
1529 5295 1862 5358 incassum:
1911 5293 2183 5376 Cumque
2231 5313 2311 5357 ex

2406 950 2512 1030 qui
2539 967 2602 1010 se
2628 954 2787 1009 tutos
2824 945 2902 1007 ab
2929 945 3059 1028 ejus
3080 940 3531 1023 jurisdictione,
3574 946 3633 1000 et
3660 943 3969 1018 exemptos

2410 1042 2769 1125 reputabant
2797 1039 2862 1102 in
2899 1036 3205 1121 sequelam
3264 1026 3728 1119 Privilegiorum
3779 1048 3965 1110 supra

2407 1145 2912 1211 memoratorum,
2949 1142 3008 1197 et
3036 1154 3108 1197 ex
3141 1131 3261 1195 alia
3303 1138 3471 1212 parte
3517 1124 3968 1191 Reverendissi·

2407 1254 2562 1296 mnss
2593 1233 2921 1314 Episcopus
2972 1225 3535 1308 Quinquecclesien.
3570 1270 3586 1294 ,
3640 1222 3971 1285 modernus

2412 1327 2792 1407 Praepositus
2814 1323 3113 1387 Ecclesiae
3133 1324 3200 1382 B.
3229 1320 3461 1383 Mariae
3486 1317 3674 1380 Albae
3695 1313 3934 1397 Regalis
3948 1358 3967 1387 ,

2409 1441 2522 1503 pro
2548 1441 2691 1483 suae
2718 1416 3017 1482 Ecclesiae
3055 1415 3301 1499 juribus
3329 1410 3598 1481 tuendis,
3631 1419 3693 1472 et
3743 1426 3969 1488 propu-

2409 1516 2665 1599 gnandis
2686 1562 2702 1588 ,
2748 1533 2812 1576 se
2832 1512 3186 1575 obstrictum
3210 1528 3337 1572 esse
3364 1504 3801 1588 recognoverit,
3835 1511 3967 1582 post

2413 1610 2792 1673 amicabilem
2820 1602 3339 1688 compositionem,
3361 1608 3421 1664 et
3439 1602 3669 1681 absque
3685 1597 3867 1677 strepi
3879 1605 3969 1669 tu,

2408 1715 2470 1769 et
2489 1706 2683 1789 figura
2707 1703 2918 1787 judicii
2952 1703 3179 1764 frustra
3202 1704 3517 1769 tentatam,
3553 1693 3750 1758 delata
3771 1699 3860 1754 est
3892 1689 3972 1754 ad

2409 1800 2567 1864 hauc
2592 1800 2837 1861 Sacram
2867 1792 3401 1875 Congregationem
3422 1785 3864 1851 controversiae
3881 1803 3977 1846 co-

2410 1893 2622 1978 gnitio.
2652 1891 2984 1969 Quaeritur
3005 1890 3238 1969 itaque,

2491 2012 2498 2021 ’
2528 1988 2577 2049 Ῑ.
2614 1988 2709 2048 Aa
2729 1995 2934 2048 constet
2958 1985 3023 2045 de
3048 1980 3371 2044 omnimoda
3390 1978 3739 2057 exemptione
3758 1977 3971 2044 activa,

2412 2097 2462 2146 et
2491 2083 2716 2165 passiva
2741 2080 3063 2161 Praepositi
3094 2085 3148 2138 et
3177 2075 3460 2137 Ecclesiae
3496 2070 3711 2134 Beatae
3736 2069 3980 2131 Mariae

2409 2178 2606 2240 Albae·
2633 2176 2895 2254 Regalis,
2938 2173 3163 2251 ejusque
3208 2185 3566 2232 annexorum
3611 2174 3730 2224 tam
3775 2163 3966 2241 quoad

2409 2275 2755 2355 Episcopum
2787 2268 3152 2348 Vesprimien.
3181 2309 3198 2336 ,
3229 2281 3400 2342 quam
3420 2260 3606 2340 quoad
3630 2257 3968 2331 Metropoli-

2413 2379 2614 2431 tanum
2630 2412 2647 2441 ,
2679 2386 2774 2427 seu
2797 2363 3080 2428 Primates
3112 2359 3295 2439 Regni
3309 2406 3325 2428 ,
3352 2367 3404 2417 et
3422 2366 3698 2433 quatenus
3723 2352 3972 2431 affirma·

2419 2464 2551 2525 tive.

2537 2555 2620 2617 II.
2658 2554 2755 2616 An
2807 2552 2983 2614 eidem
3039 2548 3369 2629 Praeposito
3415 2551 3687 2624 competat
3729 2540 3980 2619 facultas

2412 2650 2742 2717 concedendi
2772 2647 3152 2716 dimissorias,
3181 2645 3246 2704 in
3280 2660 3414 2703 casu
3439 2649 3541 2701 etc.

2520 2843 2664 2897 sacr.
2687 2838 2887 2904 congr.
2917 2836 3006 2888 «lie
3029 2833 3121 2886 2⁶.
3149 2835 3305 2885 Mart.
3332 2829 3491 2883 1718.
3520 2825 3831 2895 respondit,

2594 2926 2692 2984 Aa
2706 2926 2949 2997 primum
2975 2919 3316 2995 affirmative
3334 2954 3350 2984 ,
3373 2917 3452 2970 ad
3478 2912 3777 2971 seeundum
3820 2930 3998 2983 trega-¹

2412 3031 2784 3159 tweConcesss
2810 3097 3040 3155 subinde
3066 3113 3205 3148 nova
3249 3092 3517 3147 audientis
3540 3128 3556 3156 ,
3582 3099 3637 3144 et
3664 3089 3750 3143 die
3780 3090 3863 3142 1⁷.
3891 3090 3985 3143 Ju-

2413 3192 2486 3246 nii
2521 3194 2675 3246 ¹7¹9.
2716 3186 3055 3257 reproposits
3098 3184 3294 3245 Causa,
3343 3180 3432 3234 die
3458 3182 3517 3232 8.
3555 3177 3682 3234 Julii
3715 3179 3873 3230 17¹⁹.
3900 3194 3983 3231 re·

2412 3297 2670 3347 sponsum
2691 3277 2794 3330 suit
2814 3271 3167 3329 recedendum
3189 3290 3217 3323 a
3240 3268 3435 3325 decisis
3459 3305 3474 3333 ,
3505 3264 3682 3338 quoad
3709 3263 3982 3333 Arcbiepi·

2414 3384 2634 3437 scopum
2665 3362 3110 3435 strigoniensem.

2532 3602 2795 3667 Obtenta
2832 3601 2911 3663 ab
2932 3592 3427 3661 Eminentissimo
3451 3585 3845 3671 strigoniensi
3873 3604 3979 3646 no-

2417 3718 2491 3763 va
2514 3695 2823 3763 audientia
2845 3741 2861 3767 ,
2894 3693 3267 3773 disputatum
3292 3685 3411 3748 suit
3444 3686 3510 3746 in
3551 3678 3978 3763 Congregatio-

2416 3814 2494 3856 ne
2514 3791 2725 3854 habita
2753 3789 2852 3851 die
2878 3793 2939 3849 8.
2989 3783 3136 3846 Iulii
3175 3786 3348 3843 1719.
3381 3795 3637 3859 sequens
3676 3773 3932 3836 dubium
3956 3818 3977 3847 ,

2413 3908 2493 3951 an
2530 3890 2607 3949 sit
2647 3884 2914 3948 standum
2957 3881 3045 3941 vel
3088 3876 3450 3939 recedendum
3488 3893 3527 3935 a
3552 3871 3771 3940 decisis,
3795 3877 3856 3930 et
3881 3887 3978 3928 re·

2422 3998 2709 4060 sponsum
2747 3975 2887 4043 fuit,
2919 3971 3287 4035 recedendum
3315 3988 3423 4029 esse
3459 3986 3498 4028 a
3533 3963 3763 4036 decisis,
3793 3960 3984 4040 quoad

2413 4075 2907 4154 Archiepiseopum
2931 4066 3373 4144 Striqom'ensem
3391 4108 3408 4134 ,
3440 4058 3746 4139 petitaque
3773 4053 3981 4117 subin·

2413 4168 2489 4231 de
2509 4214 2525 4243 ,
2549 4174 2609 4230 et
2659 4165 2903 4226 obtenta
2932 4181 2968 4223 a
3004 4156 3348 4238 Praeposito
3373 4152 3564 4215 Albae
3603 4147 3846 4231 Regalis
3868 4166 3980 4208 no-

2414 4284 2490 4327 va
2536 4258 2873 4331 audientia,
2930 4256 3351 4334 disputatoque
3389 4247 3452 4308 in
3506 4240 3982 4327 Congregatione

2415 4358 2623 4422 habita
2660 4356 2749 4416 die
2777 4358 2876 4414 26.
2910 4349 3158 4427 Auqasti
3201 4344 3443 4424 ejusdem
3470 4341 3617 4403 anni
3660 4342 3835 4399 17¹9.
3885 4353 3980 4395 se-

2420 4451 2628 4535 quenti
2655 4444 2865 4517 dubio,
2887 4465 2965 4506 an
2988 4445 3063 4504 sit
3081 4440 3346 4502 standum
3365 4439 3430 4497 in
3449 4437 3656 4516 primo,
3684 4432 3770 4492 vel
3790 4447 3981 4490 secun·

2419 4550 2489 4608 do
2521 4549 2637 4607 loeo
2669 4543 2864 4605 decisis
2883 4589 2897 4610 ‚
2932 4553 3283 4617 responsum
3314 4531 3467 4603 fuit,
3495 4533 3560 4589 in
3585 4524 3820 4588 secundo
3864 4524 3981 4583 loco

2420 4642 2648 4711 decis-is,
2706 4648 2757 4698 et
2816 4632 3051 4715 proinde
3095 4648 3208 4690 non
3254 4636 3505 4687 constare
3548 4623 3614 4682 de
3658 4617 3980 4679 omnimoda

2422 4734 2766 4813 exemptione
2799 4725 3118 4806 Praepositi
3144 4770 3159 4792 ,
3187 4731 3235 4783 et
3259 4719 3545 4780 Ecclesiae
3583 4713 3759 4773 Albae
3794 4709 3980 4787 Requ-

2429 4832 2522 4900 lis,
2540 4828 2726 4908 quoad
2742 4823 3236 4900 Archiepiscopum
3253 4813 3302 4876 S
3306 4812 3696 4891 triqonieusem
3709 4819 3985 4882 tanquam

2426 4923 2754 5000 Deleqatum
2778 4914 3164 4997 Apostolicum
3193 4912 3257 4971 in
3285 4913 3557 4984 exempto.

2543 5016 2675 5077 Non
2703 5013 2979 5075 obstante
3010 5025 3167 5069 nova
3194 4999 3503 5066 audientia
3522 5041 3539 5070 ,
3570 5014 3605 5057 a
3633 4989 3982 5071 Praeposito

2425 5110 2606 5174 semel
2630 5109 2956 5191 impetrata
2981 5148 2997 5176 ,
3047 5117 3242 5163 novus
3274 5095 3355 5158 ab
3374 5092 3584 5155 eodem
3620 5086 3866 5150 babitus
3891 5090 3983 5144 est

2425 5204 2500 5266 ad
2541 5203 2705 5265 Sacr.
2748 5195 3287 5279 Congregationem
3337 5202 3617 5250 recursus
3641 5226 3659 5256 ,
3695 5195 3854 5262 quae
3885 5183 3981 5239 at-

2423 5305 2586 5360 tenta
2619 5295 2914 5378 gravitate
2935 5287 3258 5358 materiae,
3285 5301 3394 5344 nec
3424 5298 3549 5342 non
3575 5271 3827 5356 aliquali
3858 5269 3982 5332 suf·

760 5411 880 5453 una
912 5399 1080 5471 parte
1108 5390 1630 5452 Eminentissimus
1650 5389 1944 5451 Dominus
1971 5389 2312 5451 Cardinalis
2423 5391 2759 5473 fragiorum
2778 5387 3057 5458 scissura,
3080 5400 3219 5445 eum
3237 5374 3471 5442 censuit
3490 5372 3712 5436 iterum
3733 5363 3982 5430 audien·

763 5487 838 5546 de
856 5485 1118 5546 Saxonia
1142 5484 1638 5566 Archiepiscopus
1657 5483 2082 5565 strigoniensis
2101 5504 2314 5565 oppor-

2424 5487 2589 5548 dunu
