4393 6299
1018 533 1140 587 291

1996 530 2442 600 ρυεςτιοῡιεε
2478 528 2838 585 canutum

845 690 1026 754 Batai
1071 694 1206 751 176.
1242 689 1339 748 lib.
1390 690 1446 745 1.
1493 684 1539 744 si
1583 683 1837 744 maritus
1871 684 2198 755 moderate,
2227 690 2389 743 etex
2496 681 2573 745 de
2603 682 2873 766 legitimo
2905 683 3338 767 impedimento
3386 669 3760 746 matrimonii
3796 683 4041 748 claude·

841 804 1017 848 caiisa
1042 783 1316 846 verberet
1346 780 1643 851 Uxorem,
1675 777 1761 839 uti
1804 778 2039 840 dicatur
2078 778 2221 860 jure
2249 795 2383 848 suo,

841 880 890 941 si
919 880 1198 942 atrociter
1224 885 1283 938 et
1313 875 1703 935 immoderate
1749 873 1810 933 id
1852 873 2032 935 saciat
2055 920 2073 948 ,
2107 873 2275 936 locus
2307 872 2387 934 sit

845 974 1126 1044 divorti0,
1174 977 1232 1032 et
1258 968 1617 1049 separationi
1659 968 1801 1039 tori,
1839 968 1886 1027 si
1917 987 2010 1028 res
2041 987 2114 1029 eo
2142 968 2384 1029 redacta

843 1067 942 1140 sit,
971 1075 1040 1127 ut
1070 1085 1145 1125 ne
1165 1063 1408 1144 quidem
1431 1061 1634 1123 oblata
1665 1080 1768 1141 per
1801 1061 2017 1122 Virum
2049 1061 2383 1142 fidejussio-

847 1182 924 1222 ne
963 1161 1126 1223 Uxor
1166 1158 1255 1219 illi
1312 1157 1494 1238 possit
1527 1165 1655 1217 tuto
1702 1156 2021 1228 committi,
2064 1155 2129 1215 in
2158 1156 2385 1236 quibus

847 1255 1115 1318 terminis
1137 1252 1402 1335 procedit
1435 1251 1578 1311 Τισὶ.
1620 1253 1683 1310 in
1704 1273 1755 1310 c.
1795 1253 2012 1310 litteras
2035 1255 2099 1310 dc
2126 1253 2374 1311 restitut.

842 1351 1068 1430 spoliat.
1095 1365 1231 1407 cum
1256 1345 1393 1409 aliis
1410 1365 1563 1426 quos
1603 1343 1876 1406 cumulat
1915 1343 2159 1424 Sparsit.
2214 1345 2379 1406 decis.

845 1449 978 1505 139.
1002 1461 1100 1522 per
1119 1452 1227 1502 tot.

958 1536 1071 1599 His
1088 1533 1409 1607 stantibus,
1437 1532 1789 1616 quaeritur:

955 1631 1011 1697 1,
1033 1632 1128 1691 An
1148 1640 1353 1692 constet
1380 1630 1446 1690 do
1466 1629 1736 1689 nullitate
1757 1629 2131 1701 matrimonii,
2154 1638 2207 1689 et
2228 1648 2380 1708 qua·

839 1740 998 1789 tenus
1022 1729 1298 1806 πραεῖα.
1624 1713 1634 1724 ’

956 1821 1037 1882 11.
1067 1820 1163 1880 An
1205 1822 1279 1880 sit
1305 1820 1453 1880 loeus
1485 1818 1750 1889 divortio,
1779 1820 2208 1900 “separationi
2255 1820 2369 1880 tori

833 1918 903 1978 in
928 1935 1064 1977 casn
1088 1923 1189 1975 stc.

914 2107 1093 2158 ‘Sarra
1116 2105 1317 2171 Congr-
1343 2101 1650 2169 respondit:

1016 2189 1113 2243 Aa
1135 2189 1384 2244 Primum
1411 2187 1657 2258 negatioe
1704 2188 1799 2241 Ad
1815 2188 2112 2243 secundum
2139 2192 2387 2260 negative

833 2280 1020 2351 quoad
1037 2279 1275 2349 pn‘mam
1306 2290 1556 2346 partem.
1594 2289 1650 2330 ee
1690 2276 2025 2346 affirmative
2070 2279 2258 2347 quoad
2299 2298 2380 2332 se·

834 2368 1068 2421 «tundam
1097 2385 1376 2436 usquequo
1426 2366 1595 2417 alim
1642 2364 2004 2419 demandetur
2025 2367 2095 2419 ab
2121 2367 2232 2420 kae
2261 2370 2384 2422 Sac.

835 2456 1279 2528 congregatione,
1307 2467 1362 2508 ee
1384 2454 1639 2523 amplius.
1677 2487 1684 2492 —

1222 2648 1584 2724 QUAESTIO
1628 2648 1958 2711 ccxxvt.

912 2855 984 2915 ln
1011 2852 1205 2915 Cam
1231 2853 1647 2915 Ravennatensi
1671 2856 2030 2915 matrimonii
2067 2856 2158 2917 dio
2194 2861 2297 2918 23.

1362 2947 1613 3025 Anqusti
1648 2951 1821 3008 1721.

832 3080 988 3198 Die
1002 3139 1100 3197 29.
1116 3132 1486 3215 Septembris
1511 3137 1613 3195 171
1627 3138 1685 3197 t.
1705 3131 1857 3197 facta
1879 3133 1998 3197 suit
2020 3134 2086 3198 in
2108 3135 2375 3202 Ecclesia

801 3244 804 3247 ·
830 3227 1166 3291 Parocbiali
1197 3227 1260 3289 S.
1299 3227 1605 3289 Barbarae
1623 3226 1899 3290 Civitatis
1927 3230 2251 3293 Ravennae
2271 3230 2377 3293 de-

825 3321 1140 3384 nunciatio
1166 3319 1536 3383 matrimonii
1578 3320 1973 3383 contrahendi
2003 3321 2162 3384 inter
2211 3324 2377 3386 Mar-

831 3434 969 3477 cum
1002 3415 1330 3476 Antonium
1358 3413 1434 3476 de
1481 3414 1848 3489 Laurentiis,
1883 3424 1943 3478 et
1989 3417 2249 3479 Felicem
2299 3418 2376 3480 de

830 3508 1061 3571 Sanctis
1087 3530 1103 3582 3
1134 3525 1394 3588 cumque
1431 3508 1531 3571 die
1581 3510 1853 3589 sequenti
1884 3530 2083 3572 coram
2110 3512 2378 3592 {vicario

829 3601 1110 3664 Generali
1140 3601 1359 3663 Curiae
1385 3601 1924 3684 Arcbiepiscopalis
1948 3606 2378 3682 comparuisset

828 3696 1091 3759 loannes
1109 3695 1413 3757 Gerardus
1433 3695 1834 3776 cappellanus
1850 3697 2376 3775 dictaeEcclesiae,

834 3790 940 3873 qui
958 3788 1165 3852 retulit
1184 3789 1298 3851 sibi
1323 3787 1506 3852 fuisse
1523 3790 1954 3853 denunciatum
1977 3791 2373 3874 impedimen-

828 3893 958 3948 tum
982 3883 1336 3969 impediens,
1365 3891 1424 3946 et
1450 3884 1742 3947 dirimens
1770 3885 2248 3962 matrimonium,
2274 3907 2375 3950 co-

828 3979 1034 4060 pulam
1058 3976 1336 4040 videlicet
1364 3977 1635 4041 babitam
1657 3998 1694 4042 a
1717 3980 1924 4043 Marco
1949 3981 2214 4045 Antonio
2237 4002 2374 4045 cum

826 4073 1023 4135 Diana
1059 4091 1264 4133 sorore
1289 4073 1628 4152 praedictae
1656 4072 1874 4136 Felicis
1892 4120 1910 4148 ,
1941 4074 2373 4138 demandatum

827 4165 968 4239 fuit,
997 4165 1158 4245 quod
1183 4166 1670 4243 supersedet-etur
1691 4166 1755 4227 in
1778 4167 1916 4229 aliis
1944 4167 2373 4249 publicationi-

827 4260 964 4332 bus,
988 4277 1090 4319 seu
1112 4258 1677 4321 denunciationibus
1701 4261 2097 4336 matrimonii,
2130 4262 2231 4324 sed
2261 4262 2376 4326 boc

828 4352 1079 4414 minime
1094 4351 1388 4420 obstante,
1409 4360 1465 4412 et
1491 4351 1642 4412 nibil
1671 4353 1895 4433 pariter
1923 4355 2167 4417 attentis
2188 4355 2373 4436 depo-

827 4445 1148 4509 sitionibus
1194 4443 1460 4504 'restium
1517 4446 2001 4508 examinatorum
2053 4466 2163 4528 pro
2225 4448 2368 4510 dicti

829 4537 1241 4619 impedimenti
1277 4536 1687 4601 verificatione
1707 4585 1724 4612 ,
1754 4540 1900 4601 dum
1927 4541 2231 4603 Pau-ochus
2258 4544 2372 4605 Ec-

827 4632 1043 4694 clesiae
1064 4629 1125 4691 S.
1174 4629 1481 4691 Barbarae
1502 4640 1634 4692 erat
1658 4631 1722 4692 in
1749 4632 1928 4694 domo
1959 4634 2230 4714 propria,
2265 4653 2371 4698 vo-

829 4734 996 4785 catus
1025 4721 1139 4783 fuit
1182 4740 1254 4783 ex
1286 4721 1638 4801 improviso,
1671 4722 1921 4804 ipsoque
1963 4734 2200 4805 portam
2228 4747 2374 4791 suae

828 4818 1043 4878 domus
1068 4815 1395 4895 aperiente,
1424 4822 1544 4876 tam
1577 4816 1815 4877 Marcus
1837 4818 2160 4893 Antonius,
2185 4838 2372 4901 quam

829 4911 1026 4984 Felix,
1050 4909 1179 4989 ipso
1200 4908 1423 4970 frustra
1451 4909 1834 4984 reclamante,
1860 4920 2137 4974 mutuum
2161 4921 2372 4994 protu-

830 5006 957 5067 lere
977 5022 1332 5067 consensum
1356 5021 1556 5065 coram
1578 5023 1671 5078 eo,
1684 5013 1741 5065 et
1762 5005 2059 5079 Testibus,
2079 5014 2139 5068 et
2160 5007 2371 5068 matri-

826 5099 1098 5161 monium
1133 5115 1238 5177 per
1257 5098 1443 5158 verba
1477 5097 1551 5158 de
1579 5099 1873 5177 praesenti
1904 5108 2366 5162 contraxerunt:

825 5211 1125 5270 causaque
1167 5206 1346 5271 super
1375 5191 1741 5252 matrimonii
1765 5191 2043 5254 nullitate
2060 5213 2236 5254 suum
2265 5192 2369 5256 ha-

828 5287 1003 5347 bente
1031 5303 1432 5364 progressum,
1484 5284 1572 5344 dic
1622 5289 1713 5344 15.
1759 5284 1933 5345 Junii
1975 5306 2127 5347 anno
2184 5290 2362 5347 1715.

831 5376 1129 5461 prolatum
1169 5376 1282 5437 suit
1309 5376 1388 5437 ab
1434 5376 1894 5458 Arcbiepiscopo
1921 5379 2365 5441 Ravennatensi

830 5471 1168 5546 decretum,
1204 5469 1267 5532 io
1297 5489 1424 5554 quo
1460 5469 1684 5533 dictum
1712 5479 1822 5546 est,
1859 5474 2020 5553 quod
2051 5473 2366 5537 constabat

2494 776 2635 839 stini
2667 779 2850 840 secuti
2906 779 3068 840 inter
3094 780 3366 841 Marcum
3412 777 3766 853 Antonium,
3796 789 3858 841 et
3880 778 4043 842 Feli-

2493 892 2644 945 cem,
2667 881 2726 934 et
2755 873 2990 935 eosdem
3010 893 3136 935 esse
3158 874 3592 956 segregandos3
3640 873 4041 936 transmissis-

2493 986 2613 1047 que
2638 966 2712 1028 ad
2745 976 3075 1047 utrumque
3098 967 3399 1030 consuetis
3437 969 3768 1048 praeceptis
3807 968 3883 1030 de
3921 987 4047 1032 nou

2494 1063 2933 1133 conversando,
2969 1060 3289 1142 delataque
3344 1081 3521 1124 causa
3574 1062 3650 1125 ad
3699 1062 3859 1124 banc
3904 1063 4036 1125 Sac.

2494 1155 3062 1238 Congregationem‚
3096 1157 3440 1238 disputatur
3486 1157 3548 1218 in
3575 1156 3909 1237 praesenti,
3958 1175 4041 1218 an

2493 1259 2719 1312 constet
2751 1253 2826 1312 de
2852 1251 3165 1312 validitate
3196 1251 3608 1322 matrimonii,
3643 1252 3731 1313 uti
3780 1250 4040 1313 desumi·

2494 1353 2594 1405 tur
2622 1365 2698 1406 ex
2746 1346 2932 1407 dubio
2965 1346 3039 1408 ad
3082 1345 3305 1408 calcem
3330 1346 3515 1428 hujus
3541 1345 3846 1408 restrictus
3874 1344 4034 1408 refe·

2493 1440 2684 1501 tendo
2707 1482 2724 1500 .

2612 1532 2822 1602 Porro,
2877 1531 3200 1612 praemissa
3222 1530 3378 1613 juris
3405 1530 3833 1613 propositione,
3868 1531 4039 1614 quod

2491 1624 2811 1705 antiquum
2828 1629 2930 1708 jus
2952 1624 3326 1686 Canonicum
3360 1627 3533 1706 juxta
3556 1626 3718 1706 quod
3751 1625 3925 1688 sicuti
3946 1625 4037 1689 af-

2490 1716 2693 1780 finitas
2710 1739 2787 1780 ex
2812 1719 3026 1799 copula
3060 1720 3225 1781 licita
3253 1719 3617 1781 descendens
3640 1719 3717 1782 ad
3745 1728 4038 1800 quartum

2487 1812 2740 1894 gradum
2764 1813 3222 1886 extendebatur,
3246 1821 3306 1874 et
3331 1812 3701 1889 extenditur,
3726 1818 3819 1876 uti
3845 1814 4038 1878 babe-

2490 1910 2680 1968 turin
2701 1928 2827 1988 cap.
2858 1928 2971 1968 non
2999 1909 3150 1968 debet
3210 1909 3276 1968 de
3317 1910 3687 1987 consanqm‘n.
3733 1919 3786 1970 ct
3828 1910 4035 1990 affinit.

2488 2000 2565 2062 ad
2617 2001 2875 2062 eundem
2939 2010 3229 2082 quartum
3282 2002 3540 2081 gradum
3595 2002 4037 2067 extendebatur

2487 2094 2669 2156 etiam
2696 2094 2746 2155 si
2770 2114 2847 2156 ex
2872 2094 3088 2176 copula
3116 2094 3329 2157 illicita
3352 2096 3735 2158 descenderet
3755 2141 3772 2169 ,
3799 2099 3894 2157 nti
3920 2100 4038 2159 col-

2492 2189 2696 2267 ligitur
2720 2195 2795 2249 ex
2819 2208 2945 2269 cap.
2978 2189 3364 2250 discretionem
3388 2189 3455 2250 do
3480 2209 3563 2261 oo,
3595 2191 3699 2268 qui
3744 2193 4032 2269 coquos-it,

2489 2290 2820 2342 correctum
2874 2280 3013 2354 fuit,
3063 2289 3123 2343 et
3167 2281 3554 2343 immutatum
3582 2301 3619 2345 a
3666 2282 3728 2343 S.
3769 2282 4037 2348 Concilio

2487 2374 2864 2446 Tridentino,
2900 2375 3064 2456 quod
3093 2374 3403 2437 affinitatis
3428 2374 3928 2456 impedimentum
3958 2398 4036 2443 ex

2487 2466 2905 2542 fornicatione,
2929 2469 3268 2550 copulaque
3309 2469 3522 2532 illicita
3553 2479 3926 2535 contractum
3953 2475 4036 2538 ad

2487 2561 2776 2642 primum,
2805 2570 2866 2624 et
2908 2562 3236 2624 secundum
3265 2563 3520 2643 gradum
3551 2564 3903 2640 restrinxit,
3942 2568 4033 2630 uti

2489 2653 2712 2736 legitur
2734 2675 2863 2716 sess.
2879 2661 2978 2718 24.
3009 2657 3076 2716 do
3093 2657 3322 2734 reform.
3348 2661 3599 2718 matrim.
3623 2679 3749 2738 cap.
3775 2665 3833 2721 t.
3866 2663 4032 2742 quod

2485 2749 2683 2829 ipsum
2716 2749 2974 2812 babetur
3019 2753 3095 2811 in
3127 2754 3350 2811 constit.
3398 2755 3494 2812 14.
3555 2752 3624 2814 S.
3676 2753 3780 2814 Pii
3819 2755 4033 2831 Quinti

2484 2841 2651 2904 Bau.
2680 2854 2811 2905 tom.
2844 2849 2904 2905 2.

2604 2936 2870 3021 Hujusce
2899 2939 3128 3002 Causae
3149 2940 3387 3020 pondus
3407 2939 3587 3002 unice
3611 2943 3827 3006 residet
3854 2945 3918 3007 in
3942 2947 4030 3008 vi-

2486 3030 2723 3106 dendo,
2760 3052 2838 3095 an
2870 3035 3086 3115 copula
3127 3034 3313 3096 Marci
3358 3035 3605 3097 Antonii
3655 3057 3792 3099 cnm
3835 3041 4030 3104 Diana

2487 3126 2738 3205 probata
2767 3127 2844 3188 sit
2870 3173 2887 3201 ,
2920 3147 3029 3190 nec
3060 3146 3137 3191 ne
3159 3127 3521 3191 sufficienter
3547 3129 3623 3192 ad
3654 3132 3929 3195 effectum
3954 3135 4029 3199 de

2483 3238 2608 3300 quo
2637 3221 2876 3302 agitur3
2905 3222 2954 3283 si
2977 3224 3201 3285 etenim
3242 3225 3492 3304 probata
3520 3225 3676 3299 erit,
3717 3229 4029 3292 matrimo-

2482 3313 2652 3374 nium
2673 3335 2808 3376 cum
2832 3316 3029 3378 Felice
3045 3326 3417 3379 contractum
3444 3337 3563 3379 non
3588 3318 3706 3382 erit
3728 3321 4025 3398 validum,

2481 3416 2542 3468 et
2566 3408 2832 3471 validum
2861 3429 2896 3471 e
2917 3418 3124 3473 contra
3149 3411 3305 3484 erit,
3336 3411 3385 3472 si
3419 3412 3632 3492 copula
3659 3433 3796 3475 cum
3835 3416 4031 3481 Diana

2484 3520 2605 3563 non
2655 3503 2771 3564 erit
2818 3505 3070 3584 probata
3100 3549 3118 3577 ‚
3145 3506 3319 3586 juxta
3364 3524 3567 3567 casum
3610 3506 3761 3569 alias
3800 3508 3865 3571 in
3909 3510 4026 3576 bac

2481 3595 2611 3658 Sac.
2638 3596 3111 3680 congregatione
3148 3598 3517 3679 disputatum
3548 3603 3615 3662 in
3639 3601 3856 3664 Baren.
3883 3604 4029 3669 Ma-

2485 3693 2744 3751 trimonii
2765 3698 2822 3753 9.
2853 3693 3074 3773 Aprilis
3103 3697 3276 3755 1701.

2602 3785 2693 3846 Ad
2724 3787 3104 3866 probationes
3124 3788 3332 3868 itaque
3359 3787 3770 3852 descendendo
3792 3835 3811 3866 ,
3844 3811 4030 3874 copu-

2482 3875 2540 3939 la
2571 3879 2862 3957 probatur
2884 3880 3081 3959 primo
3101 3899 3177 3942 ex
3199 3880 3448 3960 epistola
3471 3880 3667 3943 Patris
3683 3883 3855 3946 Pauli
3881 3884 4027 3948 For-

2482 3971 2674 4033 tunati
2696 3992 2730 4034 e
2750 3973 3062 4055 Cotignola
3087 3973 3333 4036 Ordinis
3361 3975 3668 4037 Minorum
3693 3977 4031 4043 Observan-

2481 4064 2633 4126 tium
2661 4067 2721 4127 S.
2774 4066 3075 4129 Francisci
3100 4113 3118 4140 ,
3158 4088 3265 4130 nec
3296 4088 3414 4131 non
3448 4088 3524 4130 ex
3553 4072 3683 4152 ejus
3711 4073 4029 4138 subsecuto

2479 4161 2757 4221 examine
2778 4160 3043 4234 formali,
3067 4161 3129 4222 in
3155 4180 3277 4243 quo
3301 4162 3506 4225 retulit
3534 4164 3610 4225 ad
3634 4184 3697 4227 se
3719 4169 4028 4232 accessisse

2483 4261 2605 4314 tam
2630 4255 2868 4317 Petram
2900 4257 3156 4317 Matrem
3182 4300 3199 4328 ,
3236 4275 3420 4337 quam
3456 4257 3715 4320 Felicem
3745 4307 3764 4332 ,
3801 4269 3860 4323 et
3882 4262 4027 4326 Dia-

2480 4364 2624 4407 nam
2658 4366 2890 4409 sorores
2916 4394 2932 4419 ,
2964 4357 3020 4409 et
3044 4350 3371 4428 respective
3397 4348 3590 4424 filias,
3623 4352 3866 4434 sibique
3895 4375 4023 4418 ma-

2482 4439 2787 4502 nifestasse
2806 4488 2822 4512 ,
2848 4443 3007 4521 quod
3030 4443 3267 4504 Marcus
3290 4444 3589 4507 Antonius
3606 4465 3743 4507 cum
3767 4455 4026 4530 utraque

2480 4551 2608 4596 rem
2652 4533 2946 4596 babuerat
2974 4580 2991 4607 ,
3021 4536 3398 4617 exquirendo
3444 4538 3762 4600 consilium
3792 4541 3866 4604 de
3906 4563 3978 4605 eo
3998 4589 4021 4620 ,

2482 4628 2644 4708 quod
2673 4628 2804 4689 fieri
2842 4627 3099 4691 debebat
3125 4629 3190 4690 in
3233 4628 3392 4692 dicta
3425 4630 3566 4693 facti
3608 4633 3971 4715 contigentia
3998 4685 4017 4711 ,

2479 4738 2665 4801 seque
2698 4721 3069 4802 respondisse
3090 4767 3107 4796 ,
3139 4722 3377 4784 nullum
3402 4722 3568 4785 aliud
3604 4726 3807 4788 adesse
3835 4747 4024 4792 reme-

2482 4813 2648 4874 dium
2676 4834 2786 4895 pro
2807 4815 3215 4879 contrahendo
3239 4817 3624 4880 matrimonio
3641 4839 3777 4881 cum
3797 4821 4019 4899 Felice,

2479 4925 2636 4986 quae
2654 4917 2785 4970 erat
2810 4908 3060 4989 gravida
3081 4955 3099 4984 ,
3131 4927 3316 4990 quam
3334 4910 3609 4974 obtinere
3629 4912 4022 4994 dispensatio-

2478 5021 2615 5063 nem
2675 5003 3098 5084 apostolicam:
3130 5004 3481 5086 dictumque
3510 5005 3694 5090 hujus
3732 5008 4017 5092 Religiosi

2476 5097 2870 5178 coadjuvantur
2908 5118 2984 5160 ex
3011 5098 3287 5161 Testibus
3332 5098 3731 5162 referentibus
3771 5121 3836 5165 se
3878 5124 4020 5169 eum

2474 5189 2698 5251 vidisse
2721 5191 2948 5270 pluries
2994 5192 3399 5274 alloquentem
3451 5194 3686 5256 Petram
3720 5195 4015 5274 Matrem,

2472 5296 2532 5346 et
2571 5284 2828 5347 Dianam
2852 5333 2870 5359 ,
2900 5297 2959 5348 et
3000 5287 3256 5349 Felicem
3279 5332 3296 5360 ,
3329 5286 3469 5350 licet
3510 5307 3630 5350 uon
3671 5291 4018 5357 audiverint

2473 5379 2660 5440 verba
2691 5378 3091 5459 loquentium.

2588 5471 2863 5536 Secundo
2889 5474 3106 5556 copula
3146 5474 3437 5557 probatur
3467 5494 3554 5539 ex.
3568 5475 3705 5538 aliis
3731 5478 4017 5559 pluribus
