4393 6299
1617 507 2084 578 ouffisrto
2146 508 2361 562 um.
3372 511 3445 562 ss

444 709 455 712 -
537 654 633 716 An
654 703 671 726 ‚
697 666 749 717 et
776 658 853 719 ad
872 676 1014 736 qaae
1044 677 1217 720 onera
1251 667 1504 720 tencatur
1536 660 1858 723 canonicus
1880 663 1965 722 ¹in
2072 680 2151 722 ne
2172 658 2449 741 requisiti
2481 658 2546 721 in
2577 662 2910 737 Beneficio,
2935 664 3063 725 eive
3090 661 3155 724 in
3190 660 3575 744 Cappellania
3599 708 3618 730 .

419 768 553 812 casu
580 760 682 811 etc.

522 957 883 1026 Sama-Congr.
911 957 999 1012 die
1023 960 1074 1011 8.
1102 959 1377 1012 Februarii
1410 961 1563 1012 1⁷19.
1593 961 1896 1030 respondit:

575 1047 776 1097 Tene-ri
792 1045 869 1098 ad
881 1065 1050 1100 onera
1073 1067 1326 1119 eaepressa
1350 1050 1403 1099 in
1431 1052 1774 1103 Testamenta
1784 1055 1960 1103 Fran·

412 1133 548 1188 cim·
561 1171 575 1198 ,
603 1146 656 1187 et
676 1135 754 1190 ad
778 1152 976 1204 onera,
999 1137 1075 1188 ad
1098 1155 1240 1206 quae
1263 1150 1514 1191 tenentur
1538 1138 1645 1191 alii
1675 1137 1958 1192 canonici.

811 1344 1171 1419 QUAESTIO
1234 1345 1495 1407 LXXXI
1503 1347 1548 1408 Ι.

547 1559 615 1621 In
647 1560 840 1623 Causa
866 1561 1125 1622 Romana
1156 1558 1560 1641 Cappcllaniae
1583 1609 1600 1634 ,
1632 1563 1721 1623 die
1746 1566 1803 1624 4.

929 1670 1231 1733 Februarii
1260 1676 1433 1732 1719.

400 1833 531 1949 Ad
554 1885 1000 1968 Cappellaniam
1022 1896 1333 1949 vacantem
1358 1907 1466 1966 per
1491 1887 1726 1949 obitum
1747 1888 1949 1951 Sacer·

401 1984 555 2046 dotis
573 1982 785 2063 Angeli
808 1981 875 2043 Pi
884 1982 944 2043 ni
968 1982 1086 2043 fuit
1107 2001 1141 2044 a
1163 1982 1440 2063 Principe
1457 1983 1722 2063 Gaspare
1741 1983 1817 2045 de
1838 1982 1945 2044 Al-

398 2077 583 2150 teriis‚
605 2077 678 2139 ad
702 2095 885 2157 quem
908 2077 1162 2156 pertinet
1178 2077 1281 2156 jus
1305 2077 1749 2155 praesentandi,
1778 2096 1948 2156 prae-

394 2181 660 2234 sentatus
686 2170 1028 2233 Baltbassar
1051 2169 1313 2232 Ricci-in
1342 2170 1735 2251 Acolythatus
1761 2170 1943 2232 ordi-.-

397 2285 511 2339 ne,
555 2274 613 2326 et
641 2266 703 2326 in
736 2273 928 2326 aetate
956 2284 1255 2326 annorum
1296 2270 1394 2326 23.
1427 2273 1485 2327 et
1512 2285 1616 2328 sex
1645 2265 1942 2327 mensium

390 2359 777 2433 constitutus;
808 2378 1070 2439 cumque
1099 2369 1343 2421 exortae
1372 2359 1556 2421 fuerit
1593 2367 1942 2422 controver-

2068 764 2303 836 recepta
2330 755 2571 818 videtur
2598 775 2724 818 esse
2746 757 3094 838 propositio,
3122 758 3286 837 quod
3316 756 3469 818 illud
3492 775 3617 817 non

2066 847 2151 911 sit
2193 850 2591 912 necessarium
2641 849 2715 911 de
2761 859 3028 932 tempore
3072 850 3448 924 collationiS‚
3488 849 3616 911 sive

2068 943 2586 1022 praesentationis»,
2607 945 2708 1006 sed
2736 944 3033 1018 sufficere,
3058 946 3219 1024 quod
3248 946 3408 1006 intra
3432 943 3613 1003 unius

2064 1039 2208 1097 anni
2237 1038 2496 1117 spatium
2518 1039 2713 1101 valeat
2730 1039 3013 1110 obtineri,
3034 1037 3319 1100 Gonzalez
3334 1038 3609 1117 chequl.

2061 1138 2120 1193 8.
2153 1131 2406 1195 Cancell.
2436 1136 2576 1213 qlos.
2602 1141 2660 1195 5.
2683 1155 2842 1196 num.
2875 1139 3007 1197 tot.
3040 1146 3091 1196 et
3116 1138 3248 1198 105.
3281 1132 3412 1195 fuse
3436 1129 3617 1194 Cleri-

2061 1238 2174 1288 cat.
2210 1230 2348 1290 disc.
2380 1234 2478 1289 72.
2512 1231 2603 1290 tit.
2636 1231 2699 1290 de
2729 1229 2969 1311 Benefic.
2996 1250 3033 1291 a
3059 1249 3216 1292 num.
3252 1232 3307 1291 ί.
3343 1246 3515 1307 usqae
3536 1226 3615 1288 ad

2066 1323 2165 1386 11.
2192 1322 2299 1402 qui
2330 1322 2609 1402 loquitur
2638 1323 2705 1383 in
2735 1323 3005 1384 terminis
3029 1321 3450 1404 Cappellaniae
3476 1366 3494 1393 ,
3533 1319 3615 1382 ad

2058 1431 2242 1492 quam
2265 1425 2507 1479 vocatus
2533 1428 2621 1478 est
2641 1417 2928 1478 Sacerdos
2947 1436 3083 1479 cum
3106 1435 3289 1478 onere
3307 1414 3612 1477 celebran-

2059 1507 2118 1567 di
2150 1509 2398 1584 Missas,
2421 1519 2480 1573 et
2506 1510 2613 1573 alii
2642 1512 2959 1582 Auctores,
2984 1510 3091 1592 qui
3116 1509 3467 1592 qualitatem
3499 1508 3611 1569 Sa-

2057 1603 2421 1666 cerdotalem
2447 1613 2782 1686 exposcunt
2803 1605 2879 1666 de
2912 1611 3179 1686 tempore
3212 1602 3563 1666 Collationis
3585 1649 3604 1674 ,

2057 1713 2163 1757 seu
2218 1698 2721 1762 Praesentationis
2748 1745 2767 1773 ,
2830 1698 3229 1760 nihilominus
3276 1696 3607 1761 admittunt

2055 1792 2427 1855 contrariam
2444 1793 2795 1874 opinionem
2823 1812 2950 1855 esse
2982 1792 3048 1854 in
3077 1792 3252 1873 praxi
3282 1799 3604 1874 receptam,

2054 1882 2345 1948 Amostaz.
2390 1889 2456 1949 de
2476 1891 2660 1950 causis
2697 1889 2810 1968 piis
2840 1889 2936 1947 tib.
2971 1892 3028 1948 3.
3055 1906 3181 1967 cap.
3213 1893 3272 1947 5.
3303 1905 3462 1946 nam.
3498 1889 3597 1946 34.

2056 1977 2287 2041 Castitl.
2334 1991 2581 2043 controv.
2626 1983 2781 2060 juris
2809 1991 2940 2043 tom.
2968 1986 3027 2042 5.
3058 1999 3185 2062 cap.
3226 1984 3324 2042 91.
3355 2001 3395 2041 a
3436 1999 3597 2042 nam.

2055 2079 2151 2136 38.
2188 2095 2362 2154 easque
2380 2077 2636 2138 adnam.
2668 2081 2767 2137 51.

2170 2169 2222 2230 E
2243 2177 2451 2232 contra
2492 2190 2602 2250 pro
2629 2169 3019 2251 incapacitate
3052 2166 3496 2240 Balthassaris,
3539 2175 3602 2230 et

2048 2262 2133 2324 sic
2180 2282 2289 2343 pro
2336 2264 2683 2326 necessitate
2706 2263 3200 2345 dispensationiS,
3228 2263 3404 2337 facit,
3433 2260 3599 2344 quod

2048 2358 2295 2437 quando
2318 2359 2578 2420 annexio
2622 2359 2953 2421 Sacerdotii
2982 2368 3071 2421 est
3119 2360 3274 2422 sacta
3323 2364 3597 2438 respectu

390 2453 514 2516 siae
537 2500 555 2526 ,
594 2473 672 2516 an
726 2453 787 2514 in
816 2453 1236 2534 cappellania,
1277 2452 1355 2515 ad
1386 2472 1571 2534 quam
1598 2453 1941 2516 Balthassar
2044 2461 2245 2526 actuS,
2288 2453 2699 2515 Sacerdotium
2729 2452 3064 2533 requiritur
3105 2461 3377 2533 tempore
3408 2449 3595 2513 colla-

388 2548 753 2629 praesentari
781 2548 1085 2619 obtinuit,
1136 2547 1485 2628 requiratur
1520 2548 1934 2636 Sacerdotium
2048 2546 2266 2621 tionis,
2313 2547 2440 2609 sive
2479 2547 2980 2627 praesentationis
3004 2592 3023 2622 ,
3062 2549 3140 2610 ad
3186 2546 3591 2611 differentiam

388 2654 519 2706 actu
541 2689 559 2715 ,
588 2651 648 2704 et
666 2651 964 2723 quatenus
990 2641 1425 2722 requireretur,
1457 2641 1617 2704 idem
1644 2661 1933 2704 exorave-

387 2737 465 2798 rit
495 2755 603 2816 pro
646 2735 1121 2816 dispensatione,
1153 2735 1679 2797 Eminentissimus
1721 2735 1931 2798 Cardi-

386 2830 541 2892 nalis
575 2829 754 2891 Urbis
781 2828 1059 2890 Vicarius
1078 2874 1095 2902 ,
1126 2827 1456 2908 requisitus
1478 2847 1588 2908 pro
1628 2827 1931 2892 Informa-

389 2926 548 2987 tione
570 2970 587 2998 ,
637 2932 697 2986 et
725 2923 883 2985 Voto
907 2969 923 2997 ,
960 2923 1193 2986 censuit
1235 2922 1550 2986 Oratorem
1602 2943 1728 2986 esse
1773 2924 1928 3006 Cap-

382 3018 679 3099 pellaniae
718 3037 991 3098 capacem
1019 3066 1034 3088 ,
1070 3036 1178 3078 nec
1216 3015 1342 3078 ulla
1372 3016 1642 3098 indigere
1684 3018 1927 3099 dispen-

381 3112 630 3186 satione,
651 3112 797 3192 quia
817 3131 936 3173 non
956 3110 1150 3174 solum
1165 3110 1325 3172 infra
1343 3130 1597 3183 annum,
1621 3113 1721 3175 sed
1742 3114 1926 3178 etiam

382 3207 540 3270 infra
589 3227 692 3269 sex
725 3226 955 3269 menses
983 3205 1323 3286 promoveri
1358 3215 1545 3286 potest
1573 3209 1667 3269 *ad
1713 3209 1925 3273 Sacros

381 3302 636 3364 Ordines
659 3350 674 3371 ,
704 3311 764 3363 et
814 3302 887 3363 ad
930 3301 1415 3381 Presbyteratum
1442 3346 1460 3375 ,
1510 3302 1922 3367 concludendo

377 3396 630 3457 eundem
656 3395 887 3457 institui
936 3414 1104 3474 posse
1151 3395 1226 3456 ad
1271 3394 1577 3458 laudatam
1606 3397 1920 3479 Cappella-

377 3490 537 3552 niam
562 3538 578 3560 ,
604 3489 946 3551 conditione
983 3489 1208 3572 adjecta
1234 3534 1258 3571 ,ο
1298 3498 1369 3551 ut
1398 3490 1819 3555 infrasannum
1854 3514 1920 3558 se

371 3586 446 3648 ad
473 3604 681 3647 omnes
702 3584 912 3646 Sacros
945 3583 1207 3645 Ordines
1239 3587 1576 3663 promoveri
1602 3596 1791 3650 curet.

484 3680 691 3741 Verba
734 3677 1106 3740 fundationis
1157 3678 1621 3759 Cappellaniae,
1671 3683 1748 3744 de
1791 3701 1915 3763 qua

370 3794 530 3837 nunc
557 3774 760 3856 agitur
781 3818 798 3847 ,
831 3781 975 3834 sunt
1003 3792 1112 3845 ea,
1153 3791 1311 3852 quae
1353 3785 1731 3855 sequuntur,
1768 3778 1912 3841 duas

365 3881 681 3951 perpetuas,
714 3867 924 3951 (verba
949 3874 1092 3928 sunt
1116 3877 1355 3930 sanctae
1381 3888 1560 3930 mem.
1588 3869 1910 3935 Clementis

368 3964 447 4024 X.
472 3963 576 4043 qui
606 3963 754 4022 duas
776 3969 1093 4040 perpetuas
1112 3960 1527 4041 Cappellanias
1549 3962 1613 4024 in
1637 3983 1746 4026 sua
1759 3965 1914 4047 Cap-

365 4057 520 4137 pella
541 4053 838 4135 gentilitia
868 4053 1160 4115 existente
1187 4054 1253 4115 in
1281 4055 1542 4119 Ecclesia
1573 4057 1632 4118 S.
1682 4059 1912 4123 Mariae

362 4170 543 4232 supra
565 4149 903 4211 Minervam
931 4194 947 4221 ,
976 4148 1269 4221 instituit,
1315 4158 1375 4212 et
1421 4151 1739 4235 fundavit)
1766 4155 1909 4216 duas

360 4255 653 4327 perpetuas
700 4245 822 4303 sine
864 4261 1006 4303 cura
1053 4240 1460 4324 cappellanias
1507 4246 1573 4305 in
1614 4248 1910 4326 praedicta

361 4340 637 4421 Cappetla
658 4348 854 4399 nostra
882 4338 1172 4416 yentilitia
1192 4357 1295 4418 pro
1316 4339 1530 4400 duobus
1559 4338 1909 4423 Presbyteris

358 4436 570 4514 futuris
591 4430 893 4512 Coppellac
912 4432 1229 4510 qentilitiae
1254 4432 1577 4509 hujusmodi
1599 4431 1907 4517 Cappella-

357 4531 445 4590 nis
469 4574 486 4601 ‚
511 4544 759 4606 quarum
791 4545 970 4586 anam
992 4573 1009 4596 ,
1039 4534 1092 4586 ct
1133 4528 1373 4587 alteram
1400 4529 1466 4586 in
1489 4530 1734 4608 sinqalis
1775 4550 1905 4593 vero

357 4621 669 4682 Dominicis
686 4666 702 4688 ,
732 4628 783 4679 et
808 4619 946 4680 aliis
972 4619 1038 4678 de
1063 4630 1353 4699 praecepto
1376 4619 1661 4684 Ecclesiae
1688 4623 1902 4702 festivis

354 4717 565 4782 diebus,
596 4713 831 4791 quilibet
848 4714 1082 4771 illorum
1102 4733 1276 4773 unam
1296 4714 1563 4789 Missam,
1582 4719 1667 4778 ita
1689 4727 1899 4794 tamen,

351 4821 415 4871 at
446 4809 768 4871 Missurum
802 4807 1264 4868 celebrandarum
1292 4808 1692 4890 Sacrificium,
1716 4814 1900 4890 juxta

350 4914 583 4967 mentem
608 4913 860 4963 nostram
883 4945 900 4972 ,
925 4920 1029 4981 per
1059 4899 1435 4982 Cappellanos
1469 4906 1617 4985 ipsos
1650 4910 1898 4988 applice-

352 5011 475 5070 tur,
506 4999 782 5059 celebrare
810 4996 1070 5069 debcant,
1115 5006 1166 5056 et
1204 5006 1503 5059 teneantur
1523 5044 1541 5073 ,
1568 5000 1896 5082 Apostolica

349 5096 684 5155 auctoritate
707 5101 970 5170 perpetuo
1000 5092 1268 5169 criqimus
1286 5138 1302 5163 ,
1332 5102 1383 5152 et
1408 5094 1783 5158 instituimus.

462 5185 782 5266 Supposito
811 5184 922 5272 boc
964 5186 1292 5245 verborum
1331 5192 1536 5247 tenore
1560 5234 1576 5259 ,
1611 5209 1719 5269 pro
1748 5190 1888 5253 Bal-

346 5281 629 5345 tbassaris
654 5276 1013 5358 capacitate,
1051 5287 1111 5339 et
1137 5278 1223 5339 sic
1268 5298 1377 5358 pro
1404 5280 1748 5346 exclusione
1783 5305 1891 5347 cu-

340 5377 697 5457 juscumque
715 5372 1176 5452 dispensationis
1201 5418 1218 5452 ,
1261 5372 1405 5434 facit
1432 5421 1450 5445 ,
1483 5377 1647 5454 quod
1674 5377 1737 5437 in
1767 5388 1889 5441 ter-

344 5469 525 5531 minis
549 5465 902 5541 Sacerdotii,
937 5466 1159 5529 nedum
1189 5486 1223 5529 a
1239 5467 1380 5549 jure
1401 5512 1420 5542 ,
1451 5469 1554 5532 sed
1581 5471 1659 5534 ab
1687 5471 1887 5535 homi..

2038 2660 2211 2704 casus
2231 2687 2248 2715 ,
2280 2641 2343 2702 in
2371 2660 2494 2722 quo
2524 2641 2786 2703 annexio
2808 2641 3135 2704 Sacerdotii
3181 2641 3336 2704 facta
3370 2640 3450 2702 sit
3492 2659 3590 2701 re-

2035 2745 2239 2816 spectu
2270 2735 2624 2815 aptitudinis
2643 2782 2661 2809 ,
2693 2735 2758 2797 in
2801 2736 2916 2802 hac
2942 2736 3168 2818 quippe
3213 2735 3358 2799 facti
3390 2734 3593 2817 specie

2034 2830 2178 2891 satis
2198 2830 2467 2910 estquod
2486 2829 2897 2893 Sacerdotium
2917 2830 3078 2894 intra
3099 2849 3331 2893 annum
3350 2827 3590 2911 acquiri

2035 2924 2255 2987 v'aleat.

2149 3021 2395 3101 Absque
2446 3040 2518 3087 eo
2549 3020 2716 3101 quod
2757 3021 2832 3083 de
2863 3020 3206 3082 annexione
3256 3017 3586 3082 Sacerdotii

2031 3123 2302 3195 respectu
2331 3121 2499 3178 actus
2531 3114 2598 3177 in
2646 3113 2963 3198 hypothesi
2991 3114 3264 3178 dubitari
3287 3132 3458 3196 posse
3489 3112 3584 3176 vi·

2031 3210 2270 3284 deatur;
2292 3229 2361 3272 ea
2381 3210 2604 3273 etenim
2621 3230 2855 3291 semper
2880 3210 3085 3272 adesse
3111 3208 3355 3281 dicitur,
3380 3226 3577 3289 quan-

2028 3302 2105 3364 do
2128 3304 2440 3366 Fundator
2465 3303 2681 3377 voluit,
2706 3303 2868 3385 quod
2891 3302 3240 3364 nominetur
3267 3300 3575 3376 Sacerdos,

2026 3396 2121 3459 vel
2149 3399 2314 3479 quod
2345 3397 2735 3471 Beneficium,
2772 3416 2878 3458 seu
2901 3395 3290 3477 Cappellania
3311 3394 3579 3457 confera-

2025 3498 2126 3553 tur
2151 3492 2489 3567 Sacerdoti,
2521 3492 2612 3555 uti
2638 3491 2758 3554 late
2797 3491 3013 3572 probat
3043 3490 3306 3570 Faqnan.
3343 3491 3408 3549 in
3443 3510 3571 3570 cap.

2022 3595 2087 3643 ut
2109 3584 2349 3646 Abbates
2375 3608 2414 3647 a
2438 3606 2596 3645 num.
2633 3590 2729 3646 37.
2759 3604 2934 3665 ,usquc
2959 3586 3036 3646 ad
3075 3589 3173 3646 60.
3208 3585 3276 3645 de
3302 3594 3475 3646 aetat.
3525 3593 3578 3645 et

2023 3681 2294 3757 qualitat.
2334 3688 2394 3741 et
2420 3680 2484 3740 in
2510 3679 2786 3741 terminis
2816 3677 3142 3750 Beneficii,
3170 3678 3248 3740 ad
3278 3679 3439 3758 quod
3460 3677 3573 3740 eli-

2018 3773 2249 3853 gendus
2291 3783 2421 3835 erat
2451 3775 2774 3856 Presbyter
2795 3820 2813 3847 ,
2845 3773 2951 3854 qui
2980 3773 3293 3836 celebrare
3319 3773 3577 3836 debebat

2019 3866 2229 3927 Missas
2258 3867 2424 3928 omni
2450 3866 2859 3940 hebdomada;
2900 3866 3063 3947 quod
3093 3866 3355 3946 qualitas
3382 3883 3573 3927 sacer·

2018 3960 2236 4022 dotalis
2260 3959 2443 4021 fuerit
2465 3960 2794 4022 necessaria
2813 3960 2887 4022 de
2919 3967 3186 4039 tempore
3217 3959 3566 4021 Praesenta-

2018 4052 2200 4114 ti‘onis
2226 4101 2241 4123 ,
2273 4052 2541 4115 firmavit
2561 4054 2710 4115 Rota
2737 4054 2903 4114 decis.
2934 4057 3073 4115 248.
3101 4054 3268 4113 decis.
3306 4057 3447 4113 263.
3471 4053 3567 4113 de-

2015 4148 2115 4207 cis.
2142 4151 2281 4207 278.
2305 4148 2471 4208 decis.
2507 4150 2645 4207 312.
2676 4146 2843 4208 decis.
2877 4151 3016 4207 353.
3043 4154 3096 4207 et
3117 4147 3289 4207 decis.
3317 4149 3453 4207 364.
3476 4165 3569 4207 oo-

2014 4261 2142 4303 ram
2177 4241 2424 4302 Emerix
2440 4242 2691 4319 juniore.

2131 4336 2246 4398 His
2273 4335 2574 4398 stantibus
2600 4335 2940 4416 quaeritur:

2130 4431 2180 4492 1.
2206 4431 2305 4491 An
2338 4430 2682 4492 Baithassar
2700 4432 2932 4491 institui
2950 4433 3138 4493 valeat
3159 4432 3236 4493 ad
3260 4430 3565 4512 cappella-

2010 4527 2171 4586 niam
2198 4573 2215 4596 ,
2240 4526 2317 4586 ad
2350 4544 2522 4604 quam
2547 4525 2660 4603 [ait
2686 4533 3072 4604 praesentatas
3095 4571 3113 4596 ,
3141 4544 3256 4585 non
3286 4526 3558 4599 obstante,

2008 4620 2155 4699 quod
2185 4630 2423 4700 tempore
2445 4619 2913 4698 praesentationis
2938 4637 3054 4679 non
3079 4627 3213 4681 esset
3239 4617 3553 4690 Sacerdos,

2006 4726 2058 4775 et
2084 4724 2360 4795 quatenus
2379 4713 2662 4793 neqativc:

2122 4810 2205 4870 11.
2238 4808 2335 4868 An
2361 4808 2535 4869 eidem
2553 4808 2629 4867 sit
2654 4806 3003 4886 ittdalqcnda
3024 4807 3364 4888 dispensatio
3381 4806 3448 4865 in
3465 4824 3557 4868 ca·

2004 4923 2073 4964 su
2105 4912 2207 4964 etc.

2109 5096 2262 5146 Sacra
2288 5092 2641 5162 congregatio
2671 5090 2986 5161 respondit:

2179 5178 2275 5233 Ad
2297 5179 2533 5249 primum
2561 5177 2915 5248 affirmative.
2944 5178 3042 5231 Ad
3058 5177 3352 5231 secundum
3374 5177 3556 5248 provi·

1989 5288 2110 5322 sum
2136 5269 2192 5320 in
2216 5269 2414 5341 primo.
