4393 6299
1605 524 1654 595 Q
1677 528 1723 580 U
1746 521 1805 577 AE
1829 522 2063 580 s‚'1·10
2121 522 2370 611 cccvu.

380 674 723 759 indaginem
752 693 953 741 coram
975 674 1182 738 eodem
1224 674 1653 738 conservatore
1673 721 1691 750 ,
1730 684 1791 738 et
1814 695 1917 738 ne·
1965 698 1973 714 ·

382 769 583 851 gative
608 768 936 831 resolutum
958 768 1096 843 fuit,
1121 778 1181 833 et
1204 769 1451 831 insimul
1478 769 1728 842 dictum,
1754 771 1917 851 quod

383 863 448 926 in
474 884 545 926 eo
568 884 770 927 rerum
793 874 951 928 statu
975 874 1148 929 erant
1167 866 1561 928 conveniendi
1588 885 1788 931 coram
1811 865 1920 929 Or·

379 957 655 1032 (linario,
703 958 791 1021 uti
839 959 1099 1024 habetur
1141 963 1207 1021 in
1234 961 1585 1022 Resolutione
1626 973 1796 1043 capta
1816 963 1923 1023 die

381 1055 482 1113 28.
506 1050 667 1112 Julii
704 1055 1006 1114 1557.·tib.
1044 1057 1143 1114 21.
1170 1055 1368 1115 decret.
1392 1075 1524 1135 paq.
1555 1059 1651 1116 31.
1692 1061 1753 1117 et
1778 1073 1921 1117 con-

381 1148 587 1212 cordat
606 1146 726 1210 alia
745 1147 1050 1209 Resolutio
1065 1150 1132 1208 in
1153 1145 1350 1210 Causa
1362 1148 1604 1229 Papien.
1633 1153 1730 1212 30.
1756 1149 1923 1212 Μαι·-

384 1244 458 1303 tii
477 1246 650 1304 1680.
677 1244 775 1304 tib.
801 1247 899 1304 31.
926 1243 1126 1316 decret.
1145 1239 1279 1324 pay.
1304 1247 1404 1304 73.
1428 1243 1704 1325 Denique
1721 1243 1923 1325 quoad

382 1336 730 1410 Ministros,
775 1336 882 1418 qui
920 1356 954 1399 a
977 1335 1510 1399 conservatoribus
1531 1337 1741 1402 haberi
1785 1356 1921 1419 pos-

380 1436 522 1492 sunt
545 1474 564 1504 ,
610 1428 813 1511 plures
844 1429 1077 1492 *dictum
1120 1421 1270 1504 fuis,
1302 1438 1370 1494 ‘et
1398 1431 1725 1495 resolutum
1757 1479 1776 1505 ,
1823 1451 1926 1494 eos

385 1543 506 1586 non
537 1542 707 1605 posse
732 1523 965 1606 erigere
988 1525 1307 1599 Tribunal,
1328 1544 1440 1589 nec
1459 1527 1735 1609 proprios
1756 1537 1930 1590 assu··

298 1651 305 1656 -
382 1637 548 1681 mere
571 1619 902 1693 ministros,
938 1629 1183 1700 excepto
1216 1619 1343 1684 solo
1369 1620 1657 1697 Notario,
1698 1621 1783 1683 uti
1813 1621 1924 1685 ha·-

382 1712 561 1775 betur
585 1715 652 1774 in
692 1712 1005 1792 Fauentina
1046 1719 1141 1776 17.
1190 1713 1530 1796 Septembris
1568 1708 1745 1779 1667.
1780 1737 1917 1798 paq.

383 1811 522 1869 443.
570 1809 667 1868 lib.
718 1812 817 1870 25.
871 1809 1070 1891 decret.
1115 1820 1173 1870 et
1208 1812 1275 1870 in
1315 1811 1504 1873 dubiis
1555 1808 1926 1874 Generalibus

384 1903 450 1964 de
500 1901 992 1965 conservatoribus
1026 1906 1332 1985 propositis
1379 1906 1469 1966 die
1507 1910 1606 1968 28.
1646 1904 1928 1967 Ianuarii

387 2003 561 2060 1679.
596 1998 693 2058 lib.
726 2001 824 2060 30.
855 1998 1054 2059 decret.
1093 2018 1233 2078 paq.
1270 2002 1410 2061 249.
1458 2011 1513 2060 et
1534 2019 1685 2079 seqq.
1725 2001 1791 2060 in
1832 2020 1927 2062 re-

380 2092 669 2174 sponsione
699 2090 775 2152 ad
798 2092 1099 2153 seeundum
1113 2136 1131 2165 ,
1162 2100 1222 2170 et
1242 2091 1406 2156 hisce
1424 2092 1693 2175 vestigiis
1715 2092 1927 2157 inhae-

380 2183 570 2246 rendo
616 2183 798 2247 Sacra
851 2184 1246 2267 congregatio
1290 2186 1672 2267 particularis
1709 2205 1747 2248 a
1789 2206 1920 2249 san.

380 2295 563 2338 mem.
590 2276 895 2344 Clemente
911 2275 1026 2339 XI.
1059 2276 1364 2358 deputata,
1386 2279 1481 2341 cui
1513 2277 1923 2342 interfuerunt

380 2370 856 2448 Eminentissimi
902 2370 1146 2433 Domini
1188 2371 1535 2440 Cardinales
1584 2373 1882 2435 Tanarius
1904 2420 1924 2446 ,

384 2465 790 2539 Barberinus,
849 2465 1244 2528 Paraccianus
1265 2514 1284 2538 ,
1322 2466 1691 2529 Corradiuus
1714 2511 1733 2541 ,
1785 2465 1925 2529 Pto-

381 2558 683 2632 lomaeus,
706 2568 765 2621 et
793 2560 921 2643 Ego
956 2569 1241 2640 tanquam
1267 2560 1663 2635 Secretarius,
1705 2561 1796 2622 die
1825 2565 1925 2622 22.

385 2655 605 2718 Martii
629 2657 800 2715 1720.
828 2653 1112 2727 resolvit,
1135 2653 1404 2718 Iudicem
1430 2652 1926 2718 conservatorem

384 2747 784 2810 Commendae
824 2746 1411 2830 Hierosolymitanae
1443 2748 1717 2813 Civitatis
1734 2748 1929 2814 Auxi-

382 2861 599 2907 manae
618 2862 737 2903 non
761 2860 926 2923 posse
948 2861 1300 2924 cognoscere
1318 2841 1538 2905 Causas
1548 2842 1928 2919 criminales,

386 2945 492 2999 aut
523 2937 741 2998 mixtas
764 2985 780 3008 ,
817 2955 926 2998 nec
952 2935 1193 3012 Civiles,
1218 2955 1377 3018 quae
1390 2937 1740 3020 judicialem
1760 2937 1931 3001 inda-

386 3031 591 3114 ginem
637 3030 1002 3111 requirunt,
1049 3030 1154 3094 sed
1196 3050 1300 3094 eas
1329 3031 1525 3094 solum
1554 3071 1589 3104 ,ff
1615 3032 1678 3095 in
1708 3027 1934 3114 quibus

384 3124 589 3207 agitur
613 3122 688 3186 de
717 3123 1049 3187 manifestis
1070 3125 1314 3207 iniuriis
1342 3172 1360 3199 ,
1394 3134 1501 3193 aut
1528 3125 1835 3189 violentiis
1856 3125 1935 3189 ad

385 3218 677 3282 terminos
700 3216 964 3298 Capituli
986 3219 1181 3300 finalis
1200 3221 1266 3282 de
1288 3220 1466 3302 officio
1485 3220 1746 3301 Delegati
1781 3223 1848 3281 in
1868 3226 1928 3283 6.

385 3332 508 3376 non
539 3305 970 3394 posse'pariter
1001 3314 1258 3375 eundem
1285 3311 1777 3379 conservatorem
1809 3314 1930 3377 eri-

386 3421 527 3491 gere
553 3407 616 3469 in
643 3407 937 3470 Tribunal
966 3427 1076 3488 pro
1094 3408 1436 3490 cognitione
1463 3410 1760 3472 dictarum
1781 3409 1931 3472 Cau·

388 3521 623 3576 sarum,
654 3509 716 3573 et
736 3520 878 3563 eum
912 3520 1032 3564 non
1081 3521 1251 3582 posse
1280 3502 1569 3583 deputare
1596 3503 1893 3566 officiales
1911 3548 1930 3578 ,

399 3603 459 3658 et
485 3595 793 3657 Ministros
819 3643 835 3666 ,
864 3596 963 3657 sed
985 3594 1179 3656 solum
1207 3596 1556 3663 Notarium.

504 3690 718 3765 Quoad
748 3690 951 3751 Patres
978 3688 1285 3752 societatis
1330 3690 1467 3752 Jesu
1500 3691 1787 3753 habentes
1812 3710 1935 3753 am·

388 3783 683 3867 piissimas
709 3784 1178 3846 conservatorias
1203 3784 1434 3847 litteras
1455 3785 1599 3866 ipsis
1625 3804 1934 3848 concessas

389 3896 423 3939 a
453 3878 512 3939 S.
547 3877 653 3939 Pio
692 3877 767 3936 V.
811 3885 871 3939 et
908 3877 1215 3958 expeditas
1248 3874 1598 3959 aGregorio
1636 3879 1808 3940 XIII.
1864 3878 1928 3939 in

394 3971 588 4032 forma
609 3972 825 4032 rationi
850 3975 1133 4051 mayr-ait,-
1151 3967 1663 4034 alias'dubitatum
1691 3973 1828 4045 fuit,
1853 3992 1930 4035 an

388 4064 630 4127 eaedem
660 4073 852 4127 essent
894 4066 1165 4128 redactae
1190 4066 1266 4129 ad
1303 4066 1591 4128 terminos
1630 4066 1932 4129 Constitu·

390 4155 575 4218 tionis
609 4155 880 4237 Gregorii
924 4158 1063 4219 XV.
1094 4170 1155 4221 et
1191 4157 1548 4222 affirmative
1582 4179 1932 4240 responsum

391 4250 543 4324 suit,
565 4269 701 4312 cum
726 4250 788 4311 in
822 4250 1107 4314 clausulis
1134 4253 1527 4336 derogatoriis
1549 4303 1567 4327 ,
1597 4273 1755 4336 quae
1794 4265 1937 4319 sunt

390 4344 458 4407 in
484 4344 855 4427 Gregoriana
875 4390 893 4419 ,
918 4348 1187 4428 apposita
1212 4348 1441 4413 fuerint
1473 4348 1582 4413 illa
1609 4349 1796 4412 verba
1820 4349 1933 4413 So-

390 4440 656 4501 cietatem
682 4486 700 4511 ,
729 4449 780 4499 et
805 4440 1050 4527 cujusvis
1070 4443 1309 4505 alteriue
1328 4443 1611 4516 Instituti,
1644 4443 1934 4526 quodque

391 4531 721 4595 notabilius
743 4540 831 4594 est
854 4577 872 4606 ,
891 4534 976 4595 sic
999 4534 1327 4603 resolutum
1353 4536 1471 4600 fuit
1499 4537 1560 4599 in
1584 4538 1781 4600 Causa
1806 4539 1934 4601 An·-

390 4624 792 4735 gelopolitana
818 4625 977 4687 inter
1005 4625 1402 4708 Episcopum,
1447 4636 1509 4691 et
1545 4630 1734 4693 dictos
1760 4624 1930 4694 Reli·

393 4720 590 4803 giosos
613 4718 678 4779 in
703 4718 1066 4782 resolutione
1090 4722 1165 4783 ad
1201 4723 1484 4803 quintum
1511 4725 1811 4798 dubium,
1844 4726 1934 4788 uti

392 4813 695 4877 habetur
670 4833 735 4874 tn
763 4812 1174 4877 Constitutione
1193 4821 1289 4878 32.
1327 4808 1639 4939 Innocentis·
1661 4818 1740 4928 X.
1765 4819 1931 4881 Bau.

395 4911 527 4970 novi
553 4918 684 4969 tom.
721 4913 782 4969 5.
908 4908 920 4913 ’

512 5001 626 5065 His
649 5002 983 5078 stantibus,
1013 5004 1360 5085 quaeritur.

510 5093 564 5154 1.
612 5094 708 5155 An
759 5094 1129 5158 Comei-vator
1168 5091 1513 5160 Venerabilis
1544 5030 1785 5180 Colleqii
1815 5099 1937 5162 Pa-

398 5197 549 5248 trum
576 5188 874 5251 Societatie
913 5188 1053 5251 Iesu
1083 5189 1349 5253 Civitatis
1392 5192 1661 5265 lamae,
1711 5204 1828 5255 tam
1868 5195 1934 5252 in

397 5282 653 5353 casibus,
681 5303 852 5363 quam
873 5295 1041 5347 extra
1060 5305 1220 5347 casus
1240 5288 1567 5366 manifestae
1600 5289 1936 5360 violentiae,

395 5374 483 5434 vel
517 5375 806 5451 injuriae,
828 5380 1000 5458 possit
1022 5380 1353 5461 procedere,
1377 5383 1488 5442 sive
1515 5379 1720 5442 Patres
1748 5380 1939 5497 Socie-

366 5479 387 5503 ·
408 5468 542 5529 tatis
564 5470 680 5529 sint
705 5470 969 5545 Actores,
998 5476 1113 5535 sive
1134 5473 1270 5534 Rei.

3276 534 3395 585 ’399

2141 674 2225 735 11.
2270 674 2366 735 An
2391 676 2657 757 pendente
2680 679 2885 760 aliqua
2917 683 3016 743 lite
3035 702 3226 745 coram
3255 682 3573 752 ordinario

2025 766 2469 850 Metropolitum
2488 773 2653 834 semet
2677 774 3000 838 introducta
3017 796 3144 837 cum
3164 776 3440 840 Patribus
3468 779 3575 840 So-

2025 865 2244 926 cietatis
2263 861 2422 936 Jeen,
2443 876 2565 944 post
2599 885 2790 928 eorum
2804 886 3123 930 eonsensum
3144 872 3208 930 in
3222 872 3575 948 jurisdictio-

2025 974 2186 1027 nem,
2213 957 2375 1018 liceat
2395 957 2596 1018 eisdem
2620 961 2910 1083 convolare
2941 962 3019 1024 ad
3043 961 3305 1025 Iudicem
3334 963 3573 1029 Conser-

2027 1058 2306 1110 vaterem.

2144 1141 2257 1203 111.
2289 1142 2386 1203 An
2416 1144 2480 1204 in
2504 1144 2830 1224 supradicto
2850 1165 2985 1207 casu
3023 1147 3188 1208 litis
3164 1167 3284 1223 pam
3309 1151 3573 1213 introdu-

2025 1242 2146 1297 etae
2170 1283 2190 1307 ,
2224 1245 2496 1317 utsupra
2514 1284 2532 1309 ,
2565 1239 2831 1300 inhibitio
2853 1238 3273 1304 conservatoris
3301 1291 3317 1315 ,
3351 1247 3403 1304 si
3431 1267 3577 1325 quae

2023 1329 2129 1411 fiat
2155 1326 2473 1393 Ordinatio
2495 1378 2513 1402 ,
2543 1342 2597 1393 et
2621 1331 2831 1405 Parti,
2861 1335 3133 1414 illiusque
3153 1341 3457 1400 successiva
3480 1342 3577 1402 de-

2027 1435 2184 1487 ereta
2200 1426 2568 1488 annullatiea
2601 1437 2858 1510 aetorum
2890 1430 2963 1491 ab
2993 1427 3311 1493 Ordinario
3336 1446 3459 1514 post
3484 1435 3576 1496 di·

2026 1528 2174 1579 ctam
2199 1519 2591 1580 inhibitionem
2615 1521 2896 1599 factorum
2917 1564 2938 1596 ,
2968 1524 3086 1584 sint
3121 1526 3462 1590 attendenda
3477 1570 3496 1588 .

2133 1707 2287 1760 Sacra
2309 1707 2504 1778 Congr.
2535 1707 2844 1777 respoudit:

2209 1794 2305 1848 Ad
2330 1795 2573 1866 primum
2608 1794 2982 1865 affimaeioe,
3035 1799 3093 1853 ia
3121 1800 3357 1870 *caribus
3402 1815 3586 1857 tamen

2026 1880 2352 1951 man'ffeseae
2373 1884 2707 1952 violentiae,
2734 1898 2786 1938 ee
2822 1886 3091 1955 injuriae,
3119 1899 3173 1941 et
3208 1889 3427 1959 quando
3458 1894 3579 1946 PP.

2020 1983 2149 2025 sunt
2171 1971 2279 2027 rei.
2304 1959 2400 2026 Ad
2418 1972 2713 2026 secundum
2731 2013 2752 2042 ,
2779 1987 2832 2028 et
2855 1976 3077 2038 tertium
3102 1977 3351 2046 negative
3366 2015 3379 2032 .

2428 2193 2805 2293 νςιυ-Ᾱεετιο
2861 2196 3176 2261 cccvm.

2032 2414 2105 2474 In
2133 2409 2328 2476 Causa
2368 2410 2760 2475 caesenatensi
2780 2462 2800 2487 ,
2839 2435 2938 2477 seu
2964 2379 3334 2481 Forolioienei
3359 2419 3582 2496 Matri-

2280 2510 2501 2580 monii,
2545 2507 2638 2570 die
2669 2512 2769 2570 20.
2803 2506 3109 2572 Februarii
3155 2516 3331 2574 1723.
3428 2575 3432 2582 .

2036 2689 2377 2828 Antonius
2398 2743 2806 2827 Romagnolus
2830 2746 3119 2812 Caesones
3144 2758 3354 2830 captus
3378 2771 3585 2816 amore

2037 2838 2301 2923 Angelae
2319 2841 2395 2903 de
2413 2840 2579 2902 Nave
2590 2838 2755 2902 filiae
2770 2841 2945 2903 Silvii
2971 2842 3195 2923 pariter
3214 2844 3577 2922 Caesenatis,

2037 2933 2417 2997 etBarbarae
2439 2933 2764 2997 Bricciolae
2786 2934 3213 3000 Foroliviensis
3234 2957 3395 3002 anno
3419 2960 3588 3021 prae-

2033 3027 2219 3090 terito
2254 3034 2522 3108 tempore
2564 3028 3030 3091 Bacchanalium
3062 3050 3139 3092 ex
3178 3031 3506 3112 improviso
3546 3054 3584 3098 a

2036 3119 2232 3186 Domo
2254 3121 2544 3196 Paterna,
2575 3128 2637 3185 et
2657 3122 3140 3206 Patria-aufugit,
3174 3145 3282 3189 nec
3310 3146 3585 3210 unquam

2037 3214 2176 3278 sciri
2214 3214 2409 3296 potuit
2429 3262 2449 3288 ,
2477 3214 2584 3278 ubi
2607 3225 2946 3280 moraretur
2969 3262 2989 3292 ,
3026 3218 3141 3280 uisi
3164 3219 3479 3302 postquam
3511 3242 3590 3284 ex

2038 3310 2167 3391 ejus
2193 3308 2411 3373 litteris
2437 3309 2675 3390 scriptis
2699 3311 2776 3373 ad
2804 3311 3203 3392 Burghesium
3244 3316 3586 3398 Romagno-

2008 3424 2009 3427 ¹
2041 3402 2168 3464 lum
2201 3422 2379 3464 suum
2423 3402 2715 3466 Patruum
2738 3450 2756 3475 ,
2801 3404 3242 3484 deprehensum
3268 3416 3399 3482 est,
3438 3428 3589 3472 eum

2039 3514 2166 3559 esse
2191 3496 2257 3558 in
2295 3498 2488 3559 Domo
2521 3495 2733 3568 Rurali
2775 3498 3090 3561 Territorii
3142 3500 3479 3578 Montiani3
3528 3512 3591 3567 et

2040 3610 2176 3653 cum
2208 3590 2274 3652 in
2297 3590 2509 3653 iisdem
2551 3590 2768 3654 litteris
2810 3593 3103 3656 Patruum
3137 3607 3478 3670 exorasset,
3520 3607 3591 3662 ut

2041 3684 2346 3747 accederet
2364 3684 2439 3745 ad
2468 3704 2532 3747 se
2557 3684 2977 3761 liberandum,
3002 3706 3079 3749 ex
3106 3706 3232 3769 quo
3260 3709 3380 3751 non
3409 3691 3591 3753 habe-

2042 3779 2148 3841 bat
2167 3779 2564 3842 intentionem
2591 3779 2886 3862 Angelam
2907 3781 3213 3844 ducendi
3194 3803 3258 3845 ιιι
3293 3804 3586 3862 uxorem,

2041 3871 2129 3934 uti
2179 3872 2372 3937 dictae
2393 3860 2664 3955 'Angelae
2703 3875 3133 3956 consanguinei
3177 3879 3586 3958 exoptabant,

2040 3967 2300 4030 Patruus
2325 3968 2401 4029 ad
2435 3967 2633 4030 locum
2655 3967 2940 4044 accessit,
2971 3979 3032 4032 et
3059 3981 3336 4052 nepotem
3365 3972 3591 4036 libera-

2012 4066 2015 4069 '
2042 4061 2170 4134 vit,
2201 4070 2264 4127 et
2292 4081 2434 4125 eum
2462 4081 2686 4125 secum
2681 4063 2870 4186 duxit
2914 4065 2992 4126 ad
3033 4062 3350 4177 Civitatem
3380 4054 3590 4132 Caese-

2040 4163 2245 4218 naten.
3223 4200 3226 4203 ‡
3503 4202 3508 4209 -

2157 4249 2297 4311 Post
2309 4247 2543 4331 lapsum
2564 4246 2997 4311 nonnullorum
3016 4249 3276 4324 dierum,
3292 4253 3596 4318 Antonius

2037 4342 2258 4405 iterum
2280 4343 2537 4426 aufugit,
2567 4352 2628 4406 et
2655 4343 2825 4424 petiit
2841 4344 3155 4408 Civitatem
3177 4348 3544 4411 Forolivien.
3566 4396 3587 4426 ‚

2038 4454 2222 4517 quam
2251 4436 2479 4518 Augela
2510 4437 2695 4500 etiam
2709 4437 2890 4518 petiit
2915 4482 2935 4513 ,
2971 4449 3031 4501 et
3064 4441 3289 4502 Antoni
3300 4461 3368 4502 us
3391 4462 3454 4504 se
3491 4463 3592 4505 re·

2038 4531 2195 4613 cepit
2216 4531 2280 4594 in
2306 4532 2681 4596 Conventum
2715 4534 2961 4594 Patrum
2989 4532 3456 4597 carmelitarum
3481 4537 3592 4598 Di·

2037 4624 2489 4700 scaleeatorum,
2513 4636 2574 4687 et
2592 4625 2822 4707 Angela
2843 4626 2905 4686 in
2929 4628 3189 4687 Domum
3206 4628 3438 4692 Mariae
3457 4630 3598 4691 Vir-

2038 4720 2252 4804 gineae
2297 4719 2692 4782 Rondaninae
2736 4718 2824 4781 de'
2855 4719 3166 4783 Bricciolis
3209 4740 3356 4784 suae
3403 4724 3593 4786 Aviae

2041 4814 2351 4878 Maternae
2371 4859 2390 4885 ,
2434 4819 2496 4875 et
2538 4812 2799 4875 Tutricis
2822 4857 2841 4887 ,
2890 4813 2975 4875 uti
3032 4813 3254 4877 dicitur
3275 4862 3294 4891 ,
3346 4825 3592 4899 propter

2047 4906 2363 4971 transitum
2393 4907 2604 4970 Matris
2629 4907 2706 4971 ad
2731 4908 2990 4970 secunda
3014 4919 3155 4972 vota
3175 4951 3194 4971 .
3305 4956 3308 4963 .

2161 5001 2302 5065 Post
2315 5000 2464 5065 haec
2481 5000 2733 5083 Angela,
2763 5009 2823 5064 et
2843 5002 3142 5065 Antonius
3161 5022 3268 5084 per
3299 5003 3590 5086 apocham

2020 5052 2023 5053 γ
2043 5094 2442 5176 subscriptam
2465 5112 2669 5156 coram
2690 5095 2964 5175 quinque
2988 5097 3265 5158 Testibus
3281 5099 3588 5179 sponsalia

2042 5192 2512 5262 contraxerunt,
2547 5195 2605 5249 et
2653 5187 2715 5248 in
2749 5186 2910 5250 dicta
2945 5189 3428 5273 apochaAngela
3467 5214 3591 5256 me-

2042 5281 2145 5344 dio
2170 5285 2519 5363 juramento
2558 5281 2929 5355 declaravit,
2972 5303 3036 5344 se
3079 5284 3311 5347 venisse
3354 5287 3592 5350 Foroli-

2045 5375 2211 5439 vium
2237 5421 2255 5450 ,
2285 5386 2354 5438 ut
2380 5376 2466 5437 ibi
2494 5374 2865 5437 domicilium
2892 5376 3174 5457 eligeret,
3206 5385 3594 5459 protestando

1746 5496 1747 5505 κ
1872 5486 1887 5503 ·
1922 5490 1933 5519 1
2044 5489 2110 5532 se
2136 5469 2293 5534 velle
2318 5469 2384 5532 in
2413 5468 2688 5532 futurum
2714 5468 2921 5532 vivere
2941 5470 3057 5531 sub
3094 5471 3279 5533 tutela
3307 5520 3324 5543 ,
3355 5484 3412 5536 et
3446 5495 3592 5541 eura
