4393 6299
980 519 1087 574 “2

784 675 929 738 dum
957 675 1033 735 de
1056 669 1435 753 professionis
1470 668 1746 733 nullitate
1771 691 1789 743 ς
1844 668 1936 734 uti
1980 667 2206 731 relictis
2231 688 2334 752 ge-

782 769 1098 833 neralibus
1120 767 1183 828 in
1205 764 1400 846 specie
1419 763 1925 826 Constitutionum
1953 763 2200 827 Ordinis
2221 763 2330 826 Ca-

781 863 1173 944 puccinorum
1236 860 1452 939 probat
1510 859 1679 920 Pater
1727 858 2224 920 Bartholomaeus
2257 859 2333 920 de

781 955 1056 1018 Vecchiis
1080 956 1139 1012 in
1164 952 1321 1013 libro
1348 954 1441 1011 cui
1476 952 1709 1021 titulus,
1741 950 1963 1013 Praxis
1989 952 2331 1012 observanda

780 1053 846 1111 in
863 1049 1220 1111 admittendis
1243 1047 1318 1107 ad
1339 1047 1629 1122 reliqionis
1641 1055 1851 1107 statum
1876 1045 2148 1119 Novitiis‚
2177 1047 2324 1126 disp.

785 1149 881 1206 13.
929 1146 1060 1204 dub.
1097 1147 1192 1203 15.
1224 1162 1382 1202 num.
1422 1145 1480 1202 4.
1520 1149 1570 1201 st
1598 1142 1755 1222 plur.
1789 1160 1938 1220 seqq.
1965 1151 2016 1202 ot
2041 1143 2332 1222 siqnantsr

780 1257 939 1299 num.
972 1242 1032 1298 8.

938 1329 1195 1392 Auditus
1221 1327 1339 1398 fnit
1383 1345 1564 1407 super
1612 1326 1729 1389 hac
1755 1327 2043 1393 instantia
2102 1329 2168 1389 P.
2226 1329 2323 1390 Jo.

780 1425 1078 1488 Francisci
1112 1424 1187 1485 de
1217 1422 1479 1484 Messina
1507 1421 1573 1482 P.
1609 1420 1783 1483 Prior
1808 1420 2119 1484 Generalis
2146 1421 2331 1483 Ordi-

779 1519 876 1581 nis
895 1564 912 1593 ,
937 1518 1042 1599 qui
1071 1517 1240 1579 nullo
1261 1515 1419 1578 facto
1435 1514 1622 1576 verbo
1642 1534 1823 1595 super
1842 1514 2159 1577 existentia
2179 1534 2336 1576 mor-

781 1613 847 1677 bi
873 1611 1188 1695 Epileptici
1210 1659 1225 1682 ,
1252 1609 1349 1672 vel
1394 1617 1657 1689 tempore
1686 1608 2015 1688 praesenti,
2052 1608 2149 1670 vel
2193 1616 2335 1671 ante

780 1708 1057 1771 emissam
1083 1703 1545 1785 professionem,
1577 1702 1813 1773 subdit,
1865 1702 2228 1776 nullitatem,
2258 1703 2333 1765 de

782 1820 905 1883 qua
953 1800 1017 1862 in
1044 1797 1456 1878 superioribus
1485 1815 1681 1858 sermo
1708 1795 1952 1858 habitus
1991 1806 2119 1870 est,
2151 1797 2335 1860 indu-

783 1903 942 1957 ctam
968 1912 1093 1954 esse
1122 1890 1329 1954 favore
1362 1888 1691 1969 Religionis
1717 1933 1735 1961 ,
1771 1898 1826 1950 et
1859 1908 1978 1950 non
2011 1889 2291 1972 Religiosi
2314 1936 2332 1965 ,

782 1998 844 2052 et
860 1989 945 2051 sic
972 1985 1282 2067 Religione
1321 1982 1667 2045 nullatenus
1692 1982 1986 2045 validitati
2016 1983 2335 2063 professio-

783 2083 880 2145 nis
900 2077 1343 2144 contradicente
1365 2122 1384 2152 ,
1406 2095 1529 2140 non
1554 2095 1723 2157 posse
1764 2076 2102 2139 nullitatem
2131 2096 2168 2139 a
2188 2077 2337 2139 Pro·

783 2175 937 2237 fesso
964 2170 1248 2254 allegari.

899 2266 1055 2330 Addi
1082 2269 1294 2346 posset,
1316 2280 1435 2324 non
1450 2259 1869 2324 irrationabile
1887 2260 2040 2324 forte
2059 2260 2335 2325 futurum

781 2379 907 2425 esse
930 2364 1245 2429 assertum,
1263 2355 1313 2418 si
1347 2354 1486 2436 quis
1505 2354 1750 2428 diceret,
1777 2353 2037 2417 validam
2063 2354 2245 2417 fuisse
2267 2353 2334 2417 in

781 2454 956 2517 dictis
981 2451 1256 2515 terminis
1284 2447 1749 2530 professionem3
1785 2449 1847 2510 in
1877 2447 2334 2511 Constitutioni-

780 2546 899 2610 bus
937 2544 1163 2608 etenim
1203 2542 1451 2605 Ordinis
1484 2560 1604 2603 non
1636 2541 1803 2603 adest
1852 2541 2153 2604 decretum
2189 2542 2334 2604 irri-

785 2649 919 2702 tans
940 2684 956 2711 ,
991 2646 1050 2701 et
1077 2635 1334 2716 simplex
1363 2634 1750 2696 interdictum
1770 2634 1900 2697 sine
1929 2635 2164 2697 decreto
2193 2635 2335 2696 irri-

784 2741 950 2797 tante
971 2750 1091 2792 non
1113 2728 1291 2791 efficit
1324 2727 1556 2789 nullam
1587 2726 2034 2808 professionem.
2067 2727 2333 2807 Faynan.

783 2829 850 2887 in
867 2845 993 2905 cap.
1034 2824 1135 2903 qui
1160 2822 1559 2901 Presbyterum
1594 2840 1751 2880 num.
1779 2827 1847 2887 8.
1866 2832 1916 2882 st
1942 2842 2089 2901 seqq.
2118 2823 2183 2884 do
2207 2842 2336 2903 poe·

783 2921 986 2981 nitent.
1012 2929 1063 2979 ct
1093 2917 1307 2977 remiss.
1347 2914 1588 2974 Portsll.
1615 2916 1679 2974 in
1697 2916 1881 2976 dubiis
1903 2918 2254 2994 reqularium
2273 2918 2339 2977 in

782 3013 943 3074 verbo
968 3010 1235 3092 professio
1274 3008 1443 3068 nulla
1477 3025 1550 3067 cx
1576 3007 1789 3083 defectu
1814 3011 2016 3070 aetatis
2036 3029 2193 3070 num.
2236 3013 2333 3071 54.

781 3105 1035 3167 Bordon.
1089 3104 1154 3164 in
1187 3110 1434 3164 controv.
1468 3103 1778 3162 moralibus
1829 3113 2072 3165 controv.
2127 3109 2226 3167 21.
2270 3105 2335 3165 dc

785 3210 966 3263 astate
992 3197 1383 3278 professionis,-
1407 3205 1620 3275 quaest.
1654 3201 1712 3256 9.
1742 3195 1817 3257 R.
1845 3195 1919 3256 P.
1950 3194 2029 3259 D.
2060 3196 2233 3262 Petra
2263 3202 2340 3262 ad

793 3292 1036 3356 Constit.
1078 3292 1331 3372 Apostol.
1364 3301 1496 3350 tom.
1529 3294 1589 3350 2.
1615 3309 1746 3370 paq.
1787 3295 1924 3351 525.
1955 3312 2114 3352 num.
2146 3298 2246 3354 23.
2283 3305 2335 3356 et

784 3407 931 3467 seqq.
970 3394 1029 3448 et
1056 3384 1309 3449 facultas
1328 3432 1343 3455 ‚
1368 3403 1551 3464 quam
1575 3383 1754 3446 babet
1774 3385 2007 3467 Religio
2028 3387 2336 3468 expellen-

797 3482 860 3544 di
890 3480 1088 3543 taliter
1122 3478 1454 3559 professum
1476 3523 1493 3551 ,
1525 3479 1924 3558 compatibilis
1948 3489 2037 3542 est
2062 3501 2198 3543 cum
2231 3502 2335 3544 va-

788 3574 956 3636 lidita
968 3584 1022 3635 te
1048 3571 1428 3653 professionis
1445 3616 1463 3645 ,
1508 3590 1643 3633 cum
1665 3573 1939 3652 superior
1960 3575 2143 3655 possit
2163 3576 2338 3657 judi-

791 3667 1026 3730 cialiter
1070 3665 1390 3748 procedere
1441 3673 1649 3728 contra
1681 3665 2018 3729 Professum
2042 3714 2059 3744 ,
2098 3677 2167 3732 ut
2198 3689 2335 3732 eum

791 3762 1035 3840 castiget
1062 3767 1303 3841 propter
1328 3767 1663 3842 peccatum,
1706 3762 1869 3840 quod
1897 3763 2194 3827 commisit
2217 3784 2339 3826 non

792 3854 1116 3937 aperiendo
1134 3853 1452 3926 defectum,
1472 3872 1652 3934 quem
1680 3856 1993 3918 tenebatur
2020 3856 2084 3918 in
2109 3857 2340 3939 ingres-

796 3969 868 4011 su
896 3947 1199 4021 confiteri,
1228 3956 1287 4009 et
1337 3947 1400 4009 in
1427 3967 1680 4028 poenam
1716 3949 1938 4029 peccati
1968 3970 2108 4012 eum
2136 3953 2341 4032 expel-

790 4041 916 4104 lere
936 4062 972 4102 ιι
1000 4040 1341 4122 Religione,
1363 4050 1421 4101 et
1446 4040 1588 4101 habi
1598 4051 1661 4102 tu
1684 4042 1945 4121 privare,
1969 4052 2038 4105 ut
2065 4045 2129 4105 in
2154 4045 2339 4108 simili

789 4142 1249 4217 argumentatur
1267 4134 1492 4197 Novar.
1533 4133 1701 4197 Cons.
1737 4139 1834 4197 48.
1863 4157 2018 4197 num.
2055 4143 2112 4199 3.
2151 4141 2249 4201 tib.
2279 4145 2337 4201 3.

792 4229 859 4290 do
883 4228 1086 4304 Requl.

909 4319 1090 4381 Nulla
1113 4318 1227 4380 fuit
1259 4318 1321 4380 in
1341 4319 1456 4381 hac
1481 4318 1663 4382 Sacra
1682 4320 2155 4402 congregatione
2172 4335 2343 4404 capta

796 4412 1117 4486 resolutio,
1161 4413 1263 4475 sed
1293 4414 1518 4474 dictum
1551 4415 1641 4475 dic
1689 4420 1746 4476 2.
1785 4416 1942 4478 Iulii
1969 4422 2140 4480 1723.
2181 4420 2346 4501 quod

794 4507 984 4570 Causa
1014 4508 1234 4568 iterum
1266 4517 1719 4587 proponeretur.
2156 4531 2161 4534 ²

915 4602 1282 4664 Auctoritate
1319 4602 1703 4665 Eminentiss.
1751 4605 1824 4666 D.
1861 4605 1976 4666 mei
2008 4605 2345 4670 Cardinalis

796 4695 1112 4758 Barberini
1138 4695 1497 4757 Protectoris
1539 4695 1786 4759 Ordinis
1825 4698 2300 4777 Capuccinorum
2323 4748 2342 4776 ,

795 4806 932 4849 cum
954 4788 1029 4850 de
1053 4787 1335 4850 facultate
1366 4788 1693 4870 Religionis
1715 4790 1990 4870 ejiciendi
2025 4812 2163 4853 eum
2186 4838 2205 4867 ,
2234 4795 2343 4873 qui

799 4881 1233 4944 Professionem
1265 4883 1493 4955 emisit,
1516 4883 1662 4944 dum
1688 4884 1897 4946 morbo
1915 4886 2231 4967 epileptico
2251 4888 2344 4952 la-

801 4977 1087 5050 borabat,
1124 4976 1292 5038 nulla
1320 4996 1445 5037 esse
1466 4986 1658 5057 posset
1687 4981 2091 5042 controversia
2115 5028 2132 5051 ,
2155 5001 2249 5042 res
2274 5000 2347 5043 eo

801 5071 1082 5144 devenit,
1108 5079 1176 5130 ut
1202 5069 1553 5150 Superiores
1585 5090 1761 5131 suum
1791 5072 2050 5154 benigne
2072 5073 2348 5137 dederint

800 5182 1103 5227 assensum
1129 5163 1430 5244 praedicto
1446 5164 1664 5226 Joanni
1685 5165 2022 5240 Francisco,
2047 5178 2114 5229 ut
2130 5167 2206 5229 ad
2224 5187 2348 5231 sae-

800 5257 1003 5320 culum
1046 5257 1244 5317 redire
1274 5263 1500 5336 posset,
1529 5268 1588 5319 et
1622 5258 1682 5317 in
1713 5277 1922 5320 eorum
1950 5262 2200 5322 Decreto
2239 5281 2347 5323 ex·

803 5369 1001 5429 pressa
1031 5348 1144 5411 fuit
1168 5368 1346 5411 rausa
1376 5350 1570 5410 morbi
1599 5350 1923 5432 epileptici,
1950 5372 2026 5414 ne
2050 5354 2345 5428 videatur,

2031 514 2477 586 QuAEsnosns
2514 508 2872 571 cmomcAE

2439 666 2896 749 incorrigibilis,
2919 673 2980 729 et
3005 673 3168 750 gesta
3188 684 3224 729 a
3252 664 3532 730 Patribus
3557 658 3985 746 Superioribus

2441 762 2688 826 fuerunt
2699 763 2776 825 ab
2793 763 2908 824 hac
2920 760 3582 842 SacraCongregatione
3597 759 3974 823 confirmata.

2557 856 2900 919 Terminata
2928 856 3106 918 modo
3153 855 3456 934 praedicto
3497 854 3602 918 lite
3630 854 3791 916 inter
3820 853 3986 916 Reli-

2438 951 2675 1032 gionem
2694 996 2710 1024 ,
2744 958 2805 1013 et
2828 958 3224 1011 memoratum
3244 951 3536 1011 loannem
3570 946 3980 1017 Franciscum,

2440 1044 2561 1106 alia
2616 1043 2944 1107 consimilis
2991 1042 3324 1104 insurrexit
3374 1039 3777 1104 controversia
3825 1039 3985 1100 inter

2438 1139 2688 1200 eandem
2715 1137 3112 1219 Religionem,
3136 1144 3196 1199 et
3219 1136 3456 1198 Patrem
3480 1134 3701 1214 loseph
3719 1132 3984 1195 Mariam

2439 1233 2515 1294 de
2544 1233 2817 1295 Palliano
2846 1232 3301 1294 contendentem
3328 1276 3345 1303 ,
3374 1229 3805 1291 professionem
3831 1247 3865 1289 a
3919 1245 3988 1288 se

2437 1329 2711 1392 emissam
2748 1327 2814 1388 in
2858 1327 3087 1389 Ordine
3116 1325 3589 1406 Capuccinorum
3617 1342 3768 1385 anno
3800 1324 3986 1384 17¹4.

2439 1443 2566 1487 esse
2595 1421 2825 1484 nullam
2852 1441 2928 1484 ex
2955 1420 3163 1482 eodem
3190 1418 3383 1500 capite
3418 1417 3611 1479 morbi
3640 1416 3933 1499 epileptici
3959 1463 3981 1491 ,

2440 1536 2562 1598 quo
2582 1515 2879 1580 laboravit
2895 1533 3087 1595 usque
3102 1513 3183 1575 ab
3211 1511 3489 1584 infantia,
3512 1509 3814 1573 laboravit
3838 1519 3985 1573 tem-

2440 1629 2586 1691 pore
2607 1609 2886 1690 proximo
2911 1606 3266 1688 susceptioni
3291 1606 3535 1668 babitus
3553 1605 3838 1685 Religiosi
3852 1652 3870 1676 ,
3894 1604 3987 1668 la-

2442 1704 2681 1767 boravit
2706 1701 2890 1784 paulo
2919 1710 3051 1784 post
3093 1701 3367 1764 emissam
3404 1698 3838 1761 Profeoeionem
3864 1745 3883 1773 ,
3924 1706 3989 1763 et

2442 1804 2580 1859 actu
2611 1797 2794 1860 etiam
2823 1795 3091 1869 laborat,
3141 1793 3231 1855 uti
3280 1792 3587 1873 colligitur
3612 1810 3689 1854 ex
3716 1791 3987 1873 plurium

2443 1892 2705 1954 Testium
2722 1936 2739 1963 ,
2761 1889 2899 1952 licet
2921 1886 3197 1951 formiter
3218 1906 3341 1949 non
3361 1885 3869 1957 examinatorum,
3895 1892 3990 1949 at-

2443 1986 2788 2058 testatione,
2818 1984 2973 2046 itaut
2990 1983 3226 2045 dicatur
3250 2027 3268 2057 ,
3293 2000 3412 2043 non
3434 1999 3561 2043 esse
3586 1977 3994 2045 dubitandum

2442 2080 2518 2141 de
2546 2079 2739 2140 morbi
2768 2077 3083 2140 existentia
3114 2083 3383 2157 tempore
3405 2073 3831 2148 Professionis,
3850 2096 3993 2139 cum

2444 2172 2507 2234 in
2533 2171 2759 2234 morbis
2784 2170 3221 2244 habitualibus,
3244 2168 3515 2251 probatis
3534 2167 3843 2244 extremis,
3867 2188 3994 2233 me-

2443 2265 2543 2328 dia
2579 2273 3058 2345 praesumantur.

2562 2360 2899 2437 Antequam
2933 2356 3271 2438 quidquam
3290 2354 3355 2416 in
3371 2373 3553 2418 causa
3576 2362 3988 2437 perageretur,

2445 2459 2647 2514 actum
2673 2450 2796 2513 fuit·
2841 2470 2978 2512 cum
3024 2451 3092 2512 P.
3146 2451 3539 2515 procuratore
3577 2445 3855 2511 Generali
3872 2496 3892 2521 ,
3925 2457 3996 2513 ut

2443 2545 2751 2608 videretur
2765 2589 2782 2619 ,
2807 2563 2886 2606 an
2910 2542 3260 2624 Superiores
3281 2542 3529 2606 Ordinis
3550 2562 3613 2604 se
3630 2561 3840 2623 gerere
3866 2541 3995 2605 vel-

2445 2639 2571 2701 lent
2592 2658 2733 2720 erga
2754 2639 2994 2700 Patrem
3011 2636 3336 2717 Josepbum
3356 2681 3373 2709 ,
3404 2635 3579 2698 sicuti
3596 2655 3660 2697 se
3678 2641 3995 2717 gesserunt

2444 2751 2583 2814 erga
2614 2733 2681 2794 P.
2708 2733 3001 2794 loannem
3048 2730 3472 2793 Franciscum‘t
3511 2731 3589 2791 At
3633 2729 3841 2792 eodem
3865 2748 3997 2791 ,ex-

2446 2846 2644 2907 presse
2665 2825 3051 2888 dissentiente
3077 2872 3093 2896 ‚
3113 2827 3290 2906 juxta
3312 2843 3541 2887 morem
3575 2824 3808 2887 dictum
3844 2822 3989 2892 fuit,

2445 2931 2509 2981 ut
2567 2918 2841 2982 formiter
2872 2919 3185 2983 audiretur
3202 2964 3221 2993 ,
3274 2928 3335 2981 et
3394 2937 3566 2981 suam
3609 2925 3887 2981 exararet
3927 2917 3997 2980 in

2443 3014 2678 3093 scriptis
2709 3013 3218 3075 informationem.

2571 3106 2777 3169 Paruit
2812 3107 3169 3168 Procurator
3196 3104 3506 3169 Generalis
3535 3102 3833 3167 mandatis
3853 3148 3872 3178 ,
3896 3121 3997 3167 re-

2448 3202 2763 3282 citatisque
2790 3201 2992 3264 verbis
3043 3219 3289 3263 suarum
3318 3199 3826 3262 Constitutionum
3861 3199 3993 3279 iam

2446 3316 2625 3376 supra
2653 3295 2894 3370 relatis3
2920 3295 3120 3376 inquit
3148 3314 3224 3356 ex
3247 3294 3368 3356 illis
3393 3292 3627 3367 inferri,
3650 3299 3987 3372 competere

2448 3390 3109 3473 Religioni-facultatem
3129 3387 3403 3471 ejiciendi
3434 3387 3632 3451 taliter
3655 3385 3977 3457 Professus,

2447 3485 2547 3548 sed
2568 3485 2803 3548 volente
2824 3485 3134 3566 Religione
3159 3481 3588 3545 Professionem
3607 3481 3687 3543 ab
3704 3480 3791 3542 eis
3813 3479 3990 3542 emis·

2447 3598 2573 3642 sam
2600 3597 2726 3640 esse
2750 3576 3048 3649 validam,
3077 3583 3137 3637 et
3168 3575 3358 3637 multo
3384 3574 3594 3654 magis,
3614 3593 3752 3636 cum
3779 3574 3844 3634 in
3874 3570 3992 3634 Ca·-

2449 3673 2641 3754 pitulo
2662 3671 2940 3734 Generali
2976 3670 3185 3732 habito
3227 3689 3378 3731 anno
3413 3672 3587 3729 1633.
3620 3665 3996 3748 propositum

2450 3765 2632 3829 fuerit
2663 3785 2918 3846 sequens
2939 3764 3215 3836 dubium,
3247 3774 3440 3823 utrum
3465 3763 3725 3843 profitens
3748 3779 3875 3826 cum
3899 3769 3996 3822 to-

2451 3864 2779 3922 citurnitatc
2803 3860 2983 3920 morbi
3003 3856 3375 3937 Neapolitani
3395 3903 3411 3927 ‚
3433 3864 3536 3917 aut
3569 3856 3808 3916 alter-ius
3828 3855 3997 3914 incn-

2452 3957 2651 4017 rabitis
2672 3965 2872 4015 contra
2902 3950 3142 4017 Statum
3166 3948 3407 4012 Ordinis
3435 3952 3509 4011 sit
3534 3969 3655 4010 cers
3682 3947 3998 4026 Professus,

2450 4056 2510 4110 et
2532 4047 2716 4110 fuerit
2741 4064 3091 4126 responsum
3114 4064 3221 4107 esso
3254 4063 3447 4105 verum
3476 4041 3828 4121 Professum,
3856 4040 4001 4120 quia

2448 4154 2641 4202 nostra
2670 4140 3013 4203 constitutio
3035 4158 3148 4199 non
3170 4140 3370 4198 irritat
3399 4136 3833 4214 Professionsm.

2567 4234 2685 4295 Pro
2714 4234 2890 4294 Patre
2935 4231 3192 4310 Josepbo
3217 4230 3516 4311 scriptura
3563 4226 3886 4290 exhibetur
3914 4227 3990 4290 R.

2451 4328 2519 4388 P.
2550 4329 2625 4389 D.
2664 4326 2778 4388 mei
2823 4326 2898 4387 de
2925 4323 3303 4387 Lanfredinis
3346 4322 3663 4402 utriusque
3708 4319 3995 4401 Signatu-

2452 4439 2554 4480 rae
2601 4417 3014 4480 Referendarii
3040 4465 3057 4488 ,
3093 4426 3154 4478 et
3194 4416 3537 4496 Pauperum
3589 4413 3653 4475 in
3699 4411 4001 4475 Civilibus

2339 4551 2344 4557 <
2451 4512 2810 4586 doctissimi,
2840 4520 2899 4575 et
2924 4509 3364 4592 diligentissimi
3404 4505 3732 4581 Advocati,
3780 4505 3842 4566 in
3873 4523 4000 4586 qua

2450 4619 2692 4668 strenue
2719 4606 2975 4686 probare
2994 4603 3338 4676 contendit,
3370 4601 3731 4684 Religiosam
3768 4599 3998 4680 profes-

2450 4699 2681 4761 sionem
2711 4697 3020 4761 involvere
3044 4704 3417 4759 contractum
3446 4692 3947 4774 correspectivum
3972 4737 3994 4763 ,

2451 4803 2510 4856 et
2539 4794 2698 4856 ultro
2726 4792 2997 4872 citroque
3018 4789 3468 4872 obligatorium,
3503 4788 3657 4850 itaut
3683 4784 4000 4848 deficiente

2451 4906 2740 4951 consensu
2769 4906 2845 4948 ex
2876 4895 3041 4965 parte
3068 4883 3398 4965 Religionis
3420 4931 3438 4954 ,
3470 4881 3755 4963 professio
3781 4880 4003 4943 debeat

2453 5001 2577 5043 esse
2603 4980 2767 5041 nulla
2785 5026 2800 5052 ,
2826 4986 2886 5041 et
2914 4978 3086 5040 irrita
3115 4978 3298 5039 etiam
3321 4996 3398 5038 ex
3419 4983 3590 5055 parte
3616 4972 3892 5050 Professi.

2572 5073 2911 5155 Alligantur
2948 5072 3008 5133 in
3044 5072 3251 5134 eadem
3303 5069 3599 5149 scriptura
3637 5065 3989 5148 punctuales

2451 5168 2835 5231 auctoritates
2856 5166 3073 5247 Capon.
3097 5167 3447 5246 discepts53.
3471 5182 3630 5224 num.
3653 5165 3749 5223 33.
3770 5171 3821 5221 et
3842 5180 3993 5240 seqq.

2453 5263 2650 5325 Patris
2674 5261 3094 5323 Bartholomaei
3120 5263 3184 5320 ds
3227 5259 3470 5319 Vccchiis
3500 5254 3810 5336 Capuccini
3831 5256 3896 5314 in
3923 5256 4003 5314 li-

2454 5359 2552 5418 bro
2566 5402 2582 5429 ,
2604 5359 2700 5417 cui
2723 5357 2924 5416 titulus
2949 5353 3165 5417 Praaeis
3185 5350 3524 5413 observanda
3550 5351 3614 5409 in
3632 5347 4000 5410 admittendis

802 5445 965 5525 quod
988 5443 1094 5505 ille
1120 5444 1340 5523 ejectus
1373 5442 1581 5506 fuisset
1621 5462 1658 5508 a
1706 5444 2017 5528 Religione
2058 5456 2346 5529 tanquam
2397 5485 2408 5547 '-
2451 5451 2526 5516 ad
2546 5450 2855 5530 Reliqionis
2872 5459 3081 5512 statum
3102 5447 3352 5512 Novitiis
3370 5444 3581 5526 disput.
3612 5446 3709 5506 13.
3731 5443 3867 5504 dub.
3895 5447 3995 5505 15.
