4393 6299
1599 496 2057 570 Quies-rto
2115 487 2386 555 ccxxm:

361 670 511 715 uum
537 671 664 714 sess.
698 655 798 713 23.
826 665 952 731 cap.
990 653 1048 710 9.
1098 647 1352 723 statuit,
1396 653 1560 734 quod
1588 653 1916 735 Episcopus

361 745 725 810 familiarem
755 764 934 807 suum
963 763 1087 805 nou
1113 746 1427 809 subditum
1465 748 1750 811 ordinare
1790 768 1910 810 non

362 842 548 923 possit
569 886 587 912 ,
639 840 754 902 nisi
792 859 901 920 per
929 841 1259 904 triennium
1288 863 1486 905 secum
1541 842 1726 905 fuerit
1752 863 1913 906 com-

362 943 667 1009 moratus,
696 943 754 996 et
779 934 1146 996 Beneficium
1175 938 1377 998 statim
1407 956 1474 998 re
1506 937 1629 1016 ipsa
1665 936 1755 999 illi
1780 957 1916 999 con-

362 1027 551 1104 serat;
575 1048 839 1109 cumque
864 1028 1167 1110 disputato
1195 1030 1256 1090 in
1293 1031 1406 1093 hac
1438 1031 1619 1093 Sacra
1649 1031 1912 1111 Congre-

360 1122 603 1204 gatione
624 1121 905 1196 articulo,
927 1142 1006 1186 au
1032 1143 1143 1203 pro
1169 1124 1553 1187 ordinatione
1574 1123 1917 1187 Familiaris

360 1216 677 1291 sufficeret,
709 1216 760 1278 si
795 1217 1125 1297 Episcopus
1153 1217 1242 1279 illi
1267 1217 1785 1292 nonBeneficium,
1812 1220 1916 1281 sed

363 1312 720 1382 Pensionem
745 1313 1047 1375 conferret
1075 1361 1092 1383 ,
1121 1322 1181 1375 et
1201 1313 1566 1377 affirmative
1597 1313 1785 1376 fuerit
1823 1334 1917 1376 re-

359 1425 668 1486 sponsum,
703 1406 788 1468 uti
815 1406 1075 1469 habetur
1100 1408 1261 1489 apud
1294 1408 1552 1487 Faqnan.
1586 1410 1649 1469 s'n
1679 1428 1806 1489 cap.
1842 1409 1919 1470 ad

357 1498 734 1561 Audientt'am
768 1501 818 1560 it
835 1501 1065 1562 secondo
1084 1521 1246 1563 num.
1277 1507 1412 1565 137.
1444 1503 1510 1564 de
1531 1503 1873 1583 Rescriptis.

477 1593 639 1657 Hinc
670 1592 931 1656 infertur
954 1641 972 1669 ,
1010 1596 1173 1675 quod
1211 1596 1386 1659 sicuti
1431 1595 1495 1657 in
1536 1597 1922 1659 ordinatione

362 1686 711 1751 Familiaris
732 1733 751 1762 ,
785 1687 848 1750 in
881 1708 1002 1768 qua
1032 1689 1369 1752 Concilium
1399 1691 1664 1771 exposcit
1694 1689 1920 1753 Benefi-

358 1781 520 1843 cium
544 1826 565 1856 ,
613 1782 829 1845 Pensio
855 1790 945 1845 est
972 1782 1185 1845 titulus
1214 1804 1325 1865 pro
1364 1783 1751 1847 ordinatione
1791 1783 1918 1846 suf-

364 1873 598 1949 ficiens,
622 1876 738 1939 boc
753 1877 949 1958 ipsum
964 1876 1285 1940 dicendum
1307 1880 1386 1941 sit
1412 1876 1925 1962 terminisssBullae

362 1969 780 2050 Speculatores,
801 1970 1119 2051 quaelicet
1140 1973 1214 2034 ad
1236 1972 1513 2035 effectum
1534 1965 1924 2053 subjectionis

368 2064 562 2140 velit,
590 2064 754 2146 quod
797 2064 1065 2128 Clericus
1091 2066 1313 2130 habeat
1361 2066 1731 2131 Beneficium
1778 2085 1916 2128 cum

362 2156 762 2239 qualitatibus
782 2178 964 2239 supra
990 2159 1319 2234 recensitis,
1346 2161 1698 2223 Pensionem
1722 2171 1920 2222 tamen

369 2271 494 2315 non
523 2260 802 2334 respuat,
839 2252 1040 2334 qualis
1064 2272 1100 2316 a
1139 2256 1496 2318 Doctoribus
1521 2274 1702 2336 supra
1732 2254 1928 2318 citatis

363 2345 587 2408 dicitur
615 2345 754 2419 illa,
776 2365 938 2427 quae
956 2347 1070 2409 sub
1100 2347 1346 2410 nomine
1371 2367 1676 2428 congruae
1703 2347 1926 2428 portio-

361 2440 459 2503 nis
503 2439 846 2523 assignatur
877 2439 1225 2521 Coadjutori
1256 2463 1397 2506 cum
1443 2442 1650 2505 futura
1684 2461 1914 2506 succes-

364 2534 535 2598 sione
565 2553 883 2617 usquequo
910 2534 1347 2604 Canonicatum
1375 2536 1676 2600 obtineat.

484 2630 605 2691 Pro
625 2637 799 2711 parte
823 2648 971 2692 vero
998 2632 1280 2713 negativa
1311 2631 1495 2705 facit,
1526 2632 1689 2713 quod
1715 2631 1777 2691 in
1813 2638 1925 2693 ter·

362 2720 548 2783 minis
564 2722 733 2784 Juris
758 2722 1109 2790 Communis
1132 2771 1149 2796 ,
1175 2725 1352 2805 juxta
1381 2724 1546 2805 quod
1574 2769 1591 2798 ,
1626 2724 1712 2785 uti
1741 2743 1926 2804 supra

363 2814 592 2877 dictum
640 2823 771 2890 est,
822 2817 1102 2897 proprius
1151 2817 1483 2899 Episcopus
1520 2817 1596 2880 ad
1650 2818 1926 2880 effectum

362 2907 765 2972 ordinationis
797 2909 903 2972 ille
930 2920 1019 2973 est
1044 2956 1061 2981 ,
1099 2910 1165 2972 in
1195 2912 1368 2993 cujus
1420 2911 1686 2974 Dioecesi
1739 2912 1921 2975 Ordi-

364 3000 603 3063 nandus
627 3000 866 3064 obtinet
890 3001 1258 3067 Beneficium
1284 3050 1302 3079 ,
1354 3005 1638 3086 proprius
1681 3007 1924 3086 Episco-

362 3113 478 3177 pus
507 3095 584 3159 ad
626 3095 902 3159 eumdem
946 3098 1223 3161 effectum
1267 3119 1387 3162 non
1425 3100 1647 3164 dicitur
1681 3100 1786 3163 ille
1810 3147 1827 3174 ,
1860 3100 1922 3163 in

366 3190 542 3271 cujus
582 3190 851 3254 Dioecesi
894 3191 1285 3255 ordinandus
1316 3193 1500 3256 habet
1524 3195 1878 3257 Pensionem
1904 3241 1922 3268 ,

364 3302 505 3346 cum
534 3283 751 3363 Pensio
782 3284 913 3346 sive
946 3284 1122 3346 detur
1151 3286 1213 3346 in
1238 3286 1603 3367 stipendium
1623 3335 1640 3358 ,
1671 3287 1799 3349 sive
1828 3287 1924 3350 de·

365 3385 465 3441 tur
493 3377 553 3439 in
589 3377 835 3440 titulum
863 3424 880 3452 ,
917 3399 1230 3459 nunquam
1278 3380 1480 3443 veniat
1510 3381 1916 3461 appellatione

365 3471 649 3533 Beneficii
679 3521 695 3542 ,
736 3474 822 3535 uti
858 3475 1067 3553 probat
1098 3473 1312 3535 Tcxtus
1337 3476 1402 3534 in
1436 3497 1562 3554 cap.
1596 3479 1853 3554 quamvis
1876 3477 1925 3536 it

360 3568 550 3648 primo
588 3567 656 3629 de
687 3566 1031 3647 Praebendis
1073 3573 1138 3629 in
1166 3576 1223 3631 6.
1255 3577 1316 3631 et
1361 3569 1678 3633 confirmat
1711 3571 1763 3631 T
1757 3583 1923 3632 extus

364 3663 431 3721 s’n
468 3681 595 3742 cap.
625 3663 704 3723 ad
731 3664 1086 3725 audientiam
1114 3665 1179 3726 de
1216 3665 1523 3743 Rescrt‘ptis
1547 3713 1563 3737 ,
1600 3676 1658 3727 et
1703 3666 1762 3727 in
1803 3675 1920 3728 ter-

369 3754 552 3816 minis
568 3801 586 3829 ,
610 3757 687 3818 de
708 3756 933 3836 quibus
958 3757 1159 3839 agitur
1182 3804 1199 3832 ,
1231 3757 1351 3821 late
1372 3762 1588 3838 probat
1609 3761 1833 3824 Riccius
1859 3764 1922 3822 in

367 3846 570 3911 Praxi
593 3870 787 3910 rerum
819 3850 1036 3913 Eccles.
1065 3872 1197 3934 par.
1235 3858 1290 3914 1.
1322 3856 1389 3915 de
1417 3853 1786 3917 Sacramenta
1815 3855 1921 3917 Or·

372 3942 525 4004 dinis
559 3944 790 4003 resolut.
823 3948 998 4006 273.

482 4028 782 4117 Adeoque
803 4038 852 4098 si
891 4037 1030 4118 quis
1076 4057 1198 4099 non
1226 4038 1487 4102 efficitur
1514 4041 1793 4103 subditus
1826 4062 1925 4105 ra-

375 4128 543 4193 tione
572 4130 928 4192 Pensionis
912 4150 975 4193 m
1021 4132 1298 4194 terminis
1326 4135 1491 4196 Juris
1522 4134 1918 4210 Communis,

371 4225 563 4287 multo
609 4224 811 4286 minus
856 4226 1135 4288 subditus
1183 4246 1294 4308 pro
1341 4228 1727 4292 ordinatione
1773 4230 1926 4292 effici
1965 4246 1970 4253 ·

368 4318 589 4400 poterit
615 4318 677 4380 in
724 4320 996 4381 terminis
1046 4320 1260 4383 Bullae
1291 4320 1684 4403 Speculatores
1707 4369 1724 4397 ,
1772 4343 1931 4404 quae

370 4432 448 4475 ex
474 4413 856 4493 supradictis,
886 4422 975 4476 est
997 4415 1334 4478 restrictiva
1362 4417 1531 4478 Juris
1553 4408 1925 4480 Communis.

488 4507 665 4582 Item,
692 4509 867 4589 juxta
890 4527 1068 4589 saepe
1095 4519 1486 4573 memoratam
1521 4512 1760 4574 Bullam
1790 4512 1934 4593 Spe-

377 4601 654 4663 culatores
678 4620 796 4662 non
821 4610 1015 4682 potest
1037 4604 1361 4686 Episcopus
1380 4605 1616 4668 alienae
1637 4606 1930 4669 Dioecesis

378 4695 689 4758 subditum
724 4695 1084 4758 familiarem
1120 4717 1298 4760 suum
1339 4700 1415 4761 ad
1465 4701 1773 4775 Minores,
1825 4710 1932 4763 aut

375 4785 589 4851 Sacros
606 4787 869 4850 Ordines
892 4810 1271 4870 promovere,
1300 4793 1414 4854 nisi
1447 4794 1609 4856 ultra
1634 4794 1935 4857 triennale

372 4883 687 4946 servitium
709 4882 906 4945 eidem
931 4884 1204 4948 conferat
1232 4887 1599 4949 Beneficium
1630 4888 1932 4950 sufficiens

269 4984 274 4989 ’
374 4995 487 5057 pro
507 4976 668 5039 vitae
688 4978 1141 5041 sustentatione.
1171 4980 1486 5061 Disputato
1507 4991 1707 5043 autem
1736 4983 1796 5043 in
1819 4982 1933 5045 hac

373 5069 554 5135 Sacra
574 5071 1049 5154 Congregatione
1064 5074 1320 5136 articulo
1340 5076 1429 5136 dte
1447 5081 1546 5137 27.
1573 5076 1732 5137 Julii
1753 5083 1928 5138 1697.

371 5163 440 5227 iu
469 5166 730 5246 quadam
759 5166 1125 5229 Tricaricen.
1158 5167 1599 5242 Ordinationis,
1626 5192 1727 5242 an,
1747 5182 1931 5232 stante

374 5260 677 5320 novissima
709 5257 1125 5322 Constitutione
1153 5260 1567 5343 Speculatores,
1588 5274 1765 5343 posset
1791 5264 1933 5344 Epi-

373 5372 568 5432 scopus
597 5352 966 5415 Familiarem
995 5357 1332 5418 triennalem
1359 5359 1436 5416 ad
1461 5356 1695 5418 titulum
1725 5357 1928 5419 Patri·

374 5448 554 5525 monii
577 5466 893 5529 promovere
919 5448 998 5508 ad
1026 5447 1236 5509 Sacros
1265 5446 1510 5511 Ordines
1544 5451 1613 5511 ob
1633 5454 1928 5513 necessita-

772 5569 981 5610 sssso.
1020 5572 1134 5613 xiv.
1175 5572 1310 5613 ross.
1358 5560 1471 5617 xit.

3283 503 3407 556 ²⁹1-

2023 660 2133 712 τουπ
2157 698 2175 726 ,
2205 654 2292 714 vel
2316 656 2626 720 utilitates·
2654 655 2973 730 Ecclesiae,
2993 658 3157 717 mtto
3182 658 3388 718 collato
3413 659 3574 717 eccle·

2021 748 2249 808 siastico
2269 746 2546 829 Beneficio
2567 798 2584 821 ‚
2614 750 2795 813 Sacra
2816 751 2964 814 baec
2987 750 3383 832 Congregatio
3409 771 3573 828 neqo-

2025 841 2132 899 tive
2157 844 2465 921 respondit
2491 891 2506 913 ,
2532 844 2619 906 uti
2655 842 2915 907 habetur
2949 848 3047 906 lib.
3076 851 3174 908 47.
3217 847 3429 906 Decret.
3460 846 3567 920 sol.

2026 936 2163 996 331.
2203 943 2263 996 et
2315 935 2377 997 id
2427 937 2590 1016 quod
2645 938 2707 999 in
2754 957 2896 1001 casu
2929 938 3282 1000 Patrimonii
3324 936 3440 1000 fuit
3484 932 3571 999 ihi

2025 1026 2354 1090 resolutum
2396 1049 2433 1092 a
2480 1032 2660 1094 Sacra
2689 1033 3185 1115 Congregatione,
3227 1031 3574 1095 extenditur

2024 1121 2209 1182 etiam
2236 1124 2310 1185 ad
2343 1123 2587 1186 titulum
2611 1126 2945 1197 Pensionis,
2974 1127 3058 1189 ita
3088 1135 3156 1188 ut
3183 1134 3314 1207 post
3334 1123 3575 1186 Bullam

2025 1213 2418 1296 Speculatores
2440 1238 2622 1300 supra
2650 1220 2922 1295 citatam,
2950 1220 3239 1303 autiquae
3260 1218 3577 1282 resolutio-

2025 1327 2131 1370 nes
2158 1311 2396 1373 nullum
2420 1313 2685 1424 amplius
2712 1314 2828 1377 sibi
2864 1314 3168 1377 vindicent
3198 1313 3438 1385 locum,
3479 1311 3575 1373 Te·

2026 1415 2107 1465 ste
2134 1405 2446 1469 Monacell.
2478 1411 2543 1468 in
2569 1409 2803 1487 formul.
2837 1422 2999 1491 parte
3023 1416 3079 1472 1.
3114 1411 3205 1469 tit.
3242 1414 3300 1470 3.
3324 1408 3575 1492 formula

2033 1503 2126 1560 17.
2158 1521 2319 1562 num.
2358 1507 2411 1562 1.
2446 1513 2499 1563 et
2526 1507 2586 1564 2.

2145 1592 2441 1668 Quocirca
2472 1597 2521 1656 si
2559 1616 2669 1676 pro
2693 1597 3086 1660 ordinatione
3112 1594 3458 1660 Familiaris
3485 1613 3577 1655 re-

2037 1686 2281 1767 spuitur
2302 1688 2517 1751 Pensio
2549 1700 2680 1771 post
2699 1691 2938 1753 Bullam
2959 1691 3372 1772 Speculatores,
3395 1703 3453 1752 et
3472 1689 3579 1751 Be-

2040 1779 2322 1842 neficium
2353 1791 2442 1844 est
2463 1784 2895 1857 necessarium,
2927 1803 3052 1846 non
3080 1783 3362 1848 absimile
3381 1782 3579 1846 fereu-

2036 1871 2178 1935 dum
2205 1873 2322 1936 erit
2342 1875 2641 1956 judicium
2670 1877 2732 1937 iu
2761 1877 3038 1939 terminis
3057 1882 3209 1960 ejus,
3238 1876 3344 1958 qui
3372 1875 3576 1938 subdi-

2037 1975 2134 2029 tus
2161 1969 2364 2031 evadit
2394 1969 2627 2033 ratione
2673 1970 2981 2041 Beneficii,
3026 1991 3163 2033 cum
3216 1971 3279 2031 in
3317 1978 3574 2050 utraque

2040 2070 2208 2140 parte
2231 2063 2408 2126 Bulla
2431 2063 2820 2144 Speculatores
2843 2064 3207 2127 mentionem
3232 2063 3414 2126 faciat
3458 2064 3570 2124 Be·

2037 2155 2234 2218 neficii
2261 2177 2371 2237 pro
2392 2176 2658 2237 congrua
2684 2159 3159 2221 substentatione
3181 2145 3528 2219 sufficientis
3551 2197 3569 2215 .

2154 2250 2324 2312 Ultra
2353 2252 2632 2324 dubium,
2658 2253 2733 2313 de
2757 2272 2879 2332 quo
2905 2272 3094 2333 usque
3113 2252 3310 2314 adbuc
3334 2249 3577 2313 habitus

2035 2350 2122 2405 est
2143 2363 2361 2418 sermo,
2388 2345 2645 2408 succedit
2673 2346 2927 2408 alterius
2949 2345 3121 2408 dubii
3151 2344 3463 2417 discussio,
3496 2363 3576 2407 an

2037 2436 2100 2498 in
2128 2436 2469 2524 hypothesi,
2504 2439 2565 2500 in
2588 2458 2711 2520 qua
2732 2440 2810 2501 ad
2835 2440 3106 2503 tramites
3124 2438 3337 2501 Bullae
3362 2437 3579 2518 Specu-

2042 2535 2268 2604 latores,
2298 2534 2578 2596 subditus
2632 2554 2751 2596 non
2783 2534 3074 2597 efficiatur
3105 2534 3230 2607 ille,
3260 2533 3368 2613 qui
3399 2532 3582 2595 habet

2043 2627 2490 2709 Coadjutoriam
2538 2648 2673 2690 cum
2705 2629 2910 2691 lutura
2934 2628 3324 2698 successione,
3357 2636 3417 2689 et
3435 2646 3583 2690 con·

2040 2741 2228 2802 gntae
2245 2721 2679 2803 assignatione,
2712 2722 2991 2784 subditus
3022 2733 3218 2784 tamen
3247 2720 3463 2784 evadat
3489 2737 3586 2781 ra·

2038 2816 2202 2875 tione
2231 2814 2559 2888 Domicilii,
2591 2816 2763 2896 quasi
2793 2816 2955 2896 quod
2981 2814 3188 2877 habita
3219 2813 3586 2895 possessione

2035 2907 2456 2991 Cnadjutoriae
2482 2917 2803 2988 perpetuae
2830 2909 3101 2971 animum
3132 2908 3582 2970 demonstrave-

2037 3002 2118 3065 rit
2137 3011 2426 3084 perpetuo
2448 3002 2860 3065 inhabitandi.

2156 3097 2346 3160 Porro
2361 3097 2721 3161 affirmativa
2735 3096 3039 3177 responsio
3055 3096 3362 3169 suadetur,
3382 3095 3443 3172 in
3457 3113 3581 3176 quo

2039 3192 2219 3255 Bulla
2254 3192 2646 3274 Speculatores
2669 3191 2742 3253 ad
2776 3212 2934 3263 rem,
2983 3192 3059 3252 de
3080 3209 3201 3270 qua
3226 3190 3449 3270 agitur,
3482 3208 3583 3250 ac-

2037 3286 2387 3369 quisitionis
2408 3285 2735 3357 Domicilii,
2761 3285 3028 3366 exposcit
3051 3285 3326 3346 animum
3360 3282 3583 3362 petesu-

2032 3392 2193 3443 ctum
2214 3390 2499 3462 perpetuo
2528 3379 2875 3442 habitandi.
2904 3378 3197 3460 Negativa
3226 3384 3426 3439 autem
3445 3394 3583 3436 sen-

2041 3475 2228 3538 tentia
2250 3474 2703 3555 comprobatur,
2750 3473 2895 3553 quia
2941 3472 3212 3534 distincti
3259 3479 3401 3532 sunt
3425 3468 3583 3531 tituli

2031 3568 2424 3650 subjectionis
2443 3613 2461 3640 ,
2513 3568 2768 3650 originis
2824 3566 3135 3639 videlicet,
3183 3563 3487 3637 Beneficii,
3520 3573 3581 3625 et

2029 3661 2358 3734 Domicilii,
2380 3660 2710 3742 titulusque
2728 3660 3107 3742 Coadjutoria
3137 3658 3485 3723 referendus
3497 3659 3585 3721 vi·

2028 3758 2204 3821 detur
2228 3776 2347 3818 nou
2374 3756 2450 3818 ad
2482 3754 2892 3827 Domicilium,
2915 3754 3019 3816 sed
3046 3754 3124 3816 ad
3144 3754 3542 3817 Beneficium.

2157 3852 2744 3930 Ultimumsuperest
2770 3848 3028 3910 dubium
3059 3848 3411 3910 discussioni
3442 3867 3582 3928 pro-

1989 3947 2302 4027 positum
2329 3947 2409 4009 ab
2438 3944 2647 4007 eodem
2687 3942 2981 4023 Episcopo
3011 3941 3318 4004 Patet-ensi
3361 3940 3586 4004 Suffra-

2035 4061 2251 4123 gaueo,
2281 4040 2409 4101 sive
2436 4036 2814 4099 Auxiliatore
2842 4035 3241 4115 Episcopatus
3288 4034 3584 4095 Elboren-

2035 4136 2139 4209 sis,
2167 4143 2230 4198 et
2247 4144 2336 4197 est
2363 4152 2442 4196 an
2473 4133 2599 4212 ipse
2628 4138 2902 4193 teneatur
2927 4127 3399 4209 inquirerecitra
3420 4129 3579 4202 illos,

2038 4231 2142 4312 qui
2173 4228 2290 4292 sihi
2321 4230 2400 4290 ab
2439 4220 2803 4296 Ordinario,
2846 4243 2949 4286 seu
2977 4242 3014 4285 a
3053 4222 3329 4303 Capitulo
3376 4221 3584 4284 dimit·

2041 4333 2255 4386 tuntur
2277 4321 2623 4391 ordinandi,
2654 4339 2731 4383 au
2757 4318 3026 4381 habeant
3051 4317 3342 4397 requisita
3372 4315 3586 4381 Bullae

2039 4419 2467 4499 speculator-0⁸3
2492 4414 2644 4477 Sede
2668 4412 2833 4476 enim
2856 4420 3106 4481 vacante
3124 4409 3466 4490 Capitulum
3486 4410 3583 4472 in·

2041 4520 2132 4575 tra
2159 4531 2388 4575 annum
2420 4528 2458 4572 a
2506 4509 2607 4572 die
2635 4507 2968 4571 vacationis
2994 4504 3264 4569 concedit
3304 4504 3586 4567 Dimisso·

2042 4606 2163 4667 rias
2211 4603 2476 4677 arctatis,
2508 4602 2600 4665 uti
2629 4602 2891 4664 habetur
2932 4597 3083 4662 Sess.
3137 4603 3198 4660 7.
3235 4617 3362 4678 cap.
3405 4603 3468 4658 8.
3516 4598 3584 4659 de

2040 4700 2330 4778 reformat.

2160 4792 2343 4859 Juxta
2385 4789 2542 4852 idem
2588 4786 2928 4850 Concilium
2957 4805 3084 4847 sess.
3130 4789 3230 4845 23.
3280 4804 3403 4864 cap.
3432 4788 3492 4843 2.
3519 4783 3587 4844 de

2044 4886 2295 4964 Reform.
2327 4881 2639 4964 Episcopi,
2664 4880 2773 4961 qui
2807 4879 3082 4953 subditos
3108 4896 3247 4940 suos
3274 4877 3590 4939 dimittunt

2042 4977 2429 5042 ordinandos
2455 4975 2531 5038 ad
2573 4974 2763 5038 alium
2794 4973 3180 5055 Episcopum,
3234 4970 3455 5033 debent
3486 4987 3590 5032 eos

2046 5072 2353 5134 dimittere
2396 5071 2680 5152 probatos
2703 5113 2720 5142 ,
2751 5075 2812 5130 et
2861 5065 3257 5138 examinatos,
3287 5072 3346 5126 et
3371 5063 3588 5127 cohae-

2046 5174 2250 5228 renter
2280 5163 2358 5227 ad
2394 5163 2542 5226 haec
2571 5160 2835 5224 invaluit
2862 5158 3068 5241 opinio
3092 5203 3111 5232 ,
3144 5157 3306 5238 quod
3341 5157 3589 5239 Episco-

2045 5279 2177 5340 pus,
2207 5258 2306 5320 cui
2341 5256 2496 5319 facta
2520 5262 2609 5325 est
2633 5252 2974 5316 commissio
2999 5294 3017 5326 ,
3066 5270 3189 5313 non
3222 5259 3459 5312 tenetur
3488 5251 3587 5313 iu-

2039 5354 2307 5434 quirere,
2336 5370 2418 5414 an
2444 5349 2676 5411 dimissi
2703 5348 2825 5410 sint
2853 5346 3080 5420 idonei,
3115 5355 3178 5408 et
3208 5364 3289 5407 an
3320 5344 3587 5409 habeant

2034 5447 2428 5512 sufficientem
2438 5444 2684 5531 titulum
2694 5462 2806 5528 pro
2815 5439 3216 5514 ordinatione,
3231 5439 3318 5501 uti
3334 5438 3593 5503 habetur
