4393 6299
1658 509 1708 584 o
1733 509 1776 571 u
1801 515 1860 568 ιιι
1887 515 1920 568 s
1947 514 1996 568 'r
2021 480 2050 568 ι
2074 514 2123 567 o
2176 510 2514 570 cccxxvu.
3345 514 3451 572 ιιι

424 667 712 743 calm,
733 674 800 729 ut
828 676 1093 730 coronam
1111 685 1228 729 non
1248 667 1563 742 erubescas,
1587 668 1681 742 sed
1699 709 1716 740 ,
1738 678 1791 729 et
1813 686 1974 749 prae-
2081 665 2372 740 centiam,
2404 667 2493 729 uti
2520 667 2780 733 habetur
2813 688 2888 732 ea·
2916 669 3145 734 Conone
3170 672 3367 735 nullus
3396 669 3628 751 Episco-

428 766 666 845 cipimus
693 763 833 834 tibi,
862 771 1139 841 quatenus
1160 763 1264 841 qui
1294 764 1360 822 in
1390 773 1652 824 tonsurae
1676 761 1977 823 clericatis
2077 779 2184 839 pus
2214 766 2311 822 57.
2347 761 2413 821 de
2449 767 2753 823 consecrat.
2789 764 2923 824 dist.
2958 767 3014 825 1.
3055 773 3115 827 et
3146 764 3288 828 facit
3312 765 3630 826 Decretum

425 859 763 939 susceptione
778 904 794 929 ,
824 857 1028 937 capitis
1054 854 1289 918 Comam
1312 858 1650 938 deposuisti,
1675 857 1977 919 caesariem
2080 851 2376 916 Generale
2397 854 2890 938 Congregationis
2908 857 3226 921 Sacrorum
3251 859 3500 921 Rituum
3524 856 3635 918 im-

426 956 508 1016 sic
531 953 963 1033 componendam
988 971 1145 1012 cures
1162 998 1179 1022 ,
1209 961 1307 1024 ut,
1337 963 1389 1012 et
1419 953 1570 1012 color
1601 953 1779 1013 aetati
1802 952 1868 1010 in
1891 969 1976 1011 se-
2085 965 2352 1027 pressum
2400 948 2465 1008 in
2499 949 2796 1030 principio
2822 951 3112 1025 missalis,
3161 953 3246 1014 ibi
3273 987 3317 999 -
3340 971 3499 1012 nemo
3526 969 3637 1013 au-

426 1049 589 1108 nium
630 1046 942 1108 inclinanti
976 1055 1283 1125 conqruat,
1327 1056 1380 1107 et
1421 1055 1654 1126 pateant
1695 1064 1862 1107 aures
1881 1091 1897 1116 ,
1928 1053 1980 1105 et
2085 1042 2212 1102 deat
2237 1043 2331 1102 uti
2354 1043 2555 1122 pileolo
2575 1044 2642 1103 in
2665 1046 3028 1108 celebratione
3049 1046 3371 1109 Missarum
3390 1049 3512 1108 sine
3541 1064 3640 1106 οω-

425 1160 631 1203 corona
656 1139 1041 1203 Sacerdotalis
1063 1150 1375 1221 appareat,-
1395 1159 1494 1202 nec
1520 1142 1669 1201 enim
1696 1160 1762 1202 ea
1786 1149 1984 1200 nostra
2082 1154 2276 1216 pressa
2323 1137 2552 1200 licentia
2594 1136 2761 1200 Sedis
2803 1139 3192 1221 Apostolicae,
3235 1161 3353 1203 non
3392 1141 3643 1201 obstante

427 1253 580 1297 mens
601 1243 711 1306 est,
750 1244 814 1295 ut
843 1253 973 1296 οιιιιι
1000 1235 1066 1295 in
1097 1230 1493 1315 Presbyterali
1515 1230 1732 1295 Ordine
1757 1233 1835 1293 sis
1860 1251 1984 1293 conf
2047 1246 2054 1250 ’
2090 1249 2425 1312 quacunque
2448 1235 2744 1296 contraria
2771 1236 3201 1310 consuetudine,
3231 1243 3295 1299 et
3335 1234 3456 1298 late
3502 1252 3645 1314 pro-

429 1330 699 1399 stitutus,
729 1337 783 1390 et
818 1329 1020 1389 seniles
1043 1336 1213 1407 atque
1236 1346 1432 1408 qraces
1467 1346 1642 1405 mores
1666 1346 1774 1408 pro
1802 1335 1988 1388 status
2088 1335 2427 1405 sequuntur
2457 1325 2707 1390 Gavant.
2750 1330 2829 1391 ad
2851 1330 3015 1391 rubr.
3046 1330 3219 1392 Miss.
3256 1349 3392 1411 par.
3436 1333 3497 1389 2.
3547 1329 3641 1387 tit.

429 1422 649 1502 ratione
671 1420 960 1502 praeferre
986 1420 1213 1493 debeas,
1234 1420 1518 1499 juvenile,
1524 1429 1599 1481 et
1632 1419 1985 1483 mundanum
2091 1423 2151 1479 2.
2175 1421 2243 1481 de
2265 1422 2520 1500 inqressu
2540 1420 2968 1486 Sacerdotisad
2992 1424 3197 1488 Altare
3226 1427 3342 1488 litt.
3360 1422 3441 1508 F.
3470 1421 3647 1483 Tkoo-

427 1525 854 1586 ornamentum,
881 1514 1063 1593 quod,
1088 1524 1141 1576 et
1172 1516 1452 1577 clericalis
1491 1524 1784 1588 tonsurae,
1809 1524 1862 1575 et
1881 1534 1985 1575 no
2087 1515 2237 1594 phil.
2281 1516 2594 1596 Raynaud.
2643 1517 2747 1579 loc.
2788 1520 2887 1580 cit.
2934 1516 3000 1602 S.
3045 1517 3219 1582 Nunc
3256 1538 3285 1580 e
3325 1518 3647 1588 contrario,

432 1608 788 1691 eissimorum
831 1608 1160 1669 memoriam
1206 1608 1556 1685 imminuat,
1611 1615 1716 1670 aut
1760 1609 1987 1687 penitus
2092 1607 2407 1672 Monacell.
2459 1611 2526 1670 in
2567 1610 2801 1690 [annul.
2854 1613 3023 1693 leqal.
3077 1623 3210 1674 tom.
3262 1614 3324 1673 t.
3359 1630 3493 1693 paq.
3544 1613 3646 1671 32.

296 1732 301 1736 -
431 1703 639 1774 tollat,
673 1703 940 1781 laicisque
978 1701 1249 1764 scandalo
1278 1703 1392 1770 sis,
1424 1709 1638 1780 gestare
1666 1702 1874 1763 calcas.
1912 1701 1989 1763 Et

429 1794 898 1876 praescindendo
935 1813 972 1858 a
1002 1794 1220 1858 Missae
1255 1793 1692 1869 celebratione,
1728 1814 1849 1858 non
1885 1794 1987 1857 de-

431 1896 577 1951 sunt
601 1893 957 1971 argumenta
995 1906 1032 1950 a
1061 1887 1330 1970 Synodis
1359 1886 1615 1951 deducta
1656 1895 1766 1995 pro
1796 1895 1989 1969 gesta-

433 1982 599 2046 tione
618 1980 997 2046 Perucchae
979 2002 1042 2043 ιιι
1071 2000 1214 2045 casu
1236 1980 1634 2045 necessitatis·
1617 2025 1634 2057 ,
1662 1979 1726 2041 in
1747 1979 1991 2063 Synodo

435 2076 662 2159 quippe
700 2075 1062 2139 Bononiensi
1105 2096 1256 2139 anno
1299 2077 1627 2152 westie.
1661 2079 1719 2138 3.
1762 2095 1888 2156 cap.
1932 2078 1989 2136 1.

434 2171 795 2254 prohibetur
830 2169 1078 2234 Clericis
1115 2169 1526 2233 adulterinum
1569 2167 1943 2250 Capillitium
1971 2213 1988 2243 ,

431 2266 533 2328 sed
567 2265 848 2328 subditur
877 2263 1194 2339 limitatio,
1227 2266 1345 2325 nisi
1370 2283 1445 2327 ea>
1485 2283 1661 2326 causa
1683 2265 1875 2335 nobis,
1907 2264 1994 2324 vel

439 2359 667 2426 Vican'o
705 2369 897 2421 nostro
942 2361 1168 2439 coqnita
1191 2404 1210 2433 ,
1247 2359 1654 2439 indulqendum
1679 2357 1757 2420 ad
1785 2368 1996 2436 tempus

435 2455 887 2526 arbitrabimur,
907 2459 968 2516 et
988 2454 1051 2515 in
1071 2453 1316 2535 Synodo
1328 2452 1627 2515 Asculana
1646 2454 1791 2515 anni
1814 2456 1887 2513 17
1897 2459 1917 2512 t
1931 2457 1990 2512 9.

434 2568 560 2632 cap.
593 2552 692 2610 20.
738 2569 843 2610 nu.
876 2553 936 2611 3.
968 2546 1179 2610 fictitia
1223 2545 1405 2609 Coma
1433 2545 1679 2631 Clericis
1717 2553 1991 2618 vetatur,

435 2646 555 2706 nisi
575 2663 652 2706 uc
664 2644 883 2723 juxta,
904 2652 956 2705 et
977 2642 1317 2707 rationabili
1336 2636 1511 2704 causa
1532 2641 1998 2740 dispensationem

442 2738 888 2821 impetraverint.

563 2831 878 2894 Promotor
907 2848 943 2893 e
974 2836 1182 2892 contra
1227 2827 1475 2891 Fiscalis
1500 2827 1718 2891 Curiae
1761 2828 1997 2912 Episco-

441 2923 595 3006 palis
626 2923 981 3006 Melphiten.
1017 2921 1388 3003 excipiebat,
1418 2930 1479 2984 et
1505 2922 1728 3002 excipit
1759 2923 1991 3004 primo,

438 3016 598 3080 inter
618 3037 765 3080 suae
808 3014 1106 3102 Dioecesis
1143 3014 1402 3080 Clericos
1425 3016 1764 3078 Perucchae
1783 3027 1996 3097 xgesta-

436 3113 664 3178 tionem
701 3130 829 3175 esse
856 3129 1100 3193 prorsus
1139 3110 1526 3183 inusitatam,
1563 3111 1825 3174 secundo
1855 3111 1995 3174 uni-

441 3227 578 3272 cum
609 3226 737 3269 esse
764 3205 1113 3269 Gadaletam
1132 3252 1150 3280 ,
1179 3205 1286 3286 qui
1313 3224 1446 3268 eam
1479 3206 1698 3269 audeat
1720 3204 1875 3273 velle
1901 3206 1998 3267 de-

439 3302 636 3376 ferre3
679 3302 855 3364 tertio
893 3318 957 3363 se
1000 3300 1351 3381 praevidere
1395 3298 1616 3362 multos
1668 3300 1819 3363 alios
1863 3320 1998 3381 eam

441 3414 569 3459 eme
594 3403 1037 3476 assumpturos,
1067 3392 1117 3454 si
1146 3392 1395 3474 gestatio
1425 3392 1750 3457 Gadaletae
1791 3393 1996 3455 indul·

440 3496 687 3573 gantur,
716 3494 938 3571 quarto
963 3506 1104 3550 eum
1150 3506 1436 3570 prospera
1466 3487 1813 3551 valetudine
1837 3487 1994 3561 frui,

441 3581 659 3665 quinto
686 3600 808 3645 non
836 3599 964 3644 esse
992 3579 1120 3642 ullo
1145 3579 2000 3644 modo-deserendunrattesta·

444 3675 595 3739 tioni
619 3674 1023 3748 Medicorum,
1049 3680 1264 3756 utpote
1281 3674 1358 3735 ad
1386 3672 1672 3754 placitum
1692 3683 1995 3748 exaratae,

441 3777 503 3835 et
534 3769 727 3833 multo
754 3769 977 3851 magis,
1010 3784 1149 3852 cum
1176 3768 1240 3828 in
1277 3766 1416 3830 aliis
1446 3768 1626 3829 rebus
1662 3768 1997 3849 depreben-

443 3884 578 3927 sum
609 3863 792 3925 fuerit
825 3862 1063 3925 eosdem
1089 3850 1356 3928 Medicos
1398 3861 1652 3923 nimium
1684 3861 2003 3924 indulsisse

448 3957 627 4039 genio
650 3956 1113 4047 requirentium.
1140 3955 1296 4017 Addi
1322 3964 1539 4035 posset,
1565 3955 1728 4036 quod
1751 3955 1998 4018 cuicun-

444 4069 568 4132 que
594 4051 837 4123 morbo,
870 4050 968 4112 cui
996 4049 1180 4111 Coma
1216 4047 1428 4111 fictitia
1455 4048 1742 4131 opitulari
1771 4057 1998 4130 potest,
2043 4104 2044 4107 ,

446 4160 485 4213 a
565 4141 702 4229 uate
727 4120 1059 4205 remedium
1084 4139 1287 4224 parari
1319 4141 1478 4205 valet
1502 4162 1578 4205 ex
1605 4161 1717 4204 usu
1744 4143 1884 4205 boni
1917 4142 2002 4224 pi·

571 4233 626 4311 i,
643 4235 758 4303 uti
765 4236 1150 4316 prosequitur
1177 4236 1416 4297 Tltiers
1391 4257 1455 4297 tn
1477 4240 1650 4299 citato
1674 4248 1841 4300 tract.
1865 4257 1998 4318 paq.

447 4232 628 4399 291).-
660 4328 767 4392 ubi
798 4328 980 4390 refert
1008 4329 1426 4392 Innocentium
1458 4331 1756 4404 Quartum
1787 4331 2000 4393 Mona·
2093 4366 2098 4371 -

447 4422 580 4487 chis
604 4422 997 4485 S.·Benedicti
1014 4471 1032 4496 ,
1062 4425 1167 4505 qui
1197 4433 1371 4488 erant
1397 4424 1681 4488 Canonici
1704 4424 2001 4488 Ecclesiae

450 4516 902 4582 cantuariensis
937 4518 1306 4598 permisisse,
1346 4528 1411 4580 ut
1452 4528 1718 4600 tempore
1760 4518 1999 4581 Officio-

450 4631 589 4677 rum
618 4612 980 4675 Diiinorum
1007 4610 1244 4694 pileolis
1274 4613 1363 4675 uti
1380 4623 1630 4695 'possent
1654 4613 1732 4675 ad
1762 4614 2004 4676 morbos

448 4707 850 4781 avertendos,
901 4725 1054 4786 quos
1098 4714 1524 4769 contraxerant
1574 4726 1650 4773 ex
1704 4706 2003 4769 Ecclesiae

449 4799 850 4877 humiditate
890 4800 1171 4864 Officium
1220 4801 1390 4862 nudo
1422 4800 1618 4882 capite
1659 4800 1999 4877 recitando,

450 4901 513 4957 et
555 4892 617 4954 in
658 4912 731 4955 eo
767 4891 1049 4981 demum,
1080 4894 1242 4975 quod
1270 4901 1496 4975 spectat
1531 4893 1609 4956 ad
1636 4912 1817 4974 supra
1844 4891 2001 4957 rela-

453 4994 574 5050 tam
606 4987 911 5050 licentiam
932 4986 1081 5050 clar.
1108 5007 1286 5049 mem.
1310 4986 1487 5049 Card.
1514 4985 1811 5049 Grimaldi
1837 5004 2004 5066 prae-

455 5082 743 5146 termissis
771 5081 1293 5163 responsionibus,
1323 5101 1482 5163 quae
1513 5101 1590 5143 ex
1616 5082 1746 5164 ejus
1775 5080 2003 5144 lectura

452 5173 629 5239 facile
654 5176 856 5258 colligi
888 5183 1166 5258 possunt,
1190 5184 1250 5239 et
1271 5175 1437 5238 salva
1460 5174 1819 5250 reverentia,
1845 5193 2004 5257 quae

454 5269 584 5351 ejus
614 5270 882 5344 nomini,
911 5280 971 5334 et
997 5269 1287 5352 Dignitati
1310 5272 1452 5352 jure
1480 5269 1696 5333 merito
1725 5270 2001 5345 debetur,

453 5362 572 5429 dici
604 5372 793 5444 potest
821 5385 959 5428 eum
989 5384 1129 5428 suas
1156 5365 1466 5427 facultates
1492 5363 1840 5440 excessisse3
1882 5383 2005 5427 non

454 5464 649 5540 potest
682 5457 902 5522 etenim
947 5458 1274 5542 Episcopus
1310 5457 1532 5523 dictam
1566 5458 1888 5523 concedere
1928 5458 2005 5522 ti-

2090 1724 2253 1765 num.
2292 1708 2387 1767 14.

2220 1799 2398 1860 Anno
2433 1818 2679 1880 quoque
2726 1805 2900 1862 1690.
2938 1799 3015 1862 de
3044 1801 3261 1862 ordine
3284 1817 3336 1861 s.
3374 1816 3459 1859 m.
3504 1794 3647 1860 Ale-

2096 1892 2317 1956 xandri
2350 1892 2562 1957 Octavi
2600 1893 3014 1957 examinatum
3044 1893 3162 1956 fuit
3203 1894 3265 1956 in
3311 1892 3653 1974 Congrega-

2100 1986 2264 2050 tione
2291 1987 2681 2068 particulari,
2721 2008 2799 2051 an
2840 1987 3190 2050 subsisteret
3228 1986 3503 2064 doctrina
3536 1984 3655 2047 Pa-

2099 2084 2350 2162 squaliq.
2405 2083 2471 2142 de
2520 2083 2799 2163 sacrificio
2824 2100 2998 2142 novae
3053 2080 3217 2160 Leqis
3264 2088 3482 2160 quaest.
3543 2081 3646 2138 83.

2104 2175 2269 2256 quod
2319 2175 2503 2239 Missa
2550 2175 2844 2240 celebrari
2893 2182 3086 2258 posset
3127 2192 3266 2237 cum
3300 2169 3652 2260 Peruccha,

2099 2267 2241 2332 licet
2267 2270 2533 2332 modesta
2557 2315 2575 2343 ,
2606 2279 2665 2333 et
2693 2288 3046 2351 responsum
3073 2267 3192 2331 fuit
3231 2265 3508 2349 negative
3532 2310 3550 2338 ,
3586 2271 3657 2327 ut

2109 2363 2370 2442 babetur
2399 2364 2558 2445 apud
2611 2364 2897 2445 Ursayam
2921 2365 3174 2425 institut.
3223 2360 3516 2424 criminal.
3544 2360 3648 2434 tib.

2111 2462 2165 2520 1.
2200 2460 2292 2520 tit.
2337 2464 2430 2521 10.
2457 2457 2523 2541 §-
2557 2461 2616 2519 t.
2646 2476 2809 2518 nunt.
2847 2462 2946 2519 51.
2994 2458 3290 2537 Tempore
3314 2454 3457 2517 item
3488 2472 3539 2514 s.
3568 2470 3653 2513 m.

2106 2551 2444 2616 Innocentii
2496 2553 2641 2614 ΧΠ.
2694 2552 3031 2635 encyclicae
3075 2551 3313 2614 litterae
3356 2547 3434 2612 ad
3483 2548 3657 2609 Nun·

2108 2647 2224 2710 tios
2248 2649 2507 2728 scriptae
2527 2655 2670 2710 sunt
2697 2692 2716 2721 ,
2740 2655 2815 2724 ‚ut
2843 2645 3201 2710 ordinarios
3226 2645 3652 2715 admonerent,

2105 2762 2182 2804 ne
2226 2742 2287 2808 id
2334 2741 2468 2804 fieri
2518 2742 2935 2823 permitterent
2961 2741 3027 2802 in
3073 2742 3201 2803 suis
3226 2737 3611 2802 Dioecesibus
3637 2781 3657 2811 ,

2104 2835 2491 2918 uti-habetur
2521 2838 2684 2918 apud
2723 2835 2985 2900 Anaclet.
3032 2837 3131 2898 lib.
3176 2840 3235 2897 3.
3266 2836 3336 2894 tit
3379 2837 3433 2895 1.
3483 2829 3553 2914 §-
3596 2836 3655 2894 3.

2109 2950 2270 2992 num.
2304 2935 2400 2993 93.
2428 2939 2489 2993 et
2510 2931 2691 2995 Sacra
2711 2928 2859 2994 haec
2879 2930 3123 2993 demum
3155 2927 3552 3011 Congregatio
3572 2926 3664 2987 die

2105 3030 2163 3086 6.
2200 3023 2346 3086 Jun.
2378 3029 2553 3087 1716.
2577 3025 2924 3096 instantiam
2947 3023 3153 3107 reiecit
3172 3020 3508 3086 Sacerdotis
3526 3038 3664 3102 sup-

2115 3118 2394 3202 plicantis
2420 3139 2532 3202 pro
2559 3120 2842 3184 facultate
2865 3119 3109 3182 Missam
3146 3114 3494 3181 celebrandi
3521 3113 3664 3178 ficto

2105 3213 2399 3295 capillitio
2446 3224 2690 3295 propter
2733 3213 2873 3277 salsi
2919 3211 3196 3276 humoris
3245 3211 3487 3286 labem,
3535 3226 3660 3291 quo

2105 3317 2289 3391 caput
2309 3308 2646 3372 laborabat.
3056 3364 3061 3367 .

2222 3402 2337 3465 His
2365 3401 2700 3477 stantibus,
2732 3400 3083 3483 quaeritur.

2223 3497 2276 3559 1.
2301 3497 2398 3558 Aa
2416 3497 2689 3558 Edictum
2701 3497 3082 3560 Reverendiss.
3102 3436 3665 3633 Episcopisustinea-

2106 3601 2248 3662 tur,
2280 3600 2333 3652 et
2360 3601 2637 3669 quatenus
2661 3590 3018 3671 affirmative.

2223 3681 2309 3745 11.
2355 3684 2454 3746 Aa
2492 3687 2569 3746 sit
2613 3685 2909 3747 toleranda
2947 3684 3187 3763 yatatio
3231 3652 3553 3785 Perticchae
3590 3681 3659 3742 in

2106 3798 2284 3853 casu,
2313 3779 2381 3841 de
2406 3798 2518 3861 quo
2541 3781 2740 3859 aqitur
2765 3788 2871 3840 etc.

2215 3972 2280 4024 Sa
2254 3988 2369 4025 sacr
2340 3971 2474 4026 nco
2442 3982 2597 4042 ongr.
2625 3970 2942 4042 respondit.

2285 4059 2384 4114 Ad
2399 4058 2641 4130 primam
2677 4057 3038 4138 affimative.
3063 4054 3161 4111 Aa
3177 4051 3473 4111 secundum
3504 4069 3661 4129 nega·

2102 4148 2151 4202 ιι·
2126 4166 2211 4202 ιτ
2239 4147 2301 4239 iet
2324 4165 2494 4216 casu,
2523 4147 2590 4201 de
2614 4166 2722 4218 quo
2748 4165 2840 4219 agr
2821 4147 2950 4202 itur.

2392 4324 2827 4404 QUAES'rlo
2863 4310 3303 4391 chx'xvm.

2133 4500 2136 4503 “
2266 4514 2340 4578 Ιιι
2369 4511 2564 4589 Causa
2605 4516 2954 4589 Placentina
2977 4511 3291 4591 lecturas,
3318 4462 3411 4572 die
3433 4514 3495 4572 8.

2644 4609 2907 4691 Aequa
2940 4611 3119 4681 1722.-

2108 4734 2500 4877 Alexander
2540 4794 2839 4879 Scappius
2866 4774 3079 4876 Patria
3108 4740 3552 4865 Bononiensis,
3600 4796 3662 4854 et

2107 4876 2441 4971 Episcopus
2456 4887 2853 4959 Placentinus
2857 4906 2934 4951 ex
2950 4904 3221 4953 suoaere
3249 4880 3658 4969 patrimoniali

2107 4980 2390 5046 fundavit
2434 4982 2777 5046 Lecturam
2802 4976 2866 5045 S.
2914 4966 3277 5064 'theologice
3314 4996 3473 5061 pro
3466 4976 3663 5042 Clero

2107 5077 2400 5152 saeculari
2438 5077 2634 5140 dictae
2666 5075 2940 5141 Civitatis
2965 5074 3386 5146 Placentinae,
3423 5080 3482 5155 et
3509 5071 3658 5135 assi-

2109 5172 2322 5254 gnavit
2344 5171 2576 5236 Lectori
2623 5170 2917 5235 salarium
2956 5174 3261 5235 scutorum
3288 5174 3385 5229 50.
3423 5184 3661 5230 annuo·

2107 5288 2249 5330 rum
2276 5265 2631 5337 solvendum
2654 5267 2729 5330 de
2756 5265 3025 5328 semestri
3059 5264 3124 5326 in
3147 5272 3454 5327 semestre.
3572 5322 3589 5341 „

2228 5362 2399 5425 Idem
2435 5361 2779 5425 Alexander
2804 5359 2921 5423 sibi
2949 5359 3278 5422 reservavit
3306 5354 3651 5420 facultatem

2111 5454 2374 5540 eligendi
2421 5456 2727 5521 Lectorem
2775 5452 2978 5539 quoad
3032 5470 3227 5536 usque
3276 5450 3562 5522 vixisset,
3596 5453 3658 5511 et
