4393 6299
683 608 938 671 Decreto
976 625 1158 688 supra
1200 606 1494 668 recensito
1530 603 1918 668 demandavit
1954 606 2240 667 omnibus

1860 453 2306 522 QUAESTIONES
2346 451 2706 506 caNoNtCAE

2470 583 2967 666 Bartholomaeus
2992 601 3068 666 de
3095 601 3454 667 Levi-uariis
3482 603 3762 668 habitum
3792 604 3909 669 Re-

685 700 1065 764 Beneficiatis
1086 746 1104 774 ,
1135 710 1203 762 ut
1227 699 1485 783 singulis
1512 719 1763 762 suorum
1810 700 2244 761 beneficiorum
2351 699 2592 782 ligionis
2634 698 3027 761 Minimorum
3057 698 3118 759 S.
3147 699 3443 761 Francisci
3482 700 3558 761 de
3587 700 3775 763 Paula
3822 700 3910 764 uti

687 797 977 858 oneribus
1001 794 1441 882 satisfacerent,
1456 813 1593 856 cum
1618 794 2006 875 proportione
2024 794 2098 856 ad
2127 794 2247 856 ele·

686 909 1036 972 ernosynam
1068 889 1411 952 manualem
1446 896 1591 951 tunc
1625 888 1948 970 vigentem,
1991 897 2052 950 et
2093 888 2248 950 ulte·

686 984 818 1046 rius
868 997 1070 1048 laxam
1119 983 1331 1047 statuit
1364 983 1727 1046 Tabulariae
1776 982 2126 1046 solvendam
2184 983 2248 1046 in

688 1077 1047 1161 hypothesi,
1089 1078 1154 1140 in
1193 1098 1315 1159 qua
1358 1077 1704 1141 Beneficiati
1742 1098 1848 1159 per
1875 1077 2099 1157 seipsos
2128 1098 2249 1139 non

690 1173 1098 1247 celebrarent,
1127 1172 1232 1235 sed
1277 1193 1415 1235 cum
1458 1172 1753 1244 voluerit,
1807 1182 1875 1233 ut
1920 1172 2253 1253 unicuique

693 1267 1057 1330 Beneficiato
1076 1267 1255 1329 tertia
1275 1286 1413 1348 pars
1434 1267 1736 1330 redituum
1761 1266 1927 1329 salva
1956 1275 2248 1340 maneret,

694 1359 1108 1434 concluditur,
1133 1361 1294 1442 quod
1336 1360 1548 1422 saltem
1598 1359 1661 1421 in
1704 1378 1863 1422 nova
1904 1360 2255 1423 reductione

694 1453 851 1520 ratio
873 1453 1172 1515 habeatur
1202 1453 1386 1535 hujus
1409 1452 1619 1516 tertiae
1646 1453 1854 1533 partis.

814 1550 886 1611 In
936 1568 1175 1630 eoque,
1223 1547 1388 1631 quod
1431 1558 1656 1629 spectat
1698 1548 1773 1610 ad
1820 1548 2247 1622 Tabulariam‚

694 1663 838 1706 cum
859 1662 1195 1726 congruum
1222 1643 1471 1705 omnino
1491 1643 1590 1718 sit,
1618 1653 1687 1705 ut
1712 1645 1924 1705 eadem
1946 1643 2009 1704 in
2034 1663 2144 1704 suo
2170 1662 2255 1703 es·

696 1757 761 1799 so
797 1749 1193 1820 permaneant
1213 1782 1233 1811 ,
1256 1745 1316 1800 et
1340 1737 1810 1818 proportionatis
1835 1736 2077 1800 fruatur
2102 1737 2255 1798 redi·

702 1832 898 1906 libus,
938 1840 1226 1895 exoratur
1253 1879 1270 1903 ,
1320 1852 1397 1893 ne
1423 1830 1656 1912 aliquid
1687 1833 2011 1894 innovetur
2049 1831 2251 1913 quoad

699 1926 931 1988 Taxam
971 1925 1167 1992 eidem
1196 1924 1694 2007 persolvendam,
1740 1931 1878 1987 cum
1925 1927 2090 1986 Taxa
2133 1943 2253 1985 non

697 2019 776 2082 sit
799 2039 1036 2094 recens,
1058 2019 1161 2083 sed
1187 2018 1642 2101 antiquissima,
1671 2019 1765 2081 vel
1786 2019 1944 2100 quod
1970 2019 2032 2079 in
2062 2017 2258 2099 hypo·

705 2115 889 2190 thesi,
914 2117 978 2178 in
1009 2135 1130 2196 qua
1158 2115 1356 2178 dictae
1382 2115 1583 2176 Taxae
1602 2112 1926 2175 diminutio
1958 2110 2263 2193 praecipe-

700 2218 894 2285 retur,
915 2210 1264 2276 consulatur
1280 2208 1666 2271 Sanctissimo
1686 2227 1794 2288 pro
1813 2204 2263 2270 facultateEmi·

704 2302 1058 2365 nentissimo
1098 2301 1564 2383 Archiepiscopo
1620 2300 1996 2364 concedenda
2043 2298 2261 2360 unien-

703 2396 765 2459 di
809 2395 1173 2460 Tabulariae
1203 2394 1411 2476 aliqua
1443 2414 1519 2457 ex
1540 2391 1853 2456 Beneficiis
1887 2392 2264 2455 consortiali·

699 2492 838 2565 bus,
866 2489 965 2553 vel
987 2488 1286 2564 vacantia,
1312 2489 1408 2550 vel
1432 2490 1495 2549 in
1520 2496 1824 2571 posterum
1855 2495 2163 2558 vacatura,
2187 2504 2267 2547 ne

704 2602 948 2647 annuae
986 2602 1283 2665 expensae
1316 2582 1681 2645 Tabulariae
1716 2582 1972 2662 majores
2019 2578 2144 2641 sint
2170 2579 2265 2639 in·
2385 2609 2390 2616 ·

707 2678 894 2743 troitu
920 2722 940 2751 ,
990 2685 1052 2739 et
1076 2676 1161 2739 sic
1190 2696 1266 2739 ne
1298 2686 1586 2759 sequatur
1610 2675 1876 2758 ejusdem
1904 2673 2270 2738 Tabulariae

704 2771 1008 2836 excidium
1030 2813 1046 2831 .

827 2865 943 2928 His
964 2865 1192 2946 positis,
1215 2863 1555 2944 quaeritur:

822 2962 920 3024 An
937 3004 957 3035 ,
980 2970 1032 3023 st
1066 2960 1339 3042 quomodo
1365 2960 1438 3020 sit
1473 2958 1881 3040 procidendum
1912 2958 1977 3017 in
2003 2956 2270 3036 sutum

704 3066 808 3121 stc.
840 3058 906 3117 in
926 3072 1064 3118 casu
1088 3062 1198 3117 stc.

817 3251 973 3302 Sacra
1002 3246 1202 3316 Cougr.
1230 3244 1318 3298 die
1361 3244 1446 3296 ¹8.
1474 3244 1707 3300 lanuarii
1738 3243 1896 3298 two.
1924 3241 2234 3312 respondit:

892 3333 1181 3389 scribatur
1202 3331 1657 3387 Eminentissimo
1682 3329 2121 3401 Archiepiscopo
2132 3328 2274 3398 jux·

706 3438 765 3479 ta
798 3422 1217 3478 [astructionem
1243 3459 1256 3473 .

1083 3568 1444 3648 QUAESTIO
1482 3564 1887 3632 CXXXVUI.

712 3730 788 3794 k
806 3749 982 3794 causa
1011 3728 1268 3792 Commi
1286 3726 1597 3791 Nullitatis
1621 3725 1992 3806 Professionis
2007 3771 2027 3800 ,
2057 3727 2146 3788 dia
2170 3730 2268 3788 13.

1247 3820 1531 3884 Ianuarii
1564 3825 1739 3883 1720.

722 3962 816 4079 ln
846 4010 1504 4094 RegulaMinimorum,
1524 4027 1682 4089 quae
1709 4008 1770 4069 in
1798 4008 2275 4089 praesentiarum

716 4105 843 4170 vim
869 4105 1141 4177 obtinet,
1162 4121 1295 4184 cap.
1345 4108 1402 4164 1.
1432 4102 1520 4164 sic
1564 4101 1786 4183 legitur
1815 4121 1830 4161 ε
1871 4099 2065 4179 HuJus
2096 4098 2276 4161 Ordi-

715 4202 809 4262 nis
834 4199 1218 4262 Minimorum
1243 4199 1495 4258 universi
1515 4195 1743 4258 Fratres
1763 4197 1866 4256 sub
1890 4191 2273 4266 Obedicntias,

717 4291 1049 4364 Castitatis,
1074 4291 1447 4372 Paupertatis
1463 4338 1480 4362 ,
1503 4300 1555 4353 at
1585 4288 2111 4369 Quadraqcsimalis
2131 4291 2281 4350 vitas

719 4388 1246 4470 munificationibus
1276 4386 1661 4466 infrascriptis
1707 4385 2058 4465 modificatas
2101 4386 2280 4446 sacris

717 4485 862 4547 cotis
885 4492 1301 4565 persensi-anter
1339 4482 1520 4549 vivers
1540 4480 1908 4561 promittant.
1936 4478 2014 4539 Et
2038 4478 2105 4539 in
2134 4496 2277 4559 pro·

715 4576 996 4642 fessionis
1033 4574 1260 4649 forma,
1290 4594 1475 4655 quam
1506 4571 1745 4636 Minimi
1790 4570 2029 4653 expleto
2055 4571 2279 4653 proba-

721 4670 908 4735 tionis
927 4688 1091 4733 anno
1119 4667 1471 4732 solemniter
1497 4665 1804 4740 emittunt,
1827 4664 1983 4726 idem
2008 4665 2280 4726 contine-

722 4773 861 4840 tur,
892 4782 1051 4845 quae
1101 4763 1349 4844 quidem
1396 4759 1657 4823 formula
1685 4759 1916 4822 a‘Julio
1965 4760 2047 4822 11.
2096 4758 2280 4820 simul

721 4880 860 4923 cum
890 4857 1122 4941 Regula
1154 4858 1513 4937 approbata,
1536 4863 1598 4917 et
1622 4853 1978 4917 confirmata
2000 4861 2109 4915 est.
2155 4853 2284 4933 qu

722 4952 930 5015 Frater
976 4950 1061 5015 N.
1095 4970 1288 5020 voveo,
1344 4960 1396 5009 st
1438 4950 1707 5029 promitto
1743 4946 1861 5008 Deo
1896 4944 2285 5029 omnipotenti

724 5059 830 5110 stc.
861 5057 1043 5121 staro,
1073 5055 1126 5108 st
1167 5043 1480 5126 perdurare
1521 5051 1634 5103 toto
1668 5051 1907 5122 tempora
1937 5041 2086 5101 vitas
2132 5060 2285 5103 meas

2353 795 2691 857 Conversus
2721 792 3086 874 assumpsit,
3132 801 3193 855 et
3229 792 3526 873 completo
3572 783 3914 856 Novitiatus

2353 909 2516 955 anno
2545 892 2634 951 dic
2661 897 2720 951 5.
2745 890 3064 970 septembris
3087 908 3239 950 anno
3260 893 3434 949 1706.
3465 887 3529 949 in
3554 890 3763 952 eadem
3794 893 3911 952 Re·

2356 984 2582 1069 ligione
2624 983 3051 1066 professionem
3100 982 3332 1055 emisit,
3366 1002 3628 1063 cumque
3657 984 3773 1045 sub
3801 983 3911 1045 ob-

2359 1088 2526 1143 tentu
2548 1129 2563 1152 ,
2587 1080 2747 1162 quod
2773 1088 2915 1140 ante
2935 1077 3211 1140 emissam
3239 1076 3666 1157 professionem
3688 1077 3914 1140 talibus

2360 1175 2629 1256 corporis
2678 1172 3142 1236 infirmitatibus
3191 1172 3538 1243 laboraret,
3604 1180 3666 1235 et
3722 1192 3917 1253 usque

2359 1270 2558 1331 adhuc
2582 1269 2853 1342 laboret,
2877 1279 2950 1330 ut
2974 1268 3054 1330 ab
3086 1286 3191 1328 esu
3225 1266 3504 1330 carnium
3526 1266 3678 1329 citra
3706 1266 3918 1329 mortis

2363 1363 2699 1443 periculum
2725 1409 2744 1438 ,
2772 1381 2883 1424 nec
2911 1361 3171 1443 potuerit
3189 1407 3209 1436 ,
3238 1380 3348 1424 nec
3377 1361 3562 1442 possit
3587 1360 3917 1434 abstinere,

2361 1457 2683 1521 contendat
2719 1456 3146 1538 professionem
3176 1474 3212 1519 a
3235 1475 3300 1518 se
3324 1455 3604 1517 emissam
3634 1474 3760 1517 esse
3787 1454 3920 1515 nul·

2364 1553 2510 1624 lam,
2539 1551 2901 1634 proponitur
2923 1550 2984 1611 in
3013 1550 3312 1633 praesenti
3336 1549 3592 1612 dubium
3612 1549 3919 1631 disputan-

2362 1648 2509 1710 dum
2533 1689 2550 1707 .

2482 1742 2577 1802 An
2610 1742 2686 1802 sit
2710 1742 2860 1801 lom
2894 1741 3244 1802 restitutioni
3266 1741 3334 1800 in
3361 1740 3677 1819 integrum,
3715 1739 3781 1799 in
3822 1756 3920 1800 ca-

2363 1856 2431 1898 su
2457 1846 2558 1896 etc.

2474 2028 2614 2079 Sacr.
2641 2025 2840 2095 Congr.
2861 2023 3166 2094 respondit:

2547 2114 2838 2183 Negaeive,
2862 2123 2918 2167 ss
2940 2111 3192 2183 amplias.

2775 2253 3136 2368 QUAEsrto
3167 2289 3510 2354 cxxxnz.

2399 2481 2472 2543 In
2496 2481 2690 2544 Causa
2725 2480 3070 2543 Virdunonsi
3087 2481 3481 2542 Restitutionis
3508 2480 3574 2540 in
3593 2480 3902 2559 integrum,

2785 2577 2875 2638 dis
2901 2579 3000 2638 24.
3027 2575 3330 2638 Februarii
3360 2579 3533 2635 1720.

2375 2712 2730 2846 Crispinus
2777 2763 3056 2827 Bourlier
3100 2783 3175 2826 ex
3218 2761 3458 2844 Oppido
3501 2762 3563 2824 8.
3619 2760 3932 2825 Michaelis

2378 2859 2676 2923 Dioecesis
2704 2859 3045 2922 Virdunen.
3103 2857 3531 2938 professionem
3571 2855 3930 2939 Regularem

2376 2955 2577 3018 emisit
2600 2955 2662 3015 in
2690 2953 3053 3016 Monasterio
3075 2952 3325 3015 Ordinis
3346 2952 3407 3014 S.
3437 2951 3740 3014 Benedicti
3766 2970 3933 3032 prae-

2378 3050 2519 3111 dicti
2573 3049 2832 3131 Oppidi,
2877 3056 2936 3111 et
2965 3047 3106 3110 licet
3152 3065 3188 3110 a
3228 3065 3336 3108 sua
3387 3045 3699 3129 Religione
3747 3043 3935 3106 fuerit

2377 3146 2600 3226 ejectus
2648 3154 2936 3224 tanquam
2966 3140 3435 3223 incorrigibilis,
3463 3139 3730 3221 exposcit
3769 3137 3934 3199 nihi-

2380 3238 2644 3301 lominus
2691 3236 3130 3301 restitutionem
3182 3235 3245 3296 in
3300 3236 3603 3317 integrum
3650 3234 3936 3295 adversus

2380 3331 2811 3413 professionem
2830 3330 3009 3413 longe
3040 3339 3183 3393 ante
3223 3326 3713 3409 quinquennium
3753 3325 3936 3389 emis·

2378 3445 2529 3488 sam.

2499 3520 2812 3584 Petitionis
2825 3519 3289 3583 fundamentum
3311 3516 3697 3579 constituitur
3720 3516 3780 3576 in
3809 3535 3934 3578 me-

2381 3624 2446 3676 tu
2474 3616 2614 3688 sibi,
2654 3624 2723 3676 ut
2751 3616 3003 3687 asserit,
3034 3633 3068 3675 a
3098 3613 3276 3675 Patre
3309 3612 3577 3682 incusso,
3624 3618 3685 3673 et
3709 3609 3787 3673 de
3813 3629 3939 3693 quo

2380 3716 2502 3770 tam
2525 3709 2652 3790 ipse
2668 3754 2685 3781 ,
2719 3728 2903 3790 quam
2927 3706 3030 3771 alii
3057 3708 3258 3769 Testes
3280 3704 3589 3785 deponunt
3609 3704 3940 3766 examinati

2379 3821 2582 3864 coram
2603 3804 2841 3864 Decano
2859 3801 3220 3884 collegiatae
3232 3800 3292 3861 8.
3319 3798 3601 3879 Leopoldi
3626 3797 3847 3880 Oppidi
3871 3797 3934 3859 8.

2383 3895 2696 3958 Michaelis
2730 3895 3028 3958 Dioecesis
3075 3895 3423 3957 Virdunen.
3472 3893 3551 3954 ab
3597 3893 3713 3954 hac
3758 3892 3940 3955 Sacra

2382 3988 2857 4071 Congregatione
2903 4008 3014 4070 pro
3070 3986 3432 4069 recipiendis
3478 3984 3941 4067 probationibus

2383 4082 2677 4165 delegato.

2502 4175 2813 4258 Scriptura
2838 4223 2855 4246 ,
2879 4193 3003 4237 una
3041 4193 3178 4236 cum
3214 4172 3560 4235 Summario
3600 4170 3945 4234 circumfer-

2386 4277 2487 4331 tur
2509 4317 2528 4345 ,
2549 4279 2608 4331 et
2635 4291 2712 4333 ex
2736 4270 3052 4350 utriusque
3075 4268 3303 4330 lectura
3338 4275 3624 4348 poterunt
3650 4266 3772 4328 EE.
3802 4263 3937 4325 VV.

2383 4363 2852 4445 deprehendere,
2877 4383 2955 4426 an
2983 4371 3205 4435 metus,
3236 4361 3342 4443 qui
3371 4360 3733 4441 supponitur
3756 4379 3789 4421 a
3831 4359 3941 4421 Pa-

2388 4466 2477 4519 tre
2500 4459 2771 4520 incussus
2785 4503 2801 4531 ,
2828 4456 3013 4519 fuerit
3041 4464 3234 4516 metus
3255 4454 3473 4517 cadens
3493 4454 3554 4514 in
3574 4461 3941 4514 constantem

2388 4551 2612 4613 virum.
2636 4552 2784 4613 Item
2808 4570 2886 4614 an
2922 4550 3192 4612 incussus
3211 4548 3328 4610 dici
3352 4548 3550 4611 valeat
3577 4564 3614 4608 a
3640 4547 3835 4619 Patre,
3862 4546 3941 4608 ad

2386 4648 2661 4711 effectum
2684 4643 3084 4727 extorquendi
3111 4642 3535 4726 professionem
3559 4639 3943 4719 Religiosam3

2388 4740 2515 4822 ipse
2565 4741 2786 4803 etenim
2825 4739 3138 4821 Crispinus
3187 4747 3317 4819 post
3366 4734 3696 4817 expositam
3748 4731 3944 4795 Patris

2387 4835 2651 4898 indolem
2692 4834 3100 4915 maximopere
3147 4830 3471 4913 proclivem
3506 4829 3583 4891 ad
3635 4828 3825 4897 iram,
3884 4834 3947 4888 et

2388 4932 2554 5011 quod
2583 4930 2740 4992 male
2766 4930 2845 4992 ab
2879 4949 2950 4991 eo
2981 4935 3338 4991 tractaretur
3364 4969 3382 5000 ,
3410 4925 3812 5003 interrogatus
3843 4940 3948 4981 su-

2389 5044 2497 5105 per
2523 5024 2793 5107 exposita
2817 5021 3265 5087 circumstantia
3280 5066 3299 5095 ,
3334 5037 3416 5081 an
3437 5017 3606 5090 haec,
3639 5023 3698 5077 et
3722 5014 3950 5078 similia

723 5143 828 5207 sub
848 5144 1000 5211 vita,
1023 5147 1077 5201 at
1105 5137 1326 5218 Requla
1344 5135 1620 5198 Fratrum
1639 5134 1878 5198 Ordinis
1903 5134 2288 5197 Minimomm
2392 5128 2554 5201 gesta
2582 5119 2809 5182 fuerint
2843 5137 2880 5181 a
2914 5120 3094 5181 Patre
3118 5115 3192 5178 ad
3217 5114 3425 5187 finem,
3457 5119 3518 5173 et
3538 5111 3814 5172 effectum
3839 5127 3948 5171 ex·

729 5236 937 5301 Sancti
965 5232 1258 5298 Francisci
1296 5231 1362 5292 de
1389 5229 1584 5293 Paula
1606 5277 1625 5305 ‚
1659 5233 1762 5291 sub
1798 5234 1938 5292 voti.
1976 5232 2288 5311 Paupma„
2397 5214 2711 5295 torquendi
2741 5215 2821 5276 ab
2843 5213 2973 5294 ipso
2997 5208 3420 5293 professionem
3440 5204 3800 5287 Religiosam
3819 5248 3839 5277 ,
3862 5202 3952 5266 sic

733 5333 807 5397 tis
839 5374 859 5405 ,
912 5326 1246 5400 Castitatis,
1292 5346 1363 5388 ac
1394 5323 1785 5397 obedientias,
1816 5335 1868 5387 st
1901 5324 2289 5405 Quadraqssi-

733 5426 904 5487 maiis
923 5425 1093 5485 vitae.
1526 5464 1529 5469 ·

2395 5308 2671 5390 deponit:
2706 5309 2864 5389 Dopo
2905 5308 2967 5367 di
3011 5307 3107 5367 cha
3153 5302 3420 5365 avendolo
3461 5302 3843 5377 intmoqato,
3897 5314 3953 5358 ss

2394 5422 2574 5465 avesss
2599 5404 2935 5473 conosciuto,
2956 5401 3053 5462 che
3075 5401 3100 5460 i
3112 5396 3310 5461 cattini
3339 5393 3695 5458 trattamcnti
3710 5439 3728 5465 ,
3745 5389 3828 5453 οἵ
3843 5392 3955 5472 cqli
