4393 6299
1615 548 2083 620 QuAEsTto*
2148 548 2365 606 CCXIX.

379 713 431 767 et
457 703 703 765 Dioecesi
719 705 903 785 ipsum
935 701 1221 783 Oppidum
1249 703 1453 775 Praei,
1485 703 1779 777 Homines,
1811 707 1933 766 Ha-

379 801 641 861 bitatores
665 845 679 871 ,
711 811 761 859 et
779 799 1001 859 Incolas
1021 819 1125 879 pro
1155 799 1405 879 Populo,
1443 811 1493 859 et
1529 799 1807 861 Vassallos
1831 821 1935 881 pro

391 891 687 961 Vassallis,
719 903 769 951 et
795 913 897 971 pro
931 891 1237 971 capitulo,
1269 903 1317 951 et
1353 891 1539 963 Claro,
1575 895 1933 973 Capitulum,

381 995 433 1045 et
467 985 515 1045 C
520 989 699 1045 lerum
719 1003 1042 1063 suppressae
1073 985 1417 1061 Colleqiatae
1449 987 1731 1045 Ecclesiae
1749 989 1939 1063 hujus-

383 1081 705 1139 medidiem
735 1079 1073 1138 auctoritate
1095 1079 1461 1149 concedimus,
1487 1091 1537 1139 et
1561 1083 1939 1157 assiqnumus:

383 1175 483 1235 sed
519 1195 657 1233 cum
705 1173 801 1233 his
851 1173 1101 1231 minime
1141 1173 1557 1245 obstantibu5‚
1609 1173 1941 1235 nonnullae

385 1269 543 1329 inter
568 1267 847 1349 Capitula
885 1267 1275 1339 pistoriense,
1299 1277 1359 1327 et
1389 1269 1671 1329 Pratense
1697 1279 1943 1331 exortae

387 1361 617 1424 fuerint
645 1361 1090 1423 controversiae
1117 1407 1133 1431 ‚
1169 1371 1287 1421 tam
1317 1361 1473 1423 cirea
1507 1363 1727 1423 limites
1763 1365 1939 1423 Dioe-

389 1457 537 1517 cesis
581 1455 919 1527 Pratensis,
951 1475 1133 1535 quarn
1167 1455 1323 1517 circa
1359 1457 1681 1517 Ecclesiam
1715 1459 1775 1519 S.
1809 1461 1939 1519 Ma·
1998 1447 1999 1452 ¹

389 1551 517 1613 riae
545 1551 619 1611 de
663 1551 887 1612 Pietate
933 1551 1177 1611 Petrum
1221 1549 1681 1613 Carmelitarum
1713 1553 1937 1615 Discal-

391 1653 741 1717 ceatur-uns,
773 1653 835 1705 et
871 1643 989 1705 alia
1027 1645 1323 1723 quaedam
1356 1643 1637 1707 Oratoria
1663 1693 1678 1719 ‚
1713 1669 1939 1711 necnon

391 1739 549 1801 eirca
583 1747 701 1801 tres
731 1739 1107 1801 Parochiales
1149 1739 1441 1801 Ecclesiae
1463 1785 1479 1813 ,
1525 1761 1683 1821 quae
1709 1753 1845 1803 sunt
1881 1745 1941 1805 in

393 1833 653 1895 Civitate
693 1833 859 1895 Preti
887 1879 903 1903 ‚
946 1833 1083 1893 licet
1127 1853 1333 1893 earum
1379 1833 1537 1895 Cura
1581 1837 1949 1899 Parochialis

395 1949 523 1989 stt-‚se
549 1929 833 1991 extendat
865 1947 971 2008 por
1001 1927 1269 1989 notabile
1301 1929 1563 2007 spatium
1595 1931 1779 1991 trium
1811 1933 1949 1993 mil-

400 2023 719 2083 liariornm
751 2031 923 2083 extra
955 2023 1204 2082 eandem
1235 2021 1549 2083 Civitatem
1573 2069 1589 2097 ,
1625 2025 1701 2085 ad
1735 2045 1949 2105 ampu-

401 2117 613 2179 tandas
645 2135 1037 2197 quascunque
1063 2115 1461 2179 dissensiones
1489 2119 1645 2181 dicta
1679 2121 1953 2201 Capitula

399 2231 617 2291 operae
649 2211 907 2291 pretium
937 2229 1063 2271 esse
1107 2209 1533 2273 existimarunt
1563 2215 1953 2295 compromis-

397 2325 529 2365 sum
557 2305 753 2365 facere
781 2303 841 2363 in
869 2323 1119 2385 persona
1143 2303 1421 2385 Episcopi
1454 2307 1829 2369 pistoriensis
1853 2355 1867 2383 ,
1897 2317 1957 2371 et

403 2399 726 2473 Pratensis‚
751 2399 1157 2461 intercedente
1185 2399 1368 2461 etiam
1395 2403 1751 2465 auctoritate
1779 2403 1960 2485 hujus

401 2493 463 2553 S.
499 2493 1029 2575 congregationitt,
1077 2513 1235 2573 quae
1277 2495 1367 2555 die
1407 2501 1465 2555 Β.
1515 2495 1737 2557 Martii
1781 2503 1955 2559 1719.

403 2587 901 2667 compromissum
933 2587 1323 2667 approbavit,
1359 2609 1429 2649 ea
1461 2597 1657 2649 tamen
1683 2592 1963 2669 superad-

405 2681 529 2743 dita
557 2681 905 2743 conditione
929 2727 945 2751 ,
975 2683 1139 2761 qnod
1179 2685 1411 2745 minuta
1445 2685 1633 2745 Laudi
1667 2695 1805 2747 ante
1831 2705 1965 2765 pro-

411 2773 843 2855 mulgationem
869 2775 1379 2837 transmitteretur
1400 2823 1417 2849 ,
1453 2785 1519 2837 ut
1547 2779 1621 2839 de
1649 2779 1777 2859 ejus
1791 2779 1965 2859 justi·

409 2867 491 2929 tia
509 2868 813 2949 judicium
847 2865 989 2929 ferri
1023 2877 1237 2947 posset.

527 2961 737 3021 Paruit
767 2963 1067 3023 mandatis
1097 2963 1450 3043 Episcopus,
1485 2971 1543 3023 et
1573 2963 1635 3023 in
1658 2965 1865 3025 Laudo
1887 2967 1965 3027 ab

411 3055 620 3117 eodem
645 3056 991 3117 transmisso
1009 3057 1245 3117 censuit
1273 3061 1469 3137 primo
1495 3059 1965 3121 totumTerrito-

411 3152 575 3213 rium
603 3160 771 3214 extra
815 3152 1113 3214 ambitum
1161 3172 1477 3214 murorum
1509 3154 1785 3214 Civitatis
1823 3156 1969 3216 Pra-

415 3252 535 3308 ten.
571 3264 759 3326 usque
785 3246 861 3308 ad
895 3246 1147 3308 Flumen
1179 3248 1429 3308 Bisontii
1453 3268 1579 3310 esse
1607 3250 1681 3308 de
1703 3250 1969 3310 Dioecesi

417 3338 737 3402 Pistorien.
785 3340 1045 3402 exclusis
1085 3340 1265 3402 etiam
1313 3342 1637 3402 Suburbiis
1671 3344 1971 3406 Pratensi-

416 3430 551 3494 bus.
585 3432 831 3495 Censuit
859 3436 1123 3494 secundo
1151 3434 1501 3496 oratorium
1531 3436 1591 3496 S.
1627 3438 1843 3498 Rocchi
1867 3458 1973 3498 ex-

419 3536 509 3590 tra
551 3530 789 3590 Portam
837 3528 881 3590 F
889 3528 1251 3590 lorentinam
1297 3542 1661 3592 memoratae
1705 3532 1975 3594 Civitatis

421 3624 659 3684 Praten.
711 3622 1011 3702 pertinere
1045 3624 1121 3684 ad
1153 3624 1565 3686 omnimodam
1601 3626 1975 3708 jurisdictio-

419 3736 557 3780 nem
583 3716 853 3800 ejusdem
888 3716 1181 3778 Dioecesis
1211 3720 1537 3788 Pratensis,
1559 3736 1695 3780 cum
1725 3720 1803 3782 sit
1839 3722 1975 3782 utti-

421 3820 549 3876 tum
591 3810 869 3874 societati
926 3812 1233 3892 Peregrini
1283 3812 1441 3872 intra
1485 3814 1803 3876 Civitatem
1849 3818 1977 3876 exi-

421 3904 641 3968 stenti:
687 3904 1207 3984 collationemque
1249 3906 1529 3968 Beneficii
1577 3908 1637 3968 S.
1675 3910 1977 3992 Hierony-

423 3998 507 4062 mi
535 4042 553 4071 ,
583 4006 791 4080 utpote
817 4016 1009 4078 usque
1045 4000 1116 4058 ab
1147 4020 1299 4058 anno
1333 4004 1505 4061 164⁷.
1545 4002 1621 4062 ad
1655 4002 1981 4064 Cathedra-

427 4092 556 4158 lem.
583 4094 927 4154 Pratensem
959 4092 1234 4154 translati
1267 4138 1283 4166 ,
1315 4094 1393 4156 ad
1415 4096 1523 4156 lus
1551 4096 1837 4158 Pratense
1857 4116 1983 4176 spe-

425 4194 609 4250 ctare.
639 4186 887 4248 (leuauit
909 4186 1087 4248 tertio
1123 4186 1357 4248 nullum
1385 4190 1483 4268 jus
1505 4198 1841 4270 competere
1869 4192 1979 4252 Eo-

427 4280 644 4347 oloeiae
672 4280 1019 4342 Pistoriensi
1049 4300 1233 4362 super
1261 4283 1479 4366 exigua
1510 4292 1685 4364 parte
1717 4285 1983 4346 Tot-rito-

429 4374 505 4439 rii
535 4374 847 4443 existentis
893 4374 1053 4436 ultra
1101 4374 1355 4438 Flumen
1389 4378 1635 4438 Bisentii
1667 4424 1683 4448 ,
1731 4380 1835 4440 ubi
1873 4380 1985 4442 sita

429 4468 809 4537 oetEoelesia
839 4470 901 4530 S.
949 4470 1181 4532 Mariae
1209 4470 1285 4532 de
1329 4472 1591 4544 Pietate,
1639 4492 1779 4536 cum
1825 4474 1989 4538 locus

431 4562 531 4626 hie
554 4562 713 4627 silua
729 4562 809 4626 stt
823 4572 997 4626 extra
1017 4562 1241 4626 limites
1263 4564 1561 4628 Dioecesis
1585 4566 1983 4630 Pistor-tensis.

437 4656 683 4725 (inuenit
702 4656 967 4736 denique
985 4668 1207 4736 quarto
1231 4660 1305 4718 ad
1327 4658 1721 4720 Ordinarinm
1751 4662 1987 4724 Praten.

433 4750 735 4832 privative
763 4752 959 4832 quoad
991 4752 1313 4814 Pistorien-
1341 4761 1609 4832 spectare
1627 4754 1993 4834 jurisdictio-

435 4863 573 4907 nem
599 4864 781 4926 ¹snper
811 4844 1111 4908 Parochos
1141 4846 1327 4906 trium
1357 4846 1801 4910 parochialium
1831 4850 1995 4912 civi-

437 4940 576 5008 tatis
592 4940 763 5002 Preti<
785 4938 1077 5002 habentes
1101 4940 1393 5020 populum
1417 4942 1481 5000 in
1507 4942 1773 5006 Dioeceai
1805 4944 1997 5006 Pisto·

439 5032 621 5100 riomi
651 5077 671 5106 2
697 5041 757 5105 al
783 5032 859 5094 ad
891 5052 1033 5096 eum
1071 5034 1375 5114 pertinere
1415 5034 1661 5098 illorum
1695 5040 1999 5120 approba·-

440 5126 674 5192 tionem
693 5170 713 5200 ,
738 5128 1185 5190 ‹institution-m
1215 5176 1229 5198 ,
1261 5138 1323 5192 et
1351 5130 1753 5210 punitione'm,
1785 5146 1999 5214 quate-

439 5237 565 5289 nus:
581 5222 645 5284 in
673 5222 969 5284 exercitio
995 5222 1193 5284 Curae
1215 5224 1577 5286 Animarum
1601 5226 1995 5310 deliquerint,

3298 545 3403 597 2⁸3

2160 704 2648 765 Fundamentum
2686 703 2874 765 Laudi
2908 749 2922 773 ,
2958 703 3018 761 in
3062 719 3132 760 eo
3168 699 3328 779 quod
3372 695 3584 757 attinet

2044 799 2116 857 ad
2152 799 2584 857 restrictionem
2618 797 2916 859 Dioeeesis
2944 795 3242 857 Pratensis
3264 795 3422 851 intra
3454 811 3586 849 nnt-

2046 911 2142 951 ros
2182 893 2490 961 Civitatis,
2540 891 2796 953 exclusis
2838 891 3016 951 etiam
3052 887 3375 949 Suburbiis
3402 931 3416 956 ,
3470 903 3588 943 non

2046 987 2430 1047 constituitur
2452 987 2512 1045 in
2548 987 2806 1047 recitatis
2834 987 3036 1045 verbis
3060 983 3266 1043 Bullae
3302 983 3592 1041 Innocen-

2052 1079 2248 1139 tianae
2276 1125 2290 1149 ,
2326 1099 2432 1139 nec
2461 1081 2520 1139 in
2556 1079 2942 1158 dispositione
2964 1079 3168 1151 turim
3206 1077 3444 1155 dejure
3472 1083 3592 1133 ete-

2050 1175 2174 1231 nim
2204 1183 2334 1245 est,
2368 1175 2527 1253 quod
2564 1175 2868 1235 Subur-hia
2902 1173 3142 1233 veniant
3182 1171 3296 1229 suh
3328 1167 3596 1247 appella-

2052 1265 2212 1325 tione
2248 1267 2520 1327 Civitatis
2548 1313 2562 1339 ‚
2611 1269 2762 1329 itaut
2786 1315 2802 1341 ‚
2842 1276 2908 1329 ut
2944 1277 3174 1329 caetera
3216 1273 3596 1345 praeterean-

2052 1369 2150 1421 tur
2174 1407 2190 1431 ,
2222 1363 2628 1439 exprobrante
2662 1363 3014 1425 Casaubono
3048 1361 3246 1421 clarae
3278 1357 3602 1417 memoriae

2050 1453 2428 1517 Cardinalem
2462 1457 2786 1517 Bar-onium
2810 1457 3126 1527 dicentem,
3158 1453 3464 1515 Christum
3492 1471 3602 1513 na-

2054 1559 2178 1609 tum
2198 1571 2324 1609 esse
2340 1550 2400 1609 in
2424 1551 2750 1611 Suburhiis
2766 1549 3216 1623 Bethlemiticis,
3238 1547 3408 1629 quasi
3436 1544 3598 1625 quod

2056 1643 2114 1703 id
2158 1665 2436 1723 expresse
2482 1647 2834 1707 adversetur
2886 1645 3218 1725 Evangelio
3244 1689 3262 1715 ,
3314 1641 3475 1721 quod
3518 1639 3606 1699 ait

2054 1737 2358 1799 Christum
2392 1749 2596 1799 natum
2618 1741 2680 1801 in
2704 1739 3006 1813 Bethlem,
3038 1749 3176 1819 apte
3202 1735 3604 1817 respondeba-

2056 1841 2154 1893 tur
2200 1834 2504 1895 Christum
2554 1835 2668 1895 dici
2722 1855 2890 1915 posse
2928 1843 3138 1895 natum
3186 1833 3248 1893 in
3286 1827 3610 1893 Subur-biis

2060 1925 2522 1999 Bethlemiticis,
2560 1947 2696 1989 curn
2742 1927 3144 2007 appellatione
3186 1925 3456 1985 Bethlem
3506 1941 3607 1981 ve-

2061 2023 2234 2083 niant
2262 2023 2390 2103 ejus
2412 2021 2738 2083 Suburbia.
2766 2023 3252 2083 Fundamentum
3274 2019 3480 2099 itaque
3498 2025 3614 2077 stat

2064 2115 2126 2175 in
2150 2115 2518 2187 immediata,
2550 2127 2606 2177 et
2634 2117 2980 2177 continuata
3010 2115 3416 2187 observantia,
3437 2115 3612 2193 juxta

2066 2229 2250 2289 quam
2286 2210 2640 2291 regelantur
2668 2211 2848 2271 etiarn
2878 2219 3146 2271 caeterae
3174 2217 3370 2289 partes
3398 2205 3612 2275 Laudi,

2064 2313 2122 2365 et
2144 2325 2212 2365 ea
2247 2351 2262 2373 ,
2298 2325 2454 2383 quae
2512 2307 2748 2385 respicit
2776 2305 3206 2385 subjectionem
3245 2301 3456 2381 Populi
3485 2299 3616 2359 exi—

2066 2401 2276 2459 stentis
2330 2401 2390 2459 in
2448 2401 2710 2461 Dioecesi
2772 2399 3114 2461 pistoriensi
3136 2445 3152 2471 ,
3208 2399 3308 2459 sed
3366 2393 3618 2475 subjecti

2074 2493 2380 2555 Paroehiis
2408 2495 2806 2555 existentibus
2832 2495 2892 2555 in
2924 2495 3178 2555 Civitete
3208 2495 3368 2555 Prati
3398 2537 3416 2565 ,
3450 2509 3622 2571 prae-

2078 2589 2252 2669 cipue
2276 2589 2560 2649 innititnr
2582 2589 2871 2669 suffragio
2904 2609 3010 2669 pro
3040 2589 3292 2649 veritate
3320 2595 3566 2649 exarato
3592 2603 3628 2647 a

2072 2683 2270 2743 clarae
2298 2683 2624 2745 memoriae
2648 2683 2954 2745 Cardinali
2986 2683 3304 2765 Sperellio,
3336 2683 3480 2743 dum
3504 2679 3625 2741 Ad-

2076 2775 2266 2837 vocati
2294 2797 2544 2839 munere
2578 2777 2944 2859 fungebatur
2970 2777 3032 2837 in
3068 2779 3250 2839 Urbe.

2192 2873 2364 2933 Nunc
2392 2881 2590 2933 autem
2624 2872 2788 2933 nulla
2834 2871 2948 2933 fuit
2972 2883 3144 2953 capta
3176 2869 3490 2941 resolutio,
3526 2867 3630 2927 aed

2080 2965 2432 3045 rescriptum
2468 2965 2584 3027 fuit
2616 2969 2690 3027 ud
2724 2967 3024 3025 Dominum
3058 2965 3440 3025 Serreturium
3458 2965 3638 3041 juxta

2078 3073 2346 3135 mentem,
2381 3071 2439 3123 et
2476 3081 2644 3123 mens
2687 3061 2838 3133 fuit,
2870 3063 3030 3141 quod
3076 3061 3208 3121 licet
3242 3059 3516 3121 Laudnm
3560 3057 3638 3117 ab

2076 3158 2370 3238 Episcopo
2412 3158 2712 3238 prolatum
2758 3158 2930 3218 bonis
2972 3156 3310 3218 rationibus
3356 3154 3636 3214 innixum

2078 3272 2204 3314 esse
2232 3252 2570 3324 videretur,
2593 3260 2652 3312 et
2674 3252 2982 3332 signanter
3008 3272 3144 3312 cum,
3168 3250 3398 3310 editum
3432 3246 3640 3308 fuisset

2076 3350 2254 3430 juxta
2288 3366 2562 3406 normam
2596 3346 2960 3406 insinuatam
2992 3346 3056 3404 in
3086 3343 3374 3424 suffragio
3402 3360 3512 3422 pro
3540 3360 3642 3402 ve-

2086 3444 2264 3502 ritate
2314 3450 2560 3502 exarato
2608 3460 2642 3500 a
2688 3438 2834 3500 clar.
2886 3459 3064 3500 mem.
3094 3440 3270 3500 Card.
3316 3434 3642 3518 Sperellio,

2035 3614 2036 3617 Ἴ
2084 3536 2230 3596 dum
2281 3536 2568 3594 Advocati
2618 3552 2866 3594 munere
2914 3532 3280 3614 fungebatur
3328 3530 3392 3590 in
3446 3526 3642 3600 Urbe,

2088 3631 2484 3692 necessarium
2509 3628 2906 3688 nihilominus
2925 3626 3122 3686 visum
3151 3626 3262 3686 fuit
3282 3670 3298 3698 ,
3320 3624 3480 3706 quod
3506 3632 3646 3684 anto

2030 3771 2031 3776 1
2088 3722 2278 3784 Leuffi
2330 3722 2856 3802 approbationem,
2906 3720 3200 3780 nonnulla
3242 3718 3646 3798 explanaren-

2090 3828 2224 3891 tur;
2252 3836 2388 3878 cum
2414 3818 2636 3878 etenim
2662 3816 2736 3878 ad
2772 3816 3040 3878 tramites
3066 3814 3336 3896 suffragii
3360 3832 3498 3874 mox
3526 3830 3650 3872 me-

2092 3912 2307 3974 morati
2360 3912 2538 3974 Card.
2594 3910 2890 3992 Sperelli,
2950 3910 3278 3990 Episcopus
3332 3908 3394 3968 in
3444 3906 3652 3968 Laudo

2094 4006 2332 4088 prolato
2378 4006 2678 4068 censuerit
2724 4004 2798 4066 ad
2838 4002 3230 4066 Ordinarium
3272 4002 3650 4072 Prateusem,

2100 4100 2396 4182 privative
2426 4100 2624 4180 quoad
2658 4098 3078 4160 Pistoriensem
3114 4104 3380 4178 spectare
3400 4092 3654 4176 jurisdi-

2096 4194 2354 4256 ctionem
2404 4212 2586 4274 super
2639 4192 2936 4254 parochos
2976 4192 3162 4279 trium
3212 4188 3656 4252 parochialium

2094 4288 2370 4350 Civitatis
2408 4286 2574 4348 Prati
2614 4284 2902 4348 habentes
2954 4284 3252 4366 Populum
3298 4284 3362 4344 in
3390 4280 3658 4344 Dioeoeui

2098 4380 2482 4462 Pistoriemi‘,
2530 4390 2591 4442 et
2627 4382 2702 4443 ad
2738 4398 2878 4442 eum
2920 4380 3220 4462 pertinere
3262 4376 3508 4438 illorum
3554 4392 3662 4456 ap-

2100 4476 2552 4558 probationem,
2606 4474 3044 4538 institutionem
3070 4522 3086 4544 ,
3130 4482 3190 4534 et
3240 4470 3616 4552 punitionem
3640 4514 3658 4542 ,

2098 4580 2400 4654 quatenus
2448 4570 2512 4632 in
2554 4570 2844 4632 exercitio
2882 4570 3080 4632 Curae
3108 4568 3472 4628 Animarum
3512 4563 3666 4626 deli-

2099 4668 2410 4748 quissent,
2442 4675 2794 4728 remanente
2818 4664 2894 4726 de
2912 4672 3146 4726 caetero
3174 4662 3382 4722 eodem
3408 4658 3664 4738 Populo,

2104 4762 2370 4842 exeeptis
2396 4758 2502 4832 iis,
2530 4777 2692 4840 quae
2726 4758 3028 4838 pertinent
3054 4754 3130 4818 ad
3158 4752 3380 4816 Curam
3416 4750 3668 4815 Anima-

2055 4912 2056 4915 ,
2104 4874 2242 4914 rum
2262 4899 2278 4926 ,
2300 4854 2416 4916 ,sub
2430 4852 2912 4936 iurisdietionem
2930 4848 3242 4912 Ordiuarii
3264 4844 3666 4935 Pistorienaio,

2106 4950 2184 5010 ad
2218 4948 2662 5028 praecavendas
2694 4944 2932 5006 suturas
2957 4944 3094 5004 lites
3114 4988 3130 5016 ‚
3160 4958 3383 5022 operae
3408 4938 3670 5020 pretium

2108 5042 2520 5105 existimtum
2554 5040 2702 5114 fuit,
2742 5048 2882 5102 ante
2912 5038 3109 5100 Londi-
3136 5033 3668 5119 approbationem,

2112 5136 2518 5218 perpendere,
2548 5135 2624 5198 ad
2655 5150 2838 5216 quem
2860 5152 2938 5194 ex
2966 5132 3138 5194 dictis
3166 5126 3532 5202 ordinariis,
3558 5126 3674 5190 troc

2109 5237 2234 5302 est,
2280 5246 2358 5290 an
2402 5228 2478 5290 ad
2522 5228 2900 5300 Pratensem,
2954 5224 3044 5288 vel
3088 5224 3164 5286 ad
3212 5220 3670 5294 Pistoriensem,

439 5316 899 5380 mentedo
933 5324 1169 5378 caetero
1199 5318 1410 5380 eodem
1440 5320 1667 5400 populo
1689 5364 1707 5392 ,
1741 5326 2005 5404 exceptis
2054 5312 2062 5334 ²
2114 5324 2414 5406 pertineat
2454 5341 2710 5386 examen
2744 5320 2944 5402 quoad
2980 5326 3184 5382 status·
3206 5316 3430 5378 liberos
3463 5318 3678 5378 eorum

427 5408 555 5486 iia,
579 5428 741 5490 quae
766 5412 1170 5490 pertinenter}
1195 5412 1419 5474 Curam
1452 5414 1815 5478 Animarum
1839 5464 1857 5492 ,
1889 5418 2005 5482 suh
2058 5424 2061 5428 '
2119 5416 2666 5490 Parochianorum,
2696 5412 2804 5494 qui
2842 5412 3072 5496 degunt
3108 5418 3280 5474 extra
3318 5408 3636 5470 Civitatem
3656 5454 3674 5480 ,

427 5501 861 5586 ‘inmitationem
885 5504 1199 5566 ordinarii
1221 5506 1621 5572 pistoriensis.

773 5626 979 5664 ιιι-ιο.
1025 5629 1135 5664 nv.
1178 5627 1325 5669 τοι.
1375 5617 1486 5695 XII.

2060 5526 2066 5576 i
2118 5522 2178 5576 et
2204 5512 2312 5594 qui
2338 5510 2688 5576 nuhauntur
2716 5506 3024 5572 Paroehiis
3052 5506 3114 5570 in
3144 5504 3402 5568 civitate
3424 5502 3682 5566 existen-

3248 5615 3316 5666 37
