4393 6299
1656 511 2125 579 'stiesrio
2198 495 2376 566 cxxx
3349 493 3452 557 ils

549 666 752 730 Prima
785 675 913 738 est,
950 664 1092 745 quia
1126 654 1389 727 Nuntius
1426 683 1545 725 non
1574 661 1757 726 babet
1790 663 1972 745 juris-
2025 683 2033 736 i
2082 664 2503 729 Florentinum
2523 683 2694 730 suam
2717 662 3624 745 inconcusse'exereerejutisdi·

434 761 753 825 dictionem
775 762 837 822 in
859 757 1121 822 Dioecesi
1157 759 1420 830 Lucana,
1442 758 1504 818 in
1527 778 1647 839 qua
1672 757 1975 837 Oppidum
2024 739 2033 862 Ι
2082 760 2343 825 ctionem
2373 762 2437 823 in
2468 769 2589 822 tota
2631 757 2859 821 ditione
2883 758 3124 821 subdita
3167 761 3233 820 in
3281 757 3626 837 temporali-

432 864 845 935 nuncupatum
878 855 1048 915 Petra
1080 853 1295 913 Sancta
1341 851 1521 912 situm
1568 862 1660 914 est
1685 897 1701 923 ,
1748 862 1805 913 et
1843 852 1979 914 licet
2025 867 2033 962 ἱ
2087 856 2203 919 hus
2228 857 2450 934 Magno
2491 853 2640 916 Duci
2673 853 2999 916 Hetruriae
3023 899 3040 926 ,
3076 861 3138 915 et
3186 853 3271 915 sic
3296 852 3475 914 etiam
3523 871 3630 933 per

436 948 586 1010 illud
613 948 905 1029 pertineat
931 949 1003 1008 ad
1036 945 1384 1006 Dominium
1416 945 1743 1024 temporale
1773 946 1974 1026 Magni
2025 965 2032 1013 ε
2076 969 2453 1029 consequens
2473 951 2533 1010 in
2563 948 2798 1028 Oppido
2827 948 3038 1011 Petrae
3054 948 3325 1016 Sanctae,
3356 947 3516 1027 quod
3540 955 3628 1010 est

433 1043 615 1104 Ducis
644 1042 968 1103 Helrm‘iae
988 1085 1003 1111 i
1042 1060 1176 1100 cum
1212 1047 1415 1118 lamen&
1441 1038 1777 1120 antiquitus
1796 1039 1979 1101 fuerit
2026 1020 2032 1100 ῗ
2082 1047 2277 1107 eidem
2303 1047 2525 1126 Magno
2551 1044 2696 1105 Duci
2723 1043 2785 1103 in
2815 1043 3246 1124 temporalibus
3267 1043 3625 1122 subjectum,

429 1136 545 1197 sub
571 1137 809 1197 Ditione
831 1133 1216 1215 Reipublicae
1248 1135 1524 1196 Lucanae
1545 1180 1563 1206 ,
1593 1134 1978 1195 contenditur
2002 1131 2031 1177 ‘f
2082 1140 2287 1202 allatis
2309 1139 2599 1220 exemplis
2633 1158 2809 1200 usum
2841 1139 3086 1221 hujusce
3104 1137 3540 1221 jurisdictionis
3562 1136 3626 1198 in

427 1230 581 1292 illud
636 1250 869 1311 semper
916 1229 1267 1290 remansisse
1318 1230 1433 1290 sub
1479 1230 1620 1310 jure
1673 1227 1972 1309 spirituali
2026 1215 2033 1275 ἶ
2080 1236 2241 1298 dicto
2272 1234 2508 1315 Oppido
2534 1232 3089 1313 comprobantibus:
3113 1251 3436 1311 ansqueeo
3464 1231 3626 1311 quod

427 1323 703 1404 Episcopi
726 1325 973 1393 Lucani.
995 1324 1155 1384 etsie
1174 1343 1406 1404 semper
1428 1323 1610 1384 fuisse
1629 1331 1972 1402 exemptum
2026 1295 2033 1386 ἶ
2083 1330 2348 1393 defectus
2370 1329 2768 1413 jurisdictioni
2786 1349 2814 1388 s
2846 1327 3075 1390 desumi
3101 1327 3300 1390 valeat
3323 1347 3399 1388 ex
3426 1325 3627 1406 quati-

430 1435 467 1479 a
500 1418 915 1503 iurisdictione
947 1417 1352 1479 Nuntiaturae
1382 1416 1803 1489 Florentinae,
1839 1436 1976 1478 cuin
2026 1393 2034 1468 ἶ
2080 1431 2215 1485 tate
2245 1422 2469 1485 Causae
2501 1421 2908 1491 Beneficialisg
2937 1422 3209 1501 quaestio
3246 1418 3469 1482 etenim
3493 1426 3626 1481 erat

430 1530 467 1574 a
488 1512 772 1575 Dominio
791 1558 807 1585 ,
836 1520 898 1574 et
918 1511 1333 1594 jurisdictione
1362 1511 1674 1592 temporali
1708 1530 1825 1572 non
1871 1528 1974 1572 va·

434 1699 717 1761 ritualem
740 1742 757 1760 .

547 1793 816 1855 Secunda
843 1801 953 1865 est,
984 1793 1130 1874 quia
1156 1793 1418 1856 Nuntius
1441 1792 1824 1855 Florentinus
1853 1810 1971 1853 non

427 1888 610 1950 babet
630 1888 1108 1969 jurisdictionem
1145 1888 1208 1948 in
1249 1887 1457 1950 Causis
1476 1887 1969 1960 Beneficialibus‚

428 1981 626 2061 qualis
652 1982 872 2044 dicitur
900 2001 992 2054 ea,
1018 1982 1094 2044 de
1121 2001 1243 2063 qua
1272 2001 1432 2044 nunc
1453 1982 1675 2062 agitur,
1698 1988 1759 2043 et
1784 1980 1972 2041 multe

427 2075 618 2157 magis
648 2120 665 2147 ,
707 2095 842 2137 cum
871 2075 935 2137 in
965 2076 1257 2138 sententia
1287 2095 1405 2137 non
1435 2076 1629 2138 solum
1670 2074 1855 2137 fuerit
1885 2075 1972 2135 di·

422 2179 610 2241 ctum,
632 2169 795 2250 quod
823 2170 1108 2231 Sacerdos
1130 2169 1204 2232 de
1230 2170 1572 2232 Valentinis
1597 2179 1727 2233 erat
1750 2169 1972 2232 babilis

425 2262 503 2325 ad
533 2263 753 2325 Curam
776 2264 1131 2325 Animarum
1161 2310 1177 2337 ,
1221 2266 1322 2326 sed
1364 2266 1618 2327 ulterius
1666 2266 1725 2326 in
1762 2265 1971 2326 eadem

424 2357 541 2419 suit
564 2358 855 2437 Episcopo
896 2360 1140 2420 Lucano
1163 2359 1592 2422 demandatum
1621 2406 1638 2433 ,
1668 2369 1736 2422 ut
1762 2359 1852 2421 illi
1909 2361 1970 2420 in

421 2451 844 2532 Praepositum
889 2455 1236 2515 concederet
1267 2454 1727 2516 institutionem.

541 2548 739 2608 Tertia
771 2556 857 2608 est
883 2593 898 2620 ,
935 2548 1077 2627 quia
1126 2548 1492 2612 Nuntiatura
1549 2548 1829 2629 processit
1869 2568 1973 2628 per
2021 2569 2027 2620 i

423 2641 582 2703 viam
630 2640 1049 2721 appellationis
1075 2687 1091 2714 ,
1143 2642 1419 2723 adeoque
1451 2642 1755 2723 indigebat
1809 2650 1968 2704 acto·
2021 2632 2027 2698 Ι

421 2754 558 2795 rum
591 2735 1113 2815 transportatione,
1143 2755 1299 2815 quae
1320 2746 1519 2798 tamen
1543 2737 1697 2798 facta
1727 2756 1843 2796 non
1874 2756 1970 2798 as·
2022 2807 2026 2818 .

2076 2842 2297 2896 runtur
2317 2833 2646 2895 aTestibus
2676 2831 2740 2892 in
2774 2831 2941 2892 Sum.
2970 2851 3127 2890 num.
3159 2836 3215 2891 3.
3244 2840 3296 2889 ιε
3327 2849 3482 2889 num.
3517 2835 3619 2891 20.

2020 2933 2026 3006 ξ
2077 2939 2137 2990 et
2154 2927 2465 2991 citationes
2498 2925 2681 2987 fuisse
2710 2924 2896 2986 factas
2928 2924 3105 3005 juxta
3144 2921 3370 3004 stylum
3399 2923 3620 2984 Tribu-

2020 3013 2026 3090 Ξ
2076 3023 2267 3093 nelis,
2297 3021 2457 3103 quod
2487 3019 2752 3099 procedit
2780 3039 2887 3098 per
2910 3018 3253 3079 affixionem
3272 3016 3519 3079 cedulae
3544 3017 3623 3080 ad

425 2829 1011 2914 corinun-„subdendo
1037 2877 1052 2902 ,
1082 2832 1246 2911 quod
1277 2832 1326 2892 si
1365 2831 1790 2912 transportatio
1819 2831 1969 2893 facta

421 2923 627 2985 fuisset
656 2971 670 2993 ,
700 2923 1174 3003 imperceptibile
1207 2933 1379 2993 esset,
1407 2925 1568 3005 quod
1600 2925 1965 2988 Nuntiatum

422 3017 880 3097 appellationem
901 3027 1277 3098 acceptasset,
1306 3039 1444 3081 cum
1473 3019 1832 3081 Valentinus
1853 3039 1961 3098 ap-

423 3111 737 3193 pellaverit
790 3131 823 3173 a
874 3131 990 3172 non
1037 3111 1400 3175 admissione
1440 3112 1515 3175 ad
1564 3131 1788 3174 novum
1831 3132 1972 3175 exa·
2018 3105 2025 3188 ξ

425 3225 581 3277 men,
613 3206 853 3286 quando
885 3207 1211 3285 Episcopus
1241 3227 1359 3268 non
1391 3207 1681 3269 recusarit
1720 3227 1858 3268 eum
1889 3208 1964 3269 ad
2019 3191 2025 3209 ⁸

424 3318 647 3361 novum
675 3319 928 3360 examen
950 3298 1288 3374 admittere,
1318 3301 1419 3362 sed
1452 3300 1553 3363 tali
1590 3301 1756 3381 quali
1794 3303 1969 3363 modo
2017 3300 2024 3379 ξ

424 3391 617 3463 dixit,
647 3412 711 3453 se
736 3412 861 3453 esse
889 3414 1026 3454 cum
1058 3394 1464 3456 admissurum
1493 3440 1511 3467 ,
1560 3395 1761 3457 statim
1817 3416 1885 3457 ac
1931 3416 1967 3458 a
2016 3388 2023 3457 ὲ

422 3486 764 3547 visitatione
787 3487 1093 3560 rediisset,
1126 3487 1212 3550 uti
1251 3488 1586 3551 desumitur
1611 3508 1689 3551 ex
1734 3499 1968 3554 attesta-

427 3578 590 3641 tione
610 3580 989 3642 cancellarii.

536 3674 766 3748 Quarta
793 3674 1029 3736 tandem
1063 3682 1151 3737 est
1174 3722 1190 3749 ,
1228 3677 1376 3758 quia
1407 3677 1699 3740 sententia
1735 3677 1964 3758 prolata

417 3765 533 3830 fuit
554 3778 759 3830 contra
784 3769 1194 3831 Promotorem
1218 3770 1506 3833 Fiscalem
1533 3771 1749 3833 Curiae
1775 3773 1965 3833 Luca·

419 3880 533 3923 nae
559 3907 575 3933 ,
606 3863 836 3942 absque
865 3880 937 3923 eo
966 3863 1124 3942 quod
1183 3862 1369 3926 fuerit
1400 3862 1527 3944 ipse
1562 3863 1816 3938 citatus3
1856 3885 1962 3927 nec

416 3955 576 4017 enim
601 3956 744 4018 satis
764 3975 889 4018 esse
911 3956 1132 4019 dicitur
1159 3957 1364 4019 citatio
1388 3978 1494 4039 per
1516 3958 1859 4020 affixionem
1884 3957 1961 4020 ad

416 4049 622 4112 valvas
649 4098 665 4120 ,
690 4069 827 4112 cum
860 4050 1005 4112 haec
1038 4051 1154 4112 sibi
1181 4052 1442 4114 vindicet
1463 4050 1684 4124 locum,
1709 4050 1953 4132 quando

418 4161 539 4203 non
563 4142 741 4204 datur
772 4152 932 4203 tutus
952 4162 1216 4205 accessus
1231 4188 1248 4204 .

533 4236 823 4317 Excipite
844 4246 1050 4299 contra
1077 4239 1364 4301 Sacerdos
1394 4239 1666 4302 Andreas
1694 4238 1962 4301 Valenti-

417 4347 532 4389 nus
556 4374 572 4401 ,
605 4330 768 4410 quod
788 4332 1081 4392 sententia
1106 4331 1182 4394 ad
1215 4333 1308 4394 sui
1350 4332 1618 4394 savorem
1648 4333 1875 4413 prolata
1919 4354 1955 4397 a

414 4423 776 4485 Nuntiatura
818 4423 1167 4487 Florentina
1190 4472 1207 4500 ‚
1235 4428 1460 4488 nedum
1501 4436 1589 4489 est
1617 4429 1781 4509 justa
1809 4475 1826 4502 ‚
1861 4438 1955 4491 ut-

417 4523 554 4598 pote
582 4517 792 4579 innixa
815 4517 1109 4580 Relationi
1140 4520 1664 4593 Examinatorum‚
1701 4522 1959 4602 aliisque

416 4610 784 4672 documentis
816 4631 987 4673 suam
1036 4614 1422 4676 idoneitatem
1443 4664 1458 4687 ,
1513 4625 1571 4677 et
1600 4618 1959 4696 probitatem

415 4704 963 4767 demonstrantibus
989 4751 1006 4779 ,
1035 4708 1138 4768 sed
1165 4709 1327 4788 quod
1361 4710 1613 4772 ulterius
1663 4716 1752 4771 est
1799 4710 1951 4771 vali-

416 4798 491 4860 da
518 4844 535 4871 ,
561 4819 637 4859 ex
655 4817 778 4878 quo
799 4800 1089 4881 allegatae
1119 4823 1151 4864 a
1187 4803 1536 4866 Promotore
1566 4805 1780 4867 Fiscali
1814 4804 1951 4865 nul-

413 4888 609 4953 litates
639 4911 757 4952 non
782 4894 1135 4958 subsistunt.

521 4986 598 5048 Et
618 4986 682 5047 in
712 5006 782 5048 eo
802 4988 1080 5069 quidem,
1106 4990 1268 5069 quod
1314 4991 1524 5055 attinet
1553 4992 1627 5054 ad
1658 4991 1954 5054 defectum

412 5079 852 5142 Jurisdictionis
876 5126 892 5152 ‚
930 5082 1023 5142 vel
1059 5083 1206 5162 quia
1229 5083 1532 5165 Oppidum
1575 5086 1786 5147 Petrae
1811 5085 1955 5146 San·

413 5179 542 5234 ctae
589 5183 677 5236 est
728 5174 789 5233 in
842 5174 1261 5254 spiritualibus
1306 5178 1636 5258 subjectum
1666 5178 1959 5258 Episcopo

414 5265 662 5327 Lucano
686 5311 703 5338 ,
754 5266 848 5327 vel
893 5267 1037 5346 quia
1090 5268 1354 5330 Nuntius
1405 5269 1790 5332 Florentinus
1831 5291 1953 5332 non

412 5359 591 5421 babet
617 5360 1094 5442 jurisdictionem
1130 5363 1190 5424 in
1224 5364 1432 5426 Causis
1457 5364 1954 5441 Beneficialibus,

427 1605 549 1668 leat
571 1606 762 1669 illatio
780 1607 857 1669 ad
877 1607 1241 1679 dominium,
1267 1614 1327 1669 et
1349 1606 1833 1689 jurisdictionem
1852 1605 1973 1685 spi·
2026 1595 2032 1642 ⁵
2078 1535 2264 1598 ’uper
2303 1519 2626 1579 'doumme
2646 1565 2659 1584 ⁹
2693 1525 2751 1577 et
2783 1514 3099 1579 hnb'hmo
3124 1515 3523 1588 Pmmmau’
3565 1522 3627 1575 οἱ

2082 1631 2264 1693 super
2295 1613 2425 1694 ejus
2472 1610 2907 1691 approbatione
2932 1656 2949 1683 ,
3012 1609 3107 1672 vel
3161 1610 3621 1688 reprobatioue3

2082 1724 2345 1786 cumque
2369 1723 2486 1765 non
2517 1712 2667 1767 esset
2689 1722 2867 1781 super
2896 1703 3071 1765 titulo
3103 1702 3404 1775 beneficii,
3433 1703 3626 1766 Causa

2073 1797 2305 1862 idcirco
2328 1796 2694 1860 beneficialis
2720 1795 2836 1858 dici
2868 1816 2987 1859 non
3011 1806 3264 1878 poterat.

2199 1895 2271 1955 In
2299 1898 2530 1974 eoque',
2559 1892 2722 1974 quod
2749 1899 2972 1972 spectat
2997 1890 3074 1955 ad
3104 1899 3501 1972 assumptum,
3526 1890 3623 1953 vel

2074 1987 2240 2068 quod
2285 1987 2568 2049 admissio
2611 1986 2686 2047 ad
2717 2004 2941 2046 novum
2980 2003 3232 2048 examen
3271 2004 3391 2046 non
3440 1984 3627 2048 fuerit

2079 2083 2160 2144 ab
2184 2082 2479 2162 Episcopo
2506 2083 2745 2161 rejecta,
2776 2079 2874 2142 sed
2901 2088 3140 2141 tantum
3166 2078 3351 2142 dilata
3371 2079 3446 2141 ad
3468 2087 3620 2140 tem·

2080 2196 2193 2256 pus
2219 2176 2312 2237 sui
2349 2176 2578 2238 reditus
2603 2195 2637 2237 a
2675 2175 2854 2236 Sacra
2879 2174 3239 2235 visitatione
3260 2219 3276 2245 ,
3325 2173 3419 2234 vel
3461 2172 3627 2254 quod

2077 2271 2298 2333 debitis
2323 2270 2514 2331 modis
2540 2317 2554 2340 ,
2580 2276 2641 2330 et
2672 2269 2879 2330 formis
2915 2288 3034 2330 non
3082 2268 3265 2331 suerit
3310 2268 3624 2331 Promotor

2074 2363 2326 2426 Fiscalis
2351 2364 2569 2425 Curiae
2595 2364 2871 2424 Lucanae
2898 2361 3112 2424 citatus
3138 2407 3155 2434 ‚
3197 2361 3403 2422 subdit
3448 2381 3626 2441 saepe

2079 2468 2442 2521 memoratus
2470 2456 2829 2518 Valentinus
2853 2501 2870 2528 ,
2921 2474 3040 2516 non
3080 2454 3504 2518 admissionem
3544 2452 3623 2518 ad

2076 2571 2305 2615 novum
2332 2570 2583 2612 examen
2612 2550 2755 2611 satis
2776 2549 3006 2611 desumi
3047 2569 3123 2612 ex
3149 2547 3348 2610 verbis
3374 2549 3453 2610 ab
3483 2549 3625 2629 Epi·

2076 2667 2254 2726 scopo
2300 2646 2545 2727 prolatis
2568 2693 2585 2716 ,
2623 2644 2931 2706 occasione
2962 2663 3082 2724 qua
3120 2662 3227 2724 pro
3283 2661 3442 2705 uovo
3483 2662 3624 2706 exa·

2077 2742 2241 2802 mine
2262 2740 2454 2802 eidem
2483 2738 2844 2820 supplicavit
2869 2783 2884 2809 ,
2926 2737 3101 2818 juxta
3132 2756 3203 2798 ea
3228 2782 3245 2809 ,
3287 2755 3445 2816 quae
3468 2735 3622 2798 refe-

2075 3117 2284 3180 valvas
2320 3115 2629 3179 vicinioris
2653 3114 2953 3176 Ecclesiae
2995 3112 3220 3195 positae
3261 3111 3420 3174 intra
3469 3110 3617 3173 fines

2076 3210 2322 3272 ditionis
2345 3208 2545 3290 Magni
2565 3207 2746 3268 Ducis
2775 3206 3118 3276 Hetruriae,
3147 3205 3391 3284 quando
3418 3204 3621 3284 agitur

2074 3305 2362 3367 adversus
2388 3302 2599 3364 Curias
2622 3298 3033 3380 Episcopales,
3065 3317 3225 3379 quae
3266 3305 3407 3358 sunt
3447 3305 3621 3359 extra

2073 3397 2364 3460 ditionem
2393 3394 2801 3456 Florentinam
2822 3437 2837 3463 ,
2867 3391 3005 3454 licet
3032 3391 3093 3451 in
3118 3409 3187 3453 ea
3213 3390 3480 3451 babeant.
3503 3389 3618 3450 ali-

2071 3510 2257 3573 quam
2285 3489 2580 3552 Dioecesis
2613 3495 2843 3566 partem
2866 3531 2883 3559 ,
2919 3486 3002 3546 uti
3038 3492 3286 3546 testatur
3313 3483 3620 3561 Cancella-

2072 3586 2201 3647 rius
2232 3586 2295 3646 in
2340 3602 2495 3645 sum.
2544 3601 2703 3641 num.
2742 3585 2836 3642 19.
2881 3578 3465 3659 praeterquamquod
3496 3596 3620 3640 una

2069 3677 2273 3741 citatio
2293 3676 2407 3738 fuit
2430 3674 2821 3754 personaliter
2853 3682 3101 3735 executa
3130 3682 3337 3734 contra
3369 3670 3617 3735 Cancel-

2072 3771 2293 3834 larium
2321 3767 2549 3831 vicarii
2583 3767 2837 3829 Forauei
2866 3768 3076 3829 Petrae
3095 3766 3349 3828 Sanctae
3373 3810 3391 3839 ,
3425 3764 3514 3827 uti
3545 3764 3613 3827 in

2070 3865 2239 3928 Sum.
2271 3883 2431 3923 num.
2461 3867 2520 3922 8.

2185 3958 2299 4019 His
2328 3956 2655 4027 stantibus,
2686 3952 3035 4034 quaeritur:

2182 4049 2280 4111 An
2293 4051 2637 4129 judicatum,
2664 4057 2716 4106 ot
2740 4048 3014 4107 sententia
3033 4044 3409 4105 amendia.
3442 4042 3509 4105 N
3509 4062 3615 4103 un-

2069 4149 2317 4207 tiammo
2366 4143 2721 4204 Flet-eminae
2768 4141 2957 4217 favore
2989 4139 3310 4200 Sacerdotis
3349 4136 3619 4200 Andreae

2065 4241 2129 4300 ds
2165 4240 2480 4301 Valentinis
2504 4237 2851 4297 sustinentur
2878 4236 2941 4294 in
2959 4253 3105 4295 casu
3133 4245 3233 4294 stc.

2170 4432 2321 4482 Sacra
2349 4430 2545 4495 Cougr.
2574 4425 2659 4476 die
2689 4426 2771 4474 16.
2805 4422 3109 4475 Decembris
3132 4424 3294 4476 17¹9.
3317 4419 3613 4489 respondit:

2227 4515 2591 4584 Negaeive,eoe
2615 4509 2826 4579 deficta
2850 4523 3029 4562 tannen
3051 4508 3350 4571 citationis,
3373 4519 3423 4560 et
3444 4519 3617 4561 trans·-

2058 4603 2392 4666 portationis
2416 4606 2702 4662 Actorum,
2730 4610 2782 4650 et
2816 4597 3137 4648 Valentinus
3161 4594 3389 4649 accedat
3414 4593 3489 4646 ad
3518 4596 3615 4658 Ur·-

2062 4692 2180 4743 bem
2207 4689 2282 4743 ad
2299 4709 2358 4743 se
2377 4684 2775 4756 subjiciendum
2803 4701 2940 4735 novo
2968 4681 3246 4734 examini.

2495 4876 2854 4955 QUAESTIO
2902 4875 3185 4937 CXXXI.

2099 5086 2170 5146 In
2201 5084 2393 5147 Causa
2420 5081 2792 5162 Syracusano
2822 5078 3136 5139 Euclionis
3172 5074 3519 5155 Colloqiatao
3542 5122 3565 5147 ,

2474 5178 2565 5237 die
2586 5179 2646 5235 2.
2676 5173 2991 5236 Decembris
3022 5176 3192 5233 1719.
3311 5174 3328 5185 “

2061 5314 2142 5425 P
2145 5373 2340 5429 etente
2374 5361 2760 5444 Magistratu,
2794 5361 3000 5433 Clero,
3043 5358 3300 5439 aliisque
3333 5354 3609 5418 Civitatis

411 5455 804 5536 respondetur
846 5473 885 5519 a
915 5455 1231 5523 Sacerdote
1261 5457 1582 5522 Valentino
1609 5500 1627 5531 ,
1661 5458 1955 5525 Nuntium
2004 5505 2018 5521 .
2068 5464 2340 5544 Ragusae
2390 5455 2721 5523 Comitatus
2773 5452 3134 5549 Mutycensis
3192 5451 3610 5535 Syracusanae
