4393 6299
1001 508 1067 557 iz
1990 494 2440 568 QuAEsTioNes
2478 489 2855 548 cANochs

823 663 1122 725 Indultum
1163 661 1537 742 suspiraverit,
1568 675 1635 719 ac
1666 655 1885 734 fructus
1913 652 2103 711 exacti
2142 669 2247 730 pro
2271 666 2387 728 qua

898 772 939 817 1(
996 761 1112 816 sint
1252 755 1497 815 timendi
1586 752 1673 812 ccl
1703 769 1790 810 res
1889 743 2386 815 ιίυοηοηεωιισιί,
2439 799 2445 820 ,

822 779 891 820 m
936 780 953 818 ι
1158 776 1245 817 ra
1516 799 1531 827 ³
1791 768 1884 831 poc
2439 826 2446 873 i
2502 836 2871 898 Columberii
2901 832 3246 896 facultatem
3268 833 3562 913 impertiri
3585 833 4049 896 administrandi

836 855 1123 931 arfqendi,
1151 854 1213 911 in
1239 870 1375 911 casu
1396 861 1500 910 etc.

826 1077 830 1081 ·
933 1061 1075 1111 Sarr.
1100 1060 1303 1123 congr.
1329 1057 1416 1109 die
1448 1059 1531 1107 11.
1560 1057 1679 1106 Jun.
1712 1019 1872 1105 sits.
1906 1046 2208 1116 respondit:

1012 1147 1107 1201 Ad
1134 1147 1383 1199 Primam
1407 1143 1583 1215 primi
1605 1141 1998 1209 Dubiiporeem
2029 1133 2393 1204 affirmative,
2443 1164 2448 1185 t

823 1250 878 1289 et
902 1235 1091 1304 quoad
1114 1235 1419 1288 Secundam
1449 1230 1686 1300 ejusdem
1706 1228 1877 1282 Dubii
1888 1241 2102 1296 partem
2126 1225 2394 1293 negative,

828 1339 882 1378 ee
909 1324 1147 1393 aenplius
1164 1363 1176 1375 .
1208 1322 1305 1376 Ad
1321 1321 1621 1375 secundum
1640 1364 1651 1382 ,
1684 1322 1858 1372 Breve
1885 1314 2225 1385 exstiteris-se
2251 1334 2397 1368 anno

832 1418 991 1467 17¹⁰.
1020 1431 1119 1465 nec
1147 1414 1294 1464 ullos
1315 1410 1538 1473 fructus
1560 1420 1867 1478 perceptos,
1896 1400 2065 1475 usque
2087 1406 2165 1458 ad
2188 1405 2399 1459 dictum

829 1517 1039 1573 teinpus
1065 1520 1175 1555 esse
1203 1499 1565 1555 restituendos
1585 1538 1596 1549 .

1281 1693 1644 1773 QUAESTIO
1687 1693 1980 1754 XXXVI.

915 1901 988 1962 In
1022 1900 1217 1962 Causa
1244 1897 1566 1960 Sedunmsi
1588 1945 1606 1971 ‚
1638 1897 1727 1957 die
1774 1900 1869 1957 11.
1920 1895 2094 1956 Iunii
2138 1899 2315 1956 1718.

838 2034 1254 2152 parochialis
1279 2086 1549 2150 Ecclesia
1575 2086 1638 2148 S.
1681 2084 1978 2148 Desiderii
2027 2083 2290 2146 existens
2337 2081 2399 2144 in

843 2186 1004 2265 Pago
1026 2182 1395 2246 Columberii
1412 2180 1712 2244 Dioecesis
1724 2178 2090 2241 Sedunensis
2110 2178 2224 2241 fuit
2238 2198 2402 2240 anuo

846 2282 1018 2339 1704.
1038 2276 1325 2339 translata
1351 2275 1428 2337 ad
1458 2274 1764 2356 Oppidum
1792 2272 2150 2343 Montheoli‚
2187 2273 2248 2333 iu
2279 2292 2405 2353 quo

840 2372 1250 2444 Gubernator,
1278 2372 1397 2432 una
1422 2376 1559 2432 cum
1579 2367 1954 2431 Consiliariis
1977 2376 2037 2429 et
2064 2367 2202 2430 aliis
2225 2366 2409 2429 lusti-

843 2468 964 2530 tiae
993 2465 1290 2529 Ministris
1315 2465 1498 2547 degit.
1526 2464 1671 2527 Fuit
1687 2473 1888 2526 autem
1907 2462 2060 2526 baec
2090 2462 2438 2551 translatio,

842 2562 1024 2635 facta,
1081 2561 1302 2623 nedum
1345 2560 1702 2622 auctoritate
1727 2558 2033 2641 Episcopi,
2070 2558 2171 2620 sed
2220 2559 2406 2620 etiam

845 2654 1169 2737 Apostolici
1202 2655 1410 2716 Nuntii
1436 2701 1454 2728 ,
1480 2653 1586 2735 qui
1611 2673 1744 2717 eam
1773 2652 2178 2727 confirmavit,
2211 2653 2406 2714 necin

847 2749 1241 2812 translatione
1268 2748 1460 2809 defuit
1497 2766 1801 2809 assensum
1826 2745 2110 2819 Abbatis,
2140 2753 2203 2808 et
2240 2745 2410 2827 Capi-

852 2843 962 2906 tuli
985 2843 1062 2905 Ca
1073 2842 1424 2903 nonicorum
1451 2841 1842 2923 Regularium
1866 2841 2066 2903 Sancti
2085 2839 2409 2922 Augustini

850 2938 1148 3000 Abbatiae
1182 2937 1396 3021 §Sancti
1427 2934 1700 2997 Mauritii
1736 2939 2069 3016 *Agaunem
2125 2933 2204 2997 ad
2248 2954 2404 3017 quos

854 3032 1159 3114 pertinere
1204 3026 1427 3093 dicitur
1473 3032 1936 3112 Juspatronatus
1985 3030 2178 3092 dictae
2222 3031 2409 3093 Paro·

852 3125 1089 3192 chialis.
1118 3126 1377 3189 Accessit
1402 3124 1663 3189 ulterius
1681 3144 1955 3189 assensus
2001 3124 2406 3188 Parochiano-

852 3243 990 3286 rum
1047 3217 1202 3303 Pagi
1240 3221 1609 3283 Columberii
1640 3267 1658 3295 ,
1716 3240 1827 3303 pro
1854 3229 2118 3302 quorum
2159 3220 2409 3284 servitio

854 3320 1173 3400 deputatus
1213 3316 1329 3378 fuit
1363 3316 1679 3389 Sacerdos,
1720 3316 1828 3395 qui
1871 3316 2118 3377 nomine
2147 3311 2405 3378 Paroehi

856 3411 1186 3476 Montheoli
1245 3411 1332 3472 eis
1390 3410 1773 3472 Sacramenta
1804 3410 2294 3483 administraret,
2346 3417 2409 3473 et

857 3515 1093 3569 caetera
1115 3504 1484 3585 parochialia
1516 3523 1767 3566 munera
1795 3511 2130 3566 exerceret.

978 3601 1119 3662 Post
1165 3598 1399 3679 lapsum
1451 3598 1887 3660 nonnullorum
1916 3597 2256 3669 annorum,
2300 3597 2410 3659 Co·

861 3694 1296 3757 lumberienses
1323 3714 1632 3779 recursum
1651 3693 2000 3756 habuerunt
2029 3693 2102 3755 ad
2126 3693 2286 3755 hanc
2308 3693 2414 3756 Sa-

862 3808 1026 3851 cram
1068 3785 1603 3871 Congregationem
1657 3799 1740 3871 ut*
1779 3788 1986 3850 eadem
2037 3788 2414 3850 committere

870 3884 1224 3966 dignaretur
1245 3879 1573 3945 Ordinario
1593 3883 1923 3944 Sedunensi
1942 3931 1958 3954 ,
1993 3892 2062 3944 ut
2084 3882 2414 3944 Par-ochiae

867 3978 1325 4039 translationem
1347 3975 1664 4049 revideret,
1684 3985 1742 4037 et
1759 3986 2057 4056 quatenus
2075 3995 2227 4059 opus
2239 3986 2412 4048 esset,

868 4081 1207 4146 revocaret;
1256 4071 1532 4152 datisque
1562 4071 1636 4132 de
1664 4089 1830 4132 more
1857 4070 2074 4133 litteris
2122 4071 2198 4132 ad
2241 4070 2419 4132 Ordi·
2521 4098 2528 4106 ·

866 4167 1147 4240 narium,
1189 4165 1522 4245 habitaque
1549 4165 1983 4246 subsequenter
2023 4163 2190 4225 illius
2226 4163 2418 4225 infor·

871 4261 1155 4335 matione,
1191 4260 1621 4322 demandatum
1647 4258 1784 4331 t'uit,
1816 4258 1978 4340 quod
2009 4258 2203 4321 Causa
2238 4278 2421 4340 pone·

871 4363 1041 4417 retur
1063 4354 1127 4416 in
1163 4353 1341 4415 sotio.

989 4449 1270 4511 Scribens
1320 4467 1426 4528 pro
1474 4447 1744 4510 Parocho
1768 4446 2069 4509 Ecclesiae
2101 4447 2216 4510 loci
2249 4448 2423 4510 Mon-

872 4542 1058 4605 tbeoli
1091 4542 1398 4605 contendit
1426 4561 1547 4603 non
1571 4561 1698 4602 esse
1720 4540 1917 4602 locum
1940 4541 2427 4603 dismembrat‘io-

874 4638 936 4699 ni
957 4684 973 4712 ,
1023 4658 1130 4700 nec
1150 4635 1434 4700 erectioni
1469 4655 1660 4699 novae
1685 4634 2078 4708 parochialis,
2112 4646 2240 4698 tum
2278 4635 2424 4716 quia

875 4731 1129 4793 servatis
1157 4729 1501 4813 servandis,
1532 4738 1593 4791 et
1613 4727 1962 4810 justissimis
2011 4729 2427 4791 concurrenti-

877 4828 990 4889 bus
1023 4825 1248 4897 causiS,
1303 4823 1550 4905 majoris
1598 4822 1876 4886 videlicet
1917 4823 2122 4884 Divini
2169 4823 2381 4884 Cultus
2409 4870 2423 4892 ,

882 4930 940 4982 et
968 4918 1309 4980 communis
1350 4917 1740 4999 Reipublicae
1783 4917 1953 4990 boni,
2000 4917 2151 4979 facta
2184 4918 2322 4990 suit,
2370 4927 2431 4981 et

876 5013 1216 5077 executioni
1245 5012 1524 5074 mandata
1549 5011 1861 5073 translatio
1876 5011 2202 5073 Parochiae
2221 5036 2254 5073 a
2269 5015 2429 5095 Pago

877 5107 1275 5179 Coltimberii,
1307 5108 1381 5169 ad
1413 5106 1717 5187 Oppidum
1748 5106 2105 5179 Montheoli,
2132 5116 2258 5167 tum
2282 5109 2431 5188 quia

877 5202 1253 5284 indigentiae
1279 5199 1865 5262 Columberiensium
1906 5199 2051 5261 satis
2087 5201 2429 5263 consultum

882 5306 970 5361 est
1001 5317 1104 5377 per
1133 5295 1579 5377 deputationem
1611 5293 1663 5350 V
1669 5293 1861 5365 icarii,
1907 5294 2012 5374 qui
2045 5295 2292 5357 nomine
2319 5295 2433 5357 Pa-

888 5393 1055 5455 rochi
1082 5392 1168 5453 eis
1199 5392 1582 5451 Sacramenta
1607 5388 2029 5449 administrat.

2501 645 2932 709 informatione
2954 649 3272 725 proponat,
3299 639 3464 723 quod
3492 641 3915 705 sanctissimus
3934 646 4049 707 Do-

2504 740 2707 802 minus
2735 742 2950 802 Noster
2972 747 3170 820 posset
3199 737 3446 800 Vicario
3473 739 3752 800 existenti
3798 738 3861 799 in
3893 740 4050 822 Pago

2505 933 2723 995 Incolis
2772 934 3158 994 Sacramenta
3206 929 3388 991 etiam
3433 938 3704 1009 tempore
3734 929 4000 990 Paschali
4029 975 4047 1004 ,

2500 1027 2825 1089 deferendo
2855 1026 2933 1089 ad
2968 1026 3166 1105 ipsum
3193 1024 3602 1086 emolumenta
3639 1023 4048 1098 oblationum,

2500 1121 3009 1203 primitiarum,et
3032 1119 3529 1191 mortuariorum,
3562 1118 3651 1180 vel
3676 1118 3839 1198 quod
3865 1120 4053 1180 Bene·-

2505 1215 2711 1277 ficium
2740 1214 2995 1296 simplex
3023 1214 3138 1275 sub
3168 1212 3346 1276 titulo
3372 1215 3589 1274 Beatae
3633 1212 3863 1274 Mariae
3918 1213 4057 1274 Vir·

2501 1310 2662 1393 ginis
2691 1311 2766 1372 de
2794 1308 3222 1389 compassione
3241 1315 3508 1370 erectum
3540 1307 3605 1368 in
3646 1307 3911 1370 Ecclesia
3940 1307 4057 1370 loci

2501 1403 2869 1466 Columberii
2923 1402 3073 1484 erigi
3129 1409 3320 1483 posset
3357 1402 3417 1462 in
3451 1400 3840 1473 Parochiale,
3904 1402 4059 1470 facta

2419 1560 2423 1565 .
2504 1509 2890 1562 narratorum
2922 1497 3470 1559 emolumentorum
3514 1494 3923 1577 assignatione
3972 1501 4061 1564 fa-

2505 1613 2650 1656 vore
2677 1594 2819 1656 novi
2849 1592 3127 1665 Parochi,
3156 1591 3246 1653 vel
3287 1592 3550 1665 tandem,
3578 1594 3740 1673 quod
3767 1595 3930 1656 idem
3951 1596 4056 1657 SS.

2507 1690 2579 1749 I).
2616 1689 2688 1749 N.
2746 1695 2942 1769 posset
2981 1687 3338 1749 auctoritate
3390 1689 3716 1769 apostolica
3759 1690 3907 1752 dare
3951 1690 4064 1752 Co-

2506 1783 3019 1845 lumberiensibus
3046 1782 3349 1844 licentiam
3374 1803 3594 1846 novam
3630 1784 3929 1849 fundandi
3953 1785 4068 1848 Pa·

2508 1878 2776 1941 rocbiam
2805 1878 3068 1960 propriis
3089 1879 3434 1958 sumptibus
3451 1923 3467 1939 .

2627 1973 2847 2035 Subdit
2891 1971 3227 2035 informans
3283 1994 3391 2054 pro
3422 1973 3692 2036 Parocho
3725 1975 3848 2036 loci
3899 1975 4074 2037 Mon-

2513 2068 2719 2142 tbeoli,
2756 2089 2875 2130 non
2905 2089 3032 2131 esse
3055 2069 3204 2131 haec
3233 2078 3705 2149 temperamenta
3739 2070 4077 2134 admitten-

2509 2164 2588 2227 da
2611 2210 2628 2238 ,
2663 2185 2800 2227 cum
2847 2165 2922 2226 de
2942 2166 3083 2248 jure
3109 2184 3227 2225 nou
3257 2164 3336 2226 sit
3383 2163 3740 2245 permissum
3761 2211 3778 2237 ,
3808 2175 3933 2228 aut
3958 2168 4082 2229 dis-

2513 2260 2853 2322 membrare
2869 2260 3152 2341 antiquas
3168 2258 3512 2332 Parochias,
3540 2269 3647 2322 aut
3667 2279 3864 2322 novas
3889 2262 4081 2341 erige-

2513 2374 2602 2428 re,
2627 2354 2742 2416 nisi
2756 2355 3258 2416 concurrentibus
3270 2354 3577 2435 requisitis
3604 2356 3835 2417 Textus
3865 2355 3883 2416 i
3892 2377 3929 2417 n
3945 2378 4073 2438 cap.

2512 2450 2589 2511 ad
2614 2446 2988 2511 Audientiam
3027 2451 3162 2514 itt.
3202 2450 3267 2511 de
3311 2450 3581 2511 Ecclesiis
3606 2450 3854 2532 AEdific.
3892 2471 4077 2532 quem

2514 2544 2764 2607 Sacrum
2784 2543 3122 2607 Concilium
3133 2544 3558 2607 Tridentiuum
3576 2544 3904 2609 innovavit
3921 2546 4074 2609 Soss.

2515 2643 2615 2700 21.
2641 2640 2707 2700 de
2744 2640 3200 2721 reformat.·cap.
3231 2647 3289 2701 4.
3322 2659 3481 2721 quae
3510 2640 3814 2721 requisita
3837 2642 3987 2705 dicit
4017 2643 4084 2705 in

2515 2732 2835 2815 hypothesi
2858 2734 3136 2807 deficere,
3166 2743 3223 2795 et
3246 2754 3317 2795 eo
3341 2733 3558 2796 fortius
3597 2756 3735 2797 cum
3772 2737 4088 2819 Oppidum

2517 2827 2846 2890 Montheoli
2872 2828 3051 2890 distet
3078 2849 3183 2911 per
3204 2848 3393 2891 unum
3424 2830 3687 2892 milliare
3707 2850 3744 2893 a
3771 2834 3938 2915 Pago
3962 2833 4084 2895 Co-

2521 2922 2837 2996 lumberii,
2872 2933 2930 2985 et
2955 2923 3050 2984 via
3074 2925 3231 2986 inter
3256 2924 3365 2986 hos
3396 2924 3559 2987 locos
3591 2926 3986 2991 intercedens
4005 2916 4095 2992 ⁴sit

2517 3016 2721 3098 plana,
2757 3037 2868 3080 nec
2893 3016 3020 3080 ullo
3039 3018 3291 3081 flumine
3321 3019 3682 3084 intersecata
3704 3066 3722 3083 .

2553 3122 2556 3125 '
2632 3112 2747 3176 His
2775 3113 3076 3175 stantibus
3098 3114 3423 3195 quaeritur

2633 3207 2729 3267 An
2752 3208 2827 3267 sit
2859 3208 3009 3268 locus
3052 3210 3560 3285 dismembralioni,
3590 3224 3641 3274 et
3685 3218 3969 3279 erectioni
3991 3239 4099 3281 no-

2481 3377 2485 3382 *
2513 3323 2614 3364 vae
2642 3301 3005 3364 Parochialis
3028 3305 3092 3362 in
3114 3324 3251 3366 casu
3277 3315 3382 3366 etc.

2619 3495 2763 3548 Sacr-
2791 3494 2991 3562 Congr.
3026 3495 3336 3565 respondit:

2697 3582 2962 3650 Negative
2989 3581 3066 3635 ad
3100 3595 3390 3655 utrumque
3416 3625 3428 3638 .

2909 3769 3271 3855 QUAESTIO
3317 3780 3645 3846 XXXVII.

2561 3963 2632 4029 In
2662 3967 2857 4045 Causa
2884 3966 3159 4040 Nullius,
3200 3991 3297 4030 seu
3327 3970 3589 4047 Farsensi
3626 3976 4072 4059 subroqatitmt's

2841 4064 3153 4137 Ecclesiae,
3168 4066 3257 4126 dio
3283 4072 3375 4127 11.
3401 4067 3550 4128 Jun.
3581 4074 3769 4133 1718.

2525 4198 2831 4336 Antiqua
2884 4252 3256 4316 Parochialis
3305 4254 3573 4320 Ecclesia
3623 4259 3865 4324 Terrae
3925 4262 4110 4326 Pedii

2529 4348 2758 4416 Mirteti
2806 4348 3106 4411 Abbatiae
3147 4348 3458 4412 Farfensis
3506 4361 3662 4428 erat,
3711 4365 3776 4419 et
3815 4366 3910 4420 est
3959 4360 4120 4423 adeo

2529 4452 2807 4527 angusta,
2845 4452 2914 4505 ut
2945 4443 3243 4528 Populum
3275 4445 3421 4508 satis
3451 4467 3856 4512 numerosum
3894 4474 4121 4536 capere

2532 4560 2641 4602 nec
2667 4538 2973 4611 valuerit,
3020 4559 3128 4601 nec
3154 4540 3387 4603 valeat.
3426 4541 3576 4604 Cum
3635 4544 3857 4627 itaque
3889 4569 4125 4629 operae

2532 4634 2794 4722 pretium
2835 4633 3246 4696 existimatum
3276 4634 3464 4699 fuerit
3502 4657 3729 4700 novam
3781 4643 4124 4708 aedificare

2532 4729 2860 4822 Ecclesiam
2911 4728 3226 4811 amplioris
3269 4729 3541 4804 formae,
3600 4744 3662 4795 ct
3708 4734 4126 4817 elegantioris

2532 4829 2901 4896 structurae,
2927 4830 2988 4884 et
3006 4842 3304 4902 expensae
3328 4824 3557 4886 suerint
3580 4844 3615 4886 a
3642 4826 4126 4895 Communitate

2534 4918 3047 4990 subministratae,
3069 4917 3311 4997 praevia
3337 4916 3576 4980 licentia
3598 4919 3830 4983 Sacrae
3843 4923 4126 5007 Congre-

2535 5013 2796 5095 gationis
2842 5012 2986 5074 boni
3029 5011 3398 5094 Regiminis,
3442 5011 3517 5074 ad
3575 5032 3781 5075 novae
3806 5017 4130 5082 Ecclesiae

2537 5107 3041 5169 constructionem
3071 5109 3394 5171 deventum
3424 5112 3536 5177 est,
3587 5107 3946 5190 eademque
3994 5113 4167 5178 fere·

2538 5201 2615 5264 ad
2647 5202 2868 5264 calcem
2903 5203 3213 5283 perducta,
3244 5219 3382 5261 cum
3420 5198 3730 5279 quaedam
3760 5214 4135 5269 controver-

2540 5298 2665 5359 siae
2691 5306 2936 5360 exortae
2965 5296 3213 5370 fuerint,
3239 5293 3515 5355 nonnulli
3551 5293 3753 5354 habiti
3783 5308 3936 5360 sunt
3964 5301 4136 5364 Con-

2541 5409 2779 5472 gressus
2804 5409 3006 5452 coram
3037 5387 3529 5451 Eminentissimo
3557 5387 3833 5463 Abbate,
3860 5396 4140 5457 nonnul-

1013 5488 1286 5567 Cumque
1312 5504 1419 5565 pro
1447 5484 1606 5545 bono
1644 5482 1802 5562 pacis
1830 5481 2192 5546 Ordinarius
2235 5485 2296 5545 in
2326 5504 2437 5550 sua
2547 5484 2746 5566 lisque
2788 5485 2918 5566 ejus
2960 5484 3317 5547 auctoritate
3368 5481 3766 5545 concordatis
3823 5486 4142 5570 Capitulis
