4393 6299
1747 466 2213 535 Qufflsrlo
2276 467 2340 515 v,
3431 473 3462 522 ε

429 620 537 693 vit,
559 625 618 681 et
643 618 897 680 attentis
920 625 1046 680 tum
1071 617 1440 682 confessione
1466 668 1479 689 ,
1518 627 1642 681 tum
1673 620 1982 682 oblatione
2090 617 2154 680 in
2183 639 2304 701 qua
2335 619 2488 682 illud
2508 620 2876 683 celebratum
2895 623 3271 685 asserebatur
3292 623 3389 687 die
3406 630 3462 686 6.
3488 625 3520 685 J
3528 626 3636 688 ulii

430 712 769 786 vincentii,
826 713 1067 787 Judex,
1128 713 1389 775 dimissis
1428 710 1756 787 Biruariis,
1802 714 1979 797 jussit

424 827 559 869 eum
586 806 650 868 in
676 807 1022 869 libertatem
1055 809 1218 889 poni,
1243 818 1300 871 et
1320 811 1634 872 convocari
1667 809 1978 872 mandavit

2098 719 2273 776 1696.
2300 732 2424 775 una
2448 733 2585 775 cum
2611 714 2925 789 relatione,
2951 716 3114 796 quod
3137 716 3433 780 nullitatis
3460 739 3639 784 causa

2102 828 2294 889 usque
2320 808 2394 869 ad
2419 828 2550 870 eam
2582 810 2738 870 diem
2774 810 2972 872 fuerat
2998 820 3299 891 protracta
3322 859 3339 887 ,
3389 833 3463 874 ex
3514 833 3637 896 quo

422 901 1042 984 Archipresbyterum
1066 949 1081 975 ,
1123 904 1435 984 ipsamque
1468 904 1848 985 Apolloniam
1874 949 1891 977 ,
1921 912 1981 965 et
2086 906 2368 985 conjuges
2408 911 2676 965 extrema
2712 913 3064 985 paupertate
3103 907 3330 986 pressi,
3376 929 3637 973 necessa-

422 1004 553 1077 post
576 997 876 1077 signatam
922 999 1093 1079 signo
1127 998 1333 1059 Crucis
1363 1018 1532 1060 suam
1573 1018 1607 1061 a
1656 997 1975 1059 Vincentio

421 1091 856 1171 depositionem
880 1111 1080 1153 coram
1108 1093 1344 1154 duobus
1363 1094 1640 1155 Testibus
1667 1140 1682 1166 ,
1714 1093 1976 1154 scrihere

419 1186 586 1247 enim
619 1187 941 1260 nesciebat,
968 1186 1341 1250 celebratum
1372 1189 1489 1250 fuit
1518 1189 1579 1249 in
1605 1187 1977 1250 Cancellaria

422 1280 885 1344 Matrimonium
927 1302 1129 1345 coram
1161 1283 1700 1366 Archipresbytero
1725 1331 1743 1357 ,
1774 1292 1834 1345 et
1862 1285 1973 1345 Te·

420 1375 634 1437 stibus.
1312 1418 1319 1425 -

426 1500 433 1505 ·
539 1469 859 1531 Celebrate
882 1470 996 1533 hoc
1037 1472 1214 1532 modo
1261 1472 1683 1543 Matrimoni0,
1717 1473 1974 1533 Vincen-

418 1563 541 1626 tius
561 1582 832 1626 carceres
871 1566 1094 1627 evasit:
1127 1566 1400 1647 Cumque
1426 1568 1567 1630 dicti
1598 1567 1971 1630 Matrimonii

420 1657 767 1720 nullitatem
797 1704 814 1732 ,
853 1668 986 1739 post
1029 1660 1302 1740 plurium
1331 1681 1630 1724 annorum
1679 1662 1968 1726 interval-

418 1751 546 1814 lum
574 1799 593 1826 ,
629 1755 999 1834 probaturus
1022 1805 1039 1828 ‚
1071 1757 1369 1819 attulisset
1389 1758 1584 1838 primo
1621 1758 1751 1820 loeo
1794 1757 1971 1838 Apol·

420 1847 621 1912 ioniae
659 1851 1103 1913 attestationem
1135 1862 1442 1915 exaratam
1480 1872 1642 1915 anno
1693 1858 1865 1914 1705.
1905 1853 1970 1914 iu

424 1963 543 2024 qua
560 1944 645 2006 ait
668 1992 684 2018 ,
713 1964 824 2007 nec
842 1965 907 2007 se
924 1946 1130 2009 abillo
1159 1946 1342 2009 fuisse
1362 1957 1695 2028 stupratam
1712 1995 1728 2022 ,
1762 1968 1870 2010 nec
1891 1948 1970 2010 ab

427 2057 501 2100 eo
525 2040 819 2101 annulum
852 2041 1162 2122 recepisse.

537 2135 813 2197 Secuntm
845 2135 977 2198 loco
1005 2137 1434 2218 depositionem
1462 2137 1713 2199 Abbatis
1750 2138 1969 2200 Gerar·

425 2229 521 2304 di,
546 2230 653 2312 qui
681 2231 911 2304 retulit,
942 2251 1006 2293 se
1038 2233 1338 2294 audivisse
1359 2253 1393 2295 a
1415 2234 1715 2295 Canonico
1741 2233 1974 2295 Joanne

425 2323 698 2405 Baptista
727 2326 985 2395 Parisio,
1012 2327 1382 2389 Matrimonii
1409 2329 1581 2390 Teste
1607 2329 1733 2410 jam
1763 2327 1970 2389 de‘t'un-

415 2427 549 2492 cto,
584 2421 748 2500 quod
774 2421 1072 2502 scrupulis
1099 2422 1455 2503 augebatur,
1490 2443 1561 2484 ex
1593 2442 1715 2503 quo
1740 2422 1801 2482 in
1831 2422 1971 2482 Pro-

416 2533 588 2576 cessu
611 2516 834 2596 scripta
858 2535 977 2576 non
1007 2516 1244 2579 fuerant
1266 2519 1454 2580 verba
1474 2518 1776 2579 Vincentii
1803 2565 1821 2592 ,
1850 2521 1966 2599 qui

412 2611 485 2671 in
510 2619 647 2672 actu
676 2612 1048 2673 Matrimonii
1077 2632 1280 2674 coram
1310 2612 1556 2675 Vicario
1591 2613 1859 2687 dixerat,
1908 2634 1970 2675 se

413 2704 575 2766 illud
609 2705 966 2767 contrahere
1005 2707 1084 2768 ob
1112 2706 1237 2768 vim
1261 2753 1277 2780 ,
1324 2716 1384 2769 et
1428 2707 1508 2769 ob
1541 2706 1813 2769 timorem
1844 2728 1969 2770 car-

413 2799 572 2860 ceris
592 2845 609 2873 ,
640 2808 824 2881 atque
854 2800 1213 2862 triremium.

542 2895 748 2956 Tertio
773 2894 901 2957 loco
927 2896 1176 2956 loannis
1199 2895 1444 2958 Antonii
1475 2942 1491 2969 ,
1520 2895 1626 2977 qui
1656 2896 1968 2959 Matrimo-

396 2986 523 3048 ‘nio
549 2988 868 3064 interfuit,
914 2991 1348 3053 Testimonium
1374 3038 1392 3065 ,
1426 3011 1548 3073 quo
1588 3000 1834 3053 testatus
1879 3000 1967 3054 est

411 3083 808 3145 Vincentium
830 3085 1028 3166 prima
1050 3087 1178 3147 vice
1197 3106 1502 3148 assensum
1524 3087 1784 3148 noluisse
1801 3107 1968 3168 prae-

412 3189 579 3242 stare
599 3228 614 3252 ,
646 3190 706 3242 et
734 3183 973 3243 tandem
1004 3183 1364 3262 praestitisse
1389 3230 1404 3256 ‚
1444 3184 1558 3245 suh
1582 3203 1652 3245 ea
1675 3183 1967 3246 conditio-

412 3293 517 3345 ne,
546 3294 622 3336 ne
638 3294 839 3336 secum
881 3275 1198 3355 Apollonia
1227 3276 1621 3351 cohabitat-eu
1643 3296 1800 3357 quae
1827 3297 1968 3338 con·

417 3366 573 3430 ditio
600 3413 617 3441 ,
665 3369 753 3429 uti
799 3369 1002 3430 subdit
1026 3369 1215 3430 Testis
1234 3416 1249 3442 ,
1293 3389 1598 3432 assensum
1648 3369 1973 3450 praesefert

415 3481 539 3523 non
588 3463 1001 3524 voluntarium
1028 3510 1044 3536 ,
1080 3465 1182 3525 sed
1206 3474 1497 3527 coactum.

539 3557 773 3631 Quarto
804 3557 979 3631 loco,
1011 3559 1320 3640 cujusdam
1350 3559 1615 3619 Thomae
1647 3559 1967 3622 attestatio-

414 3670 556 3712 nem
574 3698 592 3725 ,
616 3652 682 3711 in
704 3670 825 3732 qua
849 3652 1071 3733 inquit,
1103 3672 1165 3714 se
1187 3654 1265 3714 ab
1289 3652 1630 3733 Apollonia,
1658 3663 1716 3714 et
1742 3655 1819 3715 ab
1838 3656 1967 3734 ejus

417 3743 795 3808 Consobrina
823 3746 1304 3827 deprehendisse,
1330 3748 1490 3827 quod
1520 3746 1783 3809 annulus
1807 3767 1963 3808 nun-

420 3859 606 3921 quam
630 3841 829 3904 fuerat
850 3861 884 3903 a
913 3842 1232 3905 Vincentio
1260 3842 1434 3903 datus
1458 3842 1835 3922 Apolloniae.

536 3936 613 3997 Et
638 3935 858 3997 ultimo
888 3937 1127 3998 tandem
1153 3936 1283 3998 loco
1313 3937 1729 3998 Biruariorum
1768 3936 1920 3998 dicta
1946 3983 1960 4009 ,
2032 3915 2035 3922 ⁴

412 4047 494 4089 ex
518 4030 742 4110 quihus
757 4029 1485 4112 colligitur,Vincentium
1514 4031 1575 4090 in
1601 4031 1730 4110 ipso
1754 4030 1964 4091 Matri·

411 4124 605 4185 monii
629 4132 765 4187 actu
795 4133 1187 4205 protestatum
1218 4125 1402 4187 fuisse
1420 4145 1483 4186 se
1507 4124 1963 4186 Matrimonium

406 4217 769 4280 contrahere
801 4237 923 4279 non
955 4217 1253 4279 volentem
1274 4265 1290 4291 ,
1317 4219 1419 4280 sed
1452 4218 1749 4291 invitum,
1786 4227 1974 4299 atque·

415 4320 687 4373 coactum
706 4358 722 4385 ,
758 4331 867 4374 nec
900 4331 967 4373 se
990 4332 1261 4394 unquam
1287 4313 1644 4393 Apolloniae
1666 4312 1963 4374 annulum

410 4404 754 4467 tradidisse.

534 4498 916 4579 Propositum
935 4498 1073 4573 suit,
1095 4500 1194 4562 die
1215 4505 1314 4562 27.
1336 4501 1544 4563 Martii
1569 4507 1742 4563 1706.
1768 4503 1831 4563 iu
1852 4502 1969 4565 hac

410 4592 594 4654 Sacra
615 4593 1090 4676 Congregatione
1109 4594 1389 4657 dubium:
1414 4596 1510 4656 An
1531 4607 1735 4658 constet
1758 4599 1823 4658 do
1840 4601 1977 4657 neb·

416 4688 580 4748 litate
605 4687 980 4748 Matrimonii
1018 4691 1081 4750 in
1127 4709 1262 4751 casu
1294 4701 1396 4751 otc.
1448 4691 1753 4772 Cumque,
1796 4692 1968 4754 nulla

416 4791 592 4861 capta
613 4781 979 4844 resolutione
1004 4829 1022 4855 ,
1061 4803 1412 4863 responsum
1433 4785 1620 4848 fuerit
1636 4832 1652 4859 ,
1677 4786 1840 4867 quod
1868 4806 1968 4848 co-

413 4876 857 4959 adjuvarentur
883 4878 1270 4958 probationes
1279 4881 1454 4961 juxta
1480 4879 1963 4955 instructionem,

418 4972 848 5035 demandatum
877 4981 965 5033 est
992 4973 1285 5054 Episcopo
1303 5020 1319 5046 ,
1352 4982 1420 5035 ut
1446 4973 1627 5035 fidem
1650 4973 1966 5037 Matrimo-

416 5065 532 5138 nii,
561 5066 725 5147 quod
750 5066 909 5126 inter
932 5065 1346 5139 vincentium,
1378 5077 1562 5147 atque
1583 5066 1968 5147 Apolloniam

418 5160 788 5223 celebratum
839 5159 1151 5222 dicebatur
1180 5206 1194 5230 ,
1252 5159 1316 5219 in
1376 5159 1719 5223 authentica
1775 5161 1969 5223 forma

418 5253 884 5326 transmitteret,
909 5261 968 5314 et
991 5253 1374 5326 rescriberet,
1420 5273 1529 5314 cur
1564 5255 1793 5315 tamdiu
1826 5274 1965 5316 cau-

416 5365 542 5409 sam
587 5346 893 5409 nullitatis
934 5346 1202 5428 ejusdem
1240 5348 1618 5409 Matrimonii
1666 5348 1967 5423 siluisset3

423 5442 894 5526 transmissaque
934 5441 1192 5504 subinde
1214 5441 1372 5506 dicta
1393 5442 1772 5507 Matrimonii
1810 5441 1966 5519 fide,

2086 998 2209 1058 rios
2253 998 2376 1060 litis
2402 1007 2675 1078 sumptus
2709 998 3054 1061 ministrare
3097 1020 3219 1061 non
3266 1001 3633 1078 valuerunt,

2088 1092 2204 1153 fuit
2229 1093 2445 1154 iterum
2491 1096 2861 1175 propositum
2890 1096 3330 1176 praeinsertum
3379 1100 3636 1162 dubium

2087 1186 2185 1249 die
2216 1195 2273 1249 5.
2304 1189 2472 1251 Junii
2501 1195 2674 1252 1706.
2713 1200 2772 1252 et
2799 1190 2888 1252 illi
2931 1191 3049 1254 suit
3073 1212 3426 1274 responsum
3463 1217 3635 1277 neqo-

2091 1284 2219 1343 tivo.

2207 1376 2484 1458 Cumque
2522 1377 2877 1439 Vincentius
2916 1380 3166 1441 eandem
3211 1382 3506 1446 nullitatis
3539 1386 3634 1446 in-

2083 1471 2368 1533 stantiam
2399 1491 2560 1534 nunc
2583 1472 2863 1553 prosequi
2889 1471 3183 1545 intendat,
3210 1487 3265 1537 et
3287 1486 3523 1557 praeter
3548 1500 3632 1541 re-

2082 1564 2202 1627 lata
2228 1564 2606 1639 documenta,
2632 1575 2897 1629 recentes
2922 1570 3327 1632 attestationes
3348 1573 3633 1637 exhibeat

2084 1659 2642 1742 Archipresbyteri,
2702 1670 2760 1723 et
2790 1661 3231 1726 canonicorum
3272 1666 3632 1747 Collegiatae

2076 1752 2390 1817 Ecclesiae*
2413 1756 2612 1820 Sancti
2660 1755 3101 1820 Bartholomaei
3132 1758 3403 1823 Civitatis
3427 1764 3633 1828 Pontis

2078 1851 2294 1923 Curvi,
2326 1859 2386 1913 et
2415 1851 2663 1914 Parochi
2711 1873 2854 1914 suae
2887 1853 3212 1916 Parochiae
3242 1904 3254 1924 ,
3292 1856 3354 1915 in
3407 1858 3632 1937 quibus

2083 1945 2329 2017 dicitur,
2354 1966 2491 2007 eum
2514 1947 2593 2008 ab
2619 1947 2938 2026 Apollonia
2959 1947 3164 2010 vivere
3189 1960 3553 2029 separatum.
3572 1962 3633 2015 et

2082 2040 2245 2103 ultra
2285 2040 2596 2102 citationes
2635 2041 2979 2121 personales
3006 2088 3022 2114 ,
3061 2042 3347 2105 adversus
3390 2045 3631 2125 Apollo·

2083 2136 2249 2197 niam
2295 2136 2617 2216 repetitaS,
2663 2136 2975 2215 epistolam
3026 2136 3334 2200 Ordinarii
3373 2141 3632 2205 adducat

2078 2251 2241 2293 auno
2275 2232 2599 2312 praeterito
2623 2231 2905 2310 scriptam
2932 2276 2947 2304 ,
2991 2232 3055 2293 in
3101 2252 3222 2314 qua
3273 2235 3450 2310 dicit,
3495 2258 3558 2299 se
3591 2259 3629 2301 a

2081 2325 2362 2406 pluribus
2405 2325 2745 2386 informatis
2780 2327 3058 2387 Testibus
3084 2328 3386 2390 audivisse
3412 2375 3428 2402 ,
3462 2334 3626 2411 quod

2085 2441 2404 2502 nunquam
2424 2441 2562 2483 cum
2597 2420 2915 2497 Apollonia
2940 2423 3341 2495 cohabitavit,
3375 2434 3435 2486 et
3463 2429 3627 2506 quod

2078 2516 2227 2579 haec
2248 2518 2454 2578 eadem
2485 2517 2739 2589 Mulier,
2772 2536 2807 2578 a
2833 2516 3076 2577 Vicario
3099 2520 3439 2583 examinata
3467 2569 3482 2595 ,
3514 2522 3632 2585 hoc

2078 2612 2275 2692 ipsum
2311 2612 2731 2683 confirmavit,
2773 2610 3016 2672 fatendo
3043 2657 3059 2684 ,
3099 2613 3260 2692 quod
3310 2615 3626 2678 Matrimo-

2080 2708 2253 2768 nium
2291 2726 2605 2787 nunquam
2637 2706 2751 2767 fuit
2780 2716 3260 2768 consummatum
3288 2754 3304 2781 ,
3344 2712 3633 2791 quodque

2079 2803 2269 2865 Causa
2295 2803 2586 2863 ulteriore
2615 2820 2733 2862 non
2763 2802 2976 2862 habuit
3014 2822 3393 2883 progressum
3429 2853 3443 2878 ,
3487 2827 3628 2884 pro·

2081 2906 2213 2979 pter
2243 2895 2650 2958 miserabilem
2685 2895 2819 2955 Viri
2852 2905 3073 2955 statum
3105 2918 3120 2969 3
3163 2897 3444 2978 idemque
3475 2901 3627 2961 Vin-

2076 2990 2309 3053 centius
2334 2998 2642 3071 praeterea
2678 3007 2741 3049 se
2772 2989 2984 3049 offerat
3009 2998 3354 3071 promptum
3381 3036 3398 3064 ,
3445 3003 3632 3073 atque

2078 3094 2358 3167 paratum
2388 3085 2462 3146 ad
2485 3084 2925 3165 subjiciendum
2959 3084 3196 3145 formali
3227 3087 3491 3149 examini
3523 3091 3630 3152 Te·

2075 3189 2193 3243 stes
2212 3178 2359 3242 olim
2383 3199 2491 3260 pro
2510 3179 2792 3240 nullitate
2811 3179 3182 3240 Matrimonii
3209 3180 3503 3250 inductos,
3521 3185 3628 3262 qui

2074 3275 2150 3339 ad
2174 3283 2559 3357 perpetuam,
2605 3273 2692 3334 uti
2725 3273 2968 3347 dicitur,
3001 3274 3241 3336 fuerant
3268 3276 3621 3338 examinati.

2203 3371 2536 3444 Quaeritur

2193 3465 2291 3524 An
2316 3467 2390 3524 sit
2412 3463 2677 3525 standum
2700 3509 2717 3533 ,
2747 3464 2832 3522 vel
2861 3462 3222 3522 recedendum
3256 3483 3296 3523 a
3326 3464 3521 3525 ‹iocisis
3563 3468 3635 3526 in

2078 3579 2215 3621 casu
2236 3570 2350 3619 oter

2188 3765 2329 3815 Sacr.
2358 3762 2557 3828 Congr.
2588 3758 2675 3811 die
2706 3757 2789 3809 12.
2819 3757 2973 3809 Febr.
3008 3758 3165 3811 1718.
3193 3760 3490 3828 Respondit

2259 3853 2324 3903 In
2352 3848 2578 3911 decisis,
2608 3859 2660 3898 ee
2687 3847 2940 3915 amplius.

2595 4026 2957 4102 QUAESTto
3008 4026 3116 4088 vl.

2100 4265 2107 4274 .
2154 4220 2227 4280 In
2256 4218 2452 4282 Causa
2471 4218 2750 4279 Firmano
2775 4217 3202 4297 AEdificatt‘onis
3232 4217 3551 4289 Ecclesiae,

2542 4314 2632 4372 dio
2677 4317 2776 4372 29.
2812 4310 2955 4372 Jan.
2993 4315 3166 4372 1718.

2073 4449 2152 4562 F
2171 4501 2474 4564 ranciscus
2498 4500 2783 4571 Vaunus,
2824 4498 2886 4558 in
2916 4498 3134 4559 ultimo
3158 4545 3174 4572 ,
3208 4518 3343 4559 cum
3374 4518 3496 4580 quo
3520 4500 3629 4560 de-

2076 4596 2288 4669 cessit,
2325 4597 2703 4656 Testamento
2727 4638 2742 4666 ,
2778 4593 3027 4674 reliquit
3060 4594 3314 4675 Imagini
3350 4595 3631 4655 Beatissi-

2080 4710 2212 4754 mae
2237 4689 2512 4770 Virginis
2539 4687 2910 4769 Angelorum
2943 4696 3112 4749 extra
3145 4688 3386 4750 Portam
3426 4688 3634 4750 Sancti

2079 4786 2356 4847 Andreae
2376 4786 2598 4845 Terrae
2624 4782 2854 4843 Montis
2873 4781 3115 4864 Georgii
3139 4792 3271 4842 octo
3299 4782 3426 4844 loca
3457 4799 3630 4842 mon-

2078 4881 2228 4943 tium
2262 4886 2369 4952 ,ut
2393 4879 2457 4938 in
2493 4878 2623 4959 ejus
2658 4877 2947 4958 Imaginis
2975 4876 3264 4937 honorem
3298 4876 3629 4937 fabricare-

2080 4982 2178 5036 tur
2216 4971 2513 5045 Ecclesia3
2554 4979 2744 5051 utque
2765 4971 2913 5031 haec
2941 4988 3049 5030 sua
3092 4968 3306 5030 ultima
3351 4968 3638 5030 voluntas

2075 5067 2428 5130 executione
2472 5085 2589 5127 nou
2638 5073 2908 5135 careret,
2960 5063 3305 5144 deputavit,
3359 5072 3418 5123 et
3451 5063 3635 5142 elegit

2077 5164 2395 5224 Doctorem
2418 5160 2712 5221 Joannem
2739 5158 3124 5219 Franciscum
3148 5159 3489 5225 Passarum,
3520 5157 3634 5237 qui

2076 5256 2369 5317 Fabricae
2389 5255 2708 5324 assisteret,
2734 5252 3028 5314 attributa
3051 5250 3162 5332 ipsi
3189 5250 3471 5313 facultate
3491 5271 3636 5311 ven-
3671 5254 3676 5260 '

2076 5349 2285 5423 dendi,
2307 5358 2366 5412 et
2387 5348 2694 5411 alienandi
2723 5347 2851 5408 loca
2875 5347 3171 5408 montium
3193 5348 3423 5430 absque
3446 5345 3639 5410 etiam

2077 5455 2331 5506 suorum
2358 5442 2688 5507 haeredum
2722 5459 3036 5505 consensu.
