4393 6299
1655 509 1703 577 Q
1726 510 1774 562 u
1797 510 1857 562 ιε.
1883 512 1917 561 s
1946 509 1994 565 T
2021 505 2117 565 ro
2175 514 2423 568 cmxix

424 665 551 729 est,
580 656 745 738 quod
772 656 848 724 sd
881 671 1007 719 rem
1025 703 1044 731 ‚
1075 656 1152 736 de
1190 676 1311 738 qua
1339 658 1566 743 agitur,
1596 659 1741 723 bina
1785 661 1845 722 in
1875 661 1968 723 dia

350 789 364 800 ·
423 759 521 814 cto
565 749 835 814 Concilio
873 759 1084 813 extant
1125 751 1396 828 decreta,
1439 753 1698 816 alterum
1743 775 1871 817 sess.
1903 761 1962 817 6.

3334 528 3439 575 319

2074 669 2136 726 2.
2170 668 2268 728 lib.
2298 672 2355 730 3.
2402 688 2527 751 cap.
2558 671 2659 733 ts.
2676 691 2835 734 num.
2860 678 2958 736 66.
2983 674 3130 736 Rota
3148 674 3207 734 d.
3230 678 3369 736 743.
3386 694 3519 756 par.
3552 682 3607 739 1.

2075 762 2278 824 divers.
2320 765 2379 825 d.
2431 770 2568 827 321.
2611 787 2745 847 par.
2795 771 2855 828 2.
2902 771 3104 830 diuers.
3155 778 3207 828 et
3240 770 3306 829 in
3356 767 3608 832 Genuen.

417 854 546 926 cap.
580 848 638 907 4.
686 846 752 907 de
787 845 1018 924 reform.
1048 848 1296 907 alterum
1336 866 1465 909 sess.
1495 852 1595 910 25.
1637 869 1762 931 cap.
1814 855 1871 910 6.
1903 851 1969 911 de
2072 855 2330 936 adjunct.
2362 863 2457 921 13.
2484 859 2788 923 Februarii
2812 866 2984 924 1702.
3011 882 3126 924 cor.
3154 865 3279 924 bon.
3302 883 3465 925 mem.
3489 865 3619 927 Mo-

420 941 648 1020 reform.

534 1034 610 1096 In
643 1055 769 1117 cap.
817 1038 877 1097 4.
916 1055 1045 1098 sess.
1086 1041 1148 1097 6.
1199 1037 1264 1097 de
1307 1037 1536 1115 reform.
1580 1035 1921 1099 decernitur
1945 1081 1965 1113 ,

424 1127 589 1208 quod
620 1129 895 1211 Capitula
948 1128 1394 1193 Catbedralium
1415 1174 1433 1204 ,
1463 1140 1524 1192 et
1566 1129 1826 1192 aliarum
1854 1132 1967 1194 Ec-

421 1221 765 1298 clesiarum,
786 1232 1078 1288 eteorum
1105 1243 1396 1307 personae
1425 1224 1612 1287 nullis
1638 1225 1968 1306 exemptio-

422 1315 606 1381 nibus
631 1364 649 1393 ,
682 1327 790 1383 aut
834 1319 1370 1383 consuetudinibus
1406 1338 1471 1382 se
1504 1318 1661 1382 tueri
1702 1319 1964 1400 poam,

422 1412 752 1492 quominus
772 1432 808 1476 a
836 1413 962 1478 suis
985 1414 1302 1496 Episcopis
1346 1433 1454 1496 per
1474 1432 1539 1476 se
1567 1413 1727 1495 ipsos
1763 1412 1922 1476 solos
1943 1458 1961 1487 ,

419 1504 518 1568 vel
546 1505 670 1569 illis
693 1553 710 1582 ,
739 1506 966 1589 quibus
998 1507 1115 1570 sibi
1154 1507 1460 1572 videbitur
1501 1507 1800 1592 adjunctis
1819 1553 1837 1582 ,
1858 1510 1961 1591 ju·

419 1607 527 1664 xta
552 1600 882 1665 Canonicas
912 1602 1261 1666 Sanctiones
1285 1652 1303 1676 ‚
1330 1602 1525 1678 toties,
1558 1603 1794 1684 quoties
1813 1622 1966 1683 opus

418 1693 605 1758 fuerit
628 1740 647 1771 ,
675 1695 911 1760 visitari
937 1743 955 1772 ,
984 1697 1206 1779 corrigi
1234 1744 1252 1772 ,
1283 1705 1346 1760 et
1371 1698 1681 1761 emendari
1711 1696 1959 1779 possint,

418 1795 482 1850 et
511 1789 790 1867 valeant;
816 1799 877 1854 et
901 1790 1293 1854 cohaerenter
1327 1793 1405 1855 ad
1427 1792 1577 1855 haec
1597 1840 1615 1864 ‚
1645 1791 1964 1872 reprobata

417 1884 610 1947 Rotae
636 1885 937 1949 Sententia
963 1934 984 1959 ,
1012 1886 1075 1948 S.
1113 1884 1263 1950 baec
1286 1886 1681 1969 Congregatio
1708 1883 1961 1960 censuit,

421 1976 783 2059 Episcopum
813 1978 878 2040 in
927 1978 1274 2043 visitatione
1311 1979 1571 2061 Capituli
1620 1998 1740 2041 non
1772 1977 1961 2041 teneri

422 2089 728 2135 assumere
783 2073 1023 2156 aliquos
1084 2094 1157 2137 ex
1218 2074 1533 2138 canonicis
1566 2120 1586 2149 ,
1639 2074 1741 2137 sed
1799 2087 1965 2156 posse

418 2165 709 2242 visitare,
748 2165 846 2230 vel
885 2188 1000 2250 per
1046 2188 1110 2231 se
1145 2168 1345 2251 ipsum
1390 2169 1585 2232 solum
1609 2217 1629 2242 ‚
1676 2168 1774 2232 vel
1827 2167 1964 2231 aliis

421 2258 721 2341 adjunctis
780 2260 962 2324 etiam
1011 2270 1183 2326 extra
1236 2262 1579 2344 Capitulum
1608 2307 1626 2336 ,
1672 2264 1842 2344 juxta
1892 2281 1961 2324 ea

416 2370 574 2436 quae
619 2354 794 2436 plene
839 2356 1146 2420 habentur
1186 2360 1342 2439 apud
1388 2357 1648 2437 Faqnan.
1707 2359 1772 2417 iu
1832 2376 1957 2437 cap.

418 2460 487 2512 ut
496 2451 680 2530 juxta
706 2467 745 2513 a
769 2472 1003 2514 numero
1032 2457 1129 2514 37.
1171 2461 1297 2531 usq.
1331 2453 1408 2514 ad
1431 2454 1596 2535 finem
1623 2453 1687 2512 de
1722 2451 1816 2533 off.
1847 2450 1961 2511 Or-

421 2546 688 2616 dinarii,
734 2557 786 2607 et
826 2548 892 2606 iu
939 2566 1065 2628 cap.
1107 2567 1235 2609 cum
1265 2547 1609 2609 Venerabilis
1647 2568 1749 2608 nu.
1803 2554 1861 2609 5.
1912 2558 1963 2608 et

418 2660 568 2721 seqq.
611 2642 687 2702 de
718 2639 1009 2704 Censibus
1034 2689 1053 2714 ,
1086 2661 1206 2704 non
1259 2644 1536 2705 obstante
1583 2661 1965 2724 quacumque

421 2733 683 2816 Capituli
735 2735 1117 2817 exemptione
1167 2738 1345 2821 juxta
1398 2756 1750 2819 responsum
1784 2737 1967 2819 hujus

420 2827 552 2891 Sac.
579 2828 1071 2913 congregationis
1098 2830 1162 2893 in
1193 2835 1508 2895 zamoren.
1540 2834 1671 2894 libr.
1707 2837 1841 2895 131.
1864 2852 1967 2913 po·

422 2924 521 2984 sit.
542 2943 678 3005 paq.
702 2928 842 2986 806.
874 2924 959 2987 ihi
989 2945 1005 2984 ε
1036 2928 1464 3009 praesupposito
1486 2972 1505 3002 ,
1540 2927 1689 3008 quod
1718 2926 1961 3009 Capitu-

428 3017 545 3079 lum
568 3017 622 3078 Z
623 3037 872 3080 amoreu.
905 3030 981 3080 est
1010 3030 1334 3101 exemptum
1352 3022 1418 3084 de
1435 3024 1828 3083 conmtudine
1852 3024 1964 3082 im-

418 3115 775 3176 memorabili
790 3134 815 3184 ,·
843 3117 1142 3193 quaeritur
1167 3135 1247 3178 an
1274 3118 1445 3198 possit
1487 3116 1803 3200 Episcopus
1826 3117 1964 3178 visi·

418 3215 541 3268 tare
573 3206 889 3269 Ecclesiam
912 3252 928 3280 ,
953 3210 1222 3288 illiusque
1243 3207 1555 3272 Canonicos
1572 3210 1961 3293 Beneficiatos,

418 3312 471 3363 et
498 3303 649 3364 alias
678 3301 971 3363 Ecclesiae
988 3320 1251 3383 personas
1275 3324 1376 3385 per
1416 3323 1471 3365 se
1512 3307 1698 3385 ipsum
1725 3351 1743 3379 ‚
1768 3307 1855 3366 vel
1885 3324 1964 3365 an

419 3396 650 3457 debeam
688 3398 1026 3459 intervenire
1063 3398 1325 3477 adjuncti
1348 3446 1366 3470 ‚
1395 3409 1499 3461 aut
1522 3402 1675 3461 aliae
1699 3417 1966 3480 personae

418 3489 706 3552 Ecclesiae
734 3535 754 3564 ,
795 3492 882 3553 vel
920 3501 1091 3554 extra
1138 3512 1262 3555 sam
1286 3541 1303 3565 ‚
1348 3496 1487 3573 quia
1523 3514 1676 3554 nunc
1713 3496 1962 3575 procedit

418 3583 734 3666 Episcopus
752 3587 909 3647 solus
939 3606 1066 3647 cum
1090 3606 1191 3647 suo
1213 3585 1535 3649 Secretario
1553 3633 1572 3661 ‚
1598 3599 1650 3649 et
1671 3588 1918 3650 Notario
1941 3632 1959 3662 ,
1999 3616 2002 3617 ⁷

421 3675 793 3757 Conpreqatio
816 3676 1064 3741 Concilii
1084 3682 1366 3761 respondit
1395 3700 1547 3762 posse
1568 3700 1673 3762 per
1702 3700 1757 3742 se
1776 3682 1964 3762 ipsum

417 3772 601 3832 solum
630 3772 833 3850 absque
865 3773 1169 3850 adjunctis.

536 3861 608 3922 In
634 3883 760 3944 cap.
793 3865 988 3925 deiude
1012 3870 1071 3926 6.
1102 3885 1229 3926 sess.
1263 3868 1363 3926 25.
1397 3866 1463 3928 de
1485 3865 1714 3944 reform.
1739 3864 1960 3928 confir-

421 3965 665 4018 mantur
694 3956 981 4038 disposita
1009 3961 1075 4019 in
1100 3952 1225 4041 cap'.
1260 3963 1318 4021 4.
1342 3979 1471 4022 sess.
1504 3965 1562 4022 6.
1592 3969 1652 4022 et
1669 3954 1914 4023 additur
1939 4007 1957 4035 ‚

2077 952 2217 1012 lines
2240 997 2258 1026 ,
2290 972 2434 1032 quae
2477 966 2555 1016 est
2594 957 2651 1016 d.
2686 960 2779 1017 13.
2828 959 2893 1015 in
2913 955 3185 1018 Mantiss.
3231 958 3307 1018 ad
3342 955 3520 1020 Card.
3552 959 3618 1020 de

2078 1042 2239 1107 Luca
2268 1058 2399 1108 tom.
2433 1054 2486 1110 1.
2535 1051 2631 1109 lib.
2662 1055 2718 1111 3.
2763 1057 2822 1111 et
2844 1050 3171 1131 ampliatur
3201 1050 3382 1113 etiam
3409 1051 3484 1114 ad
3515 1072 3615 1115 ca·

2075 1157 2210 1199 sum
2239 1186 2254 1213 ‚
2298 1160 2421 1223 quo
2465 1143 2793 1224 Episcopus
2821 1153 2992 1206 extra
3023 1143 3427 1207 visitationem
3473 1165 3615 1227 pro-

2073 1234 2286 1295 cedere
2340 1235 2524 1298 vellet
2587 1247 2793 1299 contra
2859 1236 3203 1319 Capitulum
3267 1249 3614 1321 exemptum

2077 1337 2322 1408 propter
2366 1331 2666 1392 excessum
2695 1377 2711 1403 ,
2748 1333 2827 1392 ab
2855 1331 3140 1394 universo
3165 1332 3441 1414 Capitulo
3466 1379 3484 1408 ,
3515 1334 3613 1396 vel

2071 1419 2146 1479 de
2174 1419 2341 1481 illius
2366 1424 2646 1484 mandato
2672 1471 2688 1494 ‚
2718 1442 3032 1498 consensu,
3056 1433 3162 1487 aut
3183 1426 3616 1506 approbatione

2072 1515 2455 1577 commissum
2482 1565 2496 1587 ,
2528 1518 2701 1598 juxta
2747 1517 3044 1580 celebrem
3086 1519 3513 1583 resolutionem
3549 1523 3615 1583 in

2069 1608 2383 1670 Astoricen.
2413 1616 2512 1672 29.
2555 1612 2778 1692 Aprilis
2803 1617 2976 1674 1578.
3023 1613 3205 1674 Posit.
3235 1634 3365 1695 paq.
3398 1619 3535 1677 542.
3562 1626 3616 1678 et

2073 1704 2171 1763 lib.
2207 1708 2261 1764 1.
2290 1705 2489 1767 decret.
2506 1726 2639 1786 paq.
2669 1712 2802 1768 153.
2828 1728 2865 1768 a
2890 1718 3040 1786 terqo
3056 1707 3176 1769 ibi:
3206 1710 3258 1768 si
3279 1708 3615 1789 Capitulum

2072 1799 2258 1878 ipsum
2307 1802 2635 1880 delinquat,
2680 1802 2768 1861 vel
2825 1802 3038 1879 aliquis
3072 1820 3155 1861 ex
3206 1799 3508 1863 Canonicis
3550 1803 3616 1864 de

2072 1893 2342 1955 mandato
2369 1891 2669 1975 Capituli,
2696 1905 2894 1955 utrum
2928 1893 3159 1955 Iudices
3180 1896 3244 1954 in
3271 1914 3373 1955 suo
3393 1915 3618 1976 corpore

2068 2005 2108 2046 a
2138 1979 2411 2067 Capitulo
2435 1990 2594 2050 electi
2619 1990 2830 2070 possint
2856 2037 2869 2057 ,
2895 1998 2999 2049 aut
3042 1988 3271 2050 debeant
3297 2007 3426 2049 cum
3464 1989 3618 2070 Epi·

2067 2082 2246 2161 scopis
2276 2083 2451 2143 sinml
2486 2082 2743 2160 iudicare
2763 2104 2787 2153 ,·
2820 2081 2956 2145 Sac.
2994 2082 3366 2163 Conpreqatio
3388 2102 3618 2164 respon·

2071 2175 2158 2236 dit
2183 2177 2271 2238 ita
2297 2177 2504 2239 debere.

2186 2265 2301 2331 His
2324 2272 2400 2332 ad
2427 2279 2710 2333 ornatum
2739 2271 3024 2333 materiae
3048 2271 3408 2353 generaliter
3451 2290 3617 2351 prae-

2073 2363 2290 2438 missis,
2314 2373 2374 2428 et
2402 2373 2524 2428 tam
2554 2366 2633 2428 ab
2649 2363 3139 2426 Eminentissimo
3157 2364 3619 2446 Archiepiscopo

2071 2460 2331 2523 Janueu.
2363 2479 2548 2541 quam
2580 2478 2615 2522 a
2645 2458 2943 2541 Capitulo,
2972 2465 3032 2520 et
3054 2457 3370 2521 Canonicis
3398 2460 3617 2522 Metro·

2069 2554 2376 2636 politanae
2421 2552 2721 2616 Ecclesiae
2746 2598 2763 2627 ‚
2814 2551 2922 2633 qui
2961 2552 3120 2614 inter
3164 2571 3228 2614 se
3276 2552 3498 2614 iterum
3540 2553 3618 2615 de

2068 2649 2482 2730 procedendo,
2524 2666 2694 2722 cum,
2729 2646 2826 2708 vel
2868 2645 3000 2708 sine
3039 2644 3337 2730 adjunctis
3369 2655 3618 2709 conten·

2069 2741 2265 2816 dunt,
2296 2740 2561 2804 libenter
2600 2739 2916 2813 admissis;
2960 2739 3336 2820 praedictum
3375 2738 3619 2821 Capitu-

2070 2835 2199 2899 lum
2233 2855 2297 2899 se
2328 2834 2663 2918 praetendit
2692 2843 3036 2915 exemptum
3070 2834 3149 2896 ab
3176 2833 3486 2896 Ordinarii
3522 2835 3621 2916 ju-

2071 2932 2423 2995 risdictione
2452 2978 2470 3007 ,
2530 2929 2774 2994 attentis
2823 2928 3182 3010 Apostolicis
3240 2926 3573 3010 privilegiis
3597 2973 3616 3001 ‚

2069 3025 2452 3100 Concordiis,
2495 3033 2556 3088 et
2595 3022 2906 3086 nonnullis
2953 3022 3226 3096 actibus,
3269 3031 3328 3083 et
3368 3020 3453 3083 sic
3495 3038 3618 3082 non

2071 3139 2243 3204 posse
2282 3118 2680 3183 criminaliter
2703 3125 2913 3182 contra
2944 3116 3276 3180 Canonicos
3316 3115 3618 3198 Capitula-

2069 3235 2165 3279 res
2192 3215 2587 3279 Ordinarium
2614 3213 2936 3296 procedere
2959 3212 3091 3274 sine
3114 3210 3445 3294 Adjunctis.
3488 3208 3615 3272 Ex-

2070 3310 2217 3392 cipit
2256 3329 2291 3372 e
2328 3319 2538 3373 contra
2561 3306 3092 3372 Eminentissimus
3119 3304 3618 3386 Archiepisoopus

2069 3405 2186 3467 sibi
2214 3405 2420 3468 favere
2451 3401 2897 3485 dispositionem
2934 3399 3093 3480 juris
3115 3444 3133 3472 ‚
3170 3390 3613 3478 exemptionem

2069 3518 2193 3562 non
2219 3497 2508 3581 probari,
2534 3507 2596 3559 et
2620 3514 2790 3557 suam
2818 3493 3051 3556 curiam
3081 3510 3207 3554 esse
3232 3493 3297 3553 iu
3324 3491 3615 3572 antiquis-

2066 3594 2221 3656 sima
2254 3591 2617 3675 possessione
2640 3587 2996 3672 procedendi
3024 3594 3232 3649 contra
3255 3586 3612 3659 Canonicos‚

2068 3695 2130 3751 et
2155 3686 2529 3768 Capitulares
2550 3684 2682 3746 sine
2715 3681 3031 3766 adjunctis.

2186 3777 2481 3855 Quocirca
2511 3777 2858 3859 quaeritur:

2183 3874 2279 3934 Au
2299 3926 2316 3945 ,
2343 3883 2394 3934 et
2423 3874 2488 3932 ele
2507 3873 2670 3950 cujus
2696 3872 2832 3930 bono
2859 3869 3004 3930 Jure
3037 3876 3242 3928 constet
3282 3869 3613 3946 procedendi

2062 3970 2129 4028 iu
2153 3967 2547 4029 criminalibus
2568 3976 2767 4026 contra
2795 3962 3105 4025 canonicos
3123 4006 3141 4035 ,
3171 3971 3221 4023 et
3249 3960 3617 4041 Capitulares

413 4048 576 4130 quod
608 4049 659 4112 si
694 4052 1021 4133 Episcopus
1042 4063 1209 4115 extra
1238 4053 1637 4117 visitationem
1673 4055 1959 4119 adversus
2064 4061 2543 4142 Metropolitanus
2563 4058 2816 4120 lanuen.
2842 4076 2964 4117 una
2983 4075 3132 4127 cum,
3154 4056 3377 4115 estsine
3393 4053 3605 4133 adjun-

413 4142 679 4223 aliquem
714 4164 794 4206 ex
825 4144 1141 4209 canonicis
1177 4148 1496 4229 procedere
1538 4148 1724 4223 velit,
1764 4157 1958 4211 tenea·
2061 4156 2186 4229 ctis,
2217 4156 2388 4215 etiam
2410 4152 2485 4215 ad
2512 4151 2760 4237 effectum
2788 4149 3227 4210 manutentionis
3247 4148 3314 4207 in
3333 4164 3470 4209 casu
3504 4157 3606 4212 ete.

411 4243 512 4299 tur
534 4236 594 4298 id
623 4236 820 4301 faeere
839 4259 976 4301 cum
1018 4241 1253 4303 duobus
1291 4243 1591 4325 adjunctis
1630 4263 1705 4306 ex
1726 4242 1956 4326 gremio

412 4329 671 4412 Capituli
695 4377 714 4407 ,
756 4333 875 4395 nisi
897 4333 1052 4396 forte
1072 4345 1349 4418 ageretur
1370 4336 1446 4399 de
1468 4336 1697 4423 delictis
1718 4383 1736 4411 ‚
1771 4337 1953 4417 depo-

411 4423 693 4487 sitionem
720 4474 738 4497 ,
774 4433 881 4488 aut
928 4427 1417 4509 degradationem
1451 4429 1902 4510 requirentibus
1932 4474 1949 4503 ,

2167 4345 2321 4397 Sacra
2348 4341 2545 4409 Cougr.
2580 4338 2857 4408 respondit
2878 4359 2894 4392 ι

2244 4432 2503 4485 constare
2524 4428 2591 4480 de
2615 4428 2758 4481 bono
2770 4426 2903 4496 jure
2922 4423 3360 4478 Eminentissimi
3381 4424 3616 4477 Archio-

409 4527 470 4579 οι
520 4517 585 4579 in
635 4520 860 4601 quibus
898 4521 974 4584 do
1011 4522 1151 4605 fuga
1193 4522 1546 4594 timeretur,
1605 4532 1746 4585 tunc
1788 4525 1952 4585 enim
2053 4519 2272 4589 piscopi
2291 4515 2627 4588 procedendi
2661 4514 2720 4567 in
2763 4512 3157 4566 criminalibus
3204 4522 3398 4564 contra
3441 4513 3615 4565 Cano·

411 4609 745 4694 Episcopus
790 4621 913 4703 tam
953 4615 1028 4677 ad
1088 4615 1461 4696 personalem
1503 4616 1902 4678 detentionem
1931 4664 1948 4688 ,

408 4722 593 4784 quam
617 4707 696 4769 ad
714 4707 1105 4770 summariam
1127 4707 1615 4771 informationem
1635 4710 1953 4789 procedere
1985 4746 1988 4749 -

412 4807 605 4878 potest
643 4798 828 4863 otiam
861 4800 992 4863 sine
1015 4800 1317 4884 adjunctis
1342 4848 1359 4871 ‚
1395 4820 1655 4882 cumque
1680 4801 1795 4863 hoc
1816 4820 1950 4863 sex-

409 4900 540 4955 tum
584 4893 814 4958 bonum
855 4894 934 4957 sit
979 4894 1423 4957 consecutivum
1458 4894 1535 4956 ad
1583 4914 1713 4976 cap.
1762 4914 1949 4977 quar·

412 4994 540 5049 tum
571 5032 591 5064 ,
619 4986 765 5052 binc
790 4996 883 5051 est
919 4989 1082 5070 quod
1125 4989 1303 5073 juxta
1345 4988 1629 5070 repetitas
1653 4988 1836 5072 hujus
1882 4989 1945 5052 S.

408 5078 902 5167 Coumtiouis
926 5082 1319 5145 resolutiones
1337 5091 1516 5164 caput
1537 5082 1689 5147 illud
1712 5090 1946 5145 sextum

408 5168 530 5238 non
557 5175 830 5258 procedit
857 5176 975 5240 uisi
1012 5176 1075 5238 in
1103 5177 1394 5259 Capitulis
1419 5177 1711 5258 exemptis
1738 5225 1755 5248 ‚
1793 5176 1949 5240 Bar-

409 5270 538 5331 bosa
559 5271 635 5332 ad
663 5291 789 5352 cap.
814 5277 873 5333 6.
898 5290 1027 5333 sess.
1060 5276 1159 5334 25.
1186 5291 1344 5332 num.
1385 5277 1444 5333 3.
1471 5273 1536 5333 de
1556 5272 1782 5350 reform.
1810 5282 1861 5333 et
1885 5274 1951 5335 ds

408 5360 713 5426 Canonicis
733 5384 857 5446 cap.
887 5368 987 5427 28.
1017 5384 1177 5426 num.
1210 5369 1272 5425 2.
1324 5364 1566 5426 Tondut.
1595 5377 1811 5445 quaest.
1857 5368 1948 5429 bs-

2056 4607 2210 4661 m’eos·
2226 4607 2347 4661 sine
2369 4603 2647 4674 adjunctis
2664 4639 2684 4669 2
2717 4601 2887 4654 etiam
2924 4597 3000 4652 ad
3037 4597 3289 4668 effectum
3327 4610 3609 4651 manuten-

2055 4707 2226 4749 emms
2242 4731 2257 4746 .

2485 4878 2847 4959 QUAESTIO
2885 4877 3172 4942 CCLxx.

2174 5085 2246 5148 ln
2282 5085 2475 5148 Causa
2510 5082 2904 5153 Volaterrana,
2934 5079 3273 5152 seminarii,
3308 5078 3398 5139 die
3423 5082 3483 5142 4.

2641 5176 2800 5238 latii
2831 5179 3009 5237 1722.

2055 5312 2243 5429 Bon.
2258 5367 2442 5429 Mem.
2465 5364 2701 5428 Guidus
2717 5359 3608 5445 SerguidiusEpiseopus‘Vola—

404 5458 564 5542 nsfic.
589 5478 749 5521 num.
796 5463 856 5522 2.
899 5457 1205 5524 Solorzan.
1244 5460 1311 5523 de
1333 5461 1466 5540 jure
1486 5460 1788 5525 Indiarum
1812 5472 1942 5524 tom.
2058 5471 2375 5537 terrenus,
2402 5469 2471 5524 ut
2495 5478 2567 5523 eo
2591 5505 2610 5535 ,
2640 5477 2763 5540 quo
2792 5466 3025 5541 poterat
3059 5455 3237 5519 modo
3255 5500 3273 5530 ,
3299 5454 3605 5519 executio-
