4393 6299
1672 487 2136 557 Quasi-10
2196 489 2419 550 emt.

454 643 590 694 sntn
612 683 629 705 ,
667 653 919 716 magna,
957 643 1033 713 et,
1042 639 1206 722 justa
1233 647 1630 702 concurrente
1654 661 1856 715 causa,
1879 661 2018 722 sup-

457 727 624 806 plere
650 731 870 809 possit,
904 750 1012 792 nec
1040 731 1169 794 ulia
1193 731 1434 795 videtur
1453 752 1580 796 esse
1600 755 1778 800 causa
1804 737 2017 819 major,

3394 501 3496 553 ssll

2250 644 2553 710 Adversus
2574 647 2721 712 baec
2744 649 2931 731 petita
2955 650 3129 715 suita
3151 652 3547 718 Procuratore
3567 656 3686 720 Ge-

2129 742 2321 804 nerali
2372 741 2620 805 Ordinis
2671 744 3137 809 Carmelitarum
3179 747 3685 814 Discaloeatorum

457 831 518 883 et
542 824 741 903 aptior
757 869 773 897 ,
799 824 875 887 ad
898 844 1025 886 rem
1045 870 1063 899 ,
1098 827 1173 888 de
1196 846 1318 907 qua
1346 828 1571 911 agitur,
1602 850 1673 893 ea
1700 850 1858 911 quae
1881 850 2021 892 mox
2130 856 2287 899 nova
2308 837 2644 912 audientia,
2669 839 2784 900 sub
2805 840 3056 903 obtentu
3079 842 3454 923 potissimum
3472 892 3490 920 ,
3520 847 3685 928 quod

460 915 578 977 suit
599 918 870 998 exposita
894 964 910 992 ,
941 937 1220 1000 quaeque
1254 922 1490 1003 respicit
1513 930 1638 983 tum
1670 923 1972 1004 privatum
1998 970 2016 998 ,

461 1017 589 1070 tum
617 1011 930 1091 publicum
957 1013 1181 1074 bonum
1201 1060 1217 1087 ,
1243 1015 1333 1077 uti
1358 1016 1432 1078 ad
1458 1035 1586 1077 rem
1614 1017 1783 1079 docet
1801 1018 2010 1080 Donat.

460 1107 575 1165 loco
612 1110 788 1168 citato
826 1119 972 1167 tomo
1010 1113 1071 1169 2.
1101 1120 1266 1171 tract.
1296 1117 1355 1170 8.
1387 1122 1601 1189 quaest.
1635 1118 1692 1173 7.
1722 1133 1879 1173 num.
1916 1119 2010 1174 14.

452 1199 575 1261 ibi:
609 1200 761 1263 Bene
790 1223 981 1263 verum
1003 1252 1019 1274 ,
1046 1215 1113 1263 nt
1139 1216 1295 1266 notat
1321 1205 1627 1268 Navarrus
1644 1252 1661 1279 ,
1687 1210 1834 1286 quod
1871 1210 2016 1268 sicut

461 1293 736 1356 Dominus
794 1298 959 1379 Papa
1004 1303 1173 1360 etiam
1215 1312 1410 1362 contra
1472 1300 1791 1363 Concilium
1839 1315 2017 1383 potest

454 1393 645 1452 tollere
696 1391 1090 1467 Not-iliatam,
1121 1398 1206 1456 ita
1248 1407 1299 1455 et
1349 1417 1670 1457 consensum
1707 1396 1971 1478 Capituli
1988 1421 2011 1467 ,-

2117 933 2295 1013 juxta
2325 932 2795 996 Constitutiones
2821 932 3070 998 Ordinis
3092 983 3108 1011 ,
3155 958 3275 1000 non
3304 950 3497 1021 potest
3524 943 3687 1005 ullus

2133 1028 2455 1102 Novitius,
2475 1021 2613 1090 licet
2636 1048 2671 1091 a
2699 1029 2977 1110 Capitulo
3004 1034 3373 1112 approbatus
3394 1082 3410 1108 ,
3443 1037 3517 1098 ad
3544 1056 3685 1118 pro-

2127 1121 2443 1183 fessionem
2495 1123 2730 1185 admitti
2779 1125 2910 1186 sine
2960 1126 3200 1189 licentia
3251 1128 3678 1205 Provincialis,

2125 1217 2233 1296 qui
2289 1237 2421 1277 eam
2471 1217 2609 1291 bic,
2643 1227 2702 1278 et
2744 1239 2905 1280 nunc
2953 1221 3099 1282 dare
3135 1241 3252 1283 uon
3303 1224 3560 1287 intendit
3605 1247 3682 1289 ex

2122 1310 2317 1371 causis
2346 1310 2406 1371 in
2456 1310 2765 1392 Scriptura
2795 1313 3184 1388 deducendiS,
3217 1326 3276 1378 et
3306 1319 3468 1397 quod
3500 1340 3680 1401 repu-

2118 1415 2342 1486 gnante
2364 1406 2803 1469 rationabiliter
2823 1408 3143 1489 Superiore
3165 1410 3513 1491 ReligioniS,
3535 1434 3682 1474 con-

451 1487 569 1564 ipse
598 1490 748 1546 enim
780 1508 907 1548 cum
933 1491 1008 1548 sit
1042 1488 1231 1571 Caput
1259 1491 1542 1552 Ecclesiae
1568 1492 1893 1554 Militantis
1919 1538 1935 1565 ,
1961 1503 2012 1552 et
2119 1520 2340 1580 gruum
2364 1520 2492 1561 esse
2522 1521 2644 1563 non
2667 1503 2907 1565 videtur
2929 1550 2945 1577 ,
2971 1505 3131 1585 quod
3152 1505 3436 1567 Summus
3470 1509 3680 1570 Ponti-

456 1577 929 1643 Generalissimus
947 1588 1198 1645 ninnium
1226 1586 1583 1665 Reliqionum
1601 1634 1617 1657 ,
1648 1607 1751 1667 pro
1771 1608 2013 1647 commu·

449 1678 515 1733 ni
541 1677 709 1749 bono,
733 1698 890 1758 pace,
914 1689 962 1736 et
994 1683 1414 1759 tranquillitate
1435 1682 1845 1759 Reliqiosorum
1863 1729 1877 1750 ,
1919 1700 2005 1740 so·

456 1769 543 1827 Ius
588 1780 759 1849 potest
786 1774 1056 1851 recipere,
1089 1775 1176 1833 cel
1217 1776 1389 1835 alteri
1431 1775 1768 1834 committere
1794 1822 1809 1844 ,
1861 1774 2009 1853 quod

449 1863 797 1943 intelliqitnr
822 1867 1040 1943 fecisse,
1073 1878 1122 1929 et
1165 1870 1383 1947 facere,
1433 1873 1646 1948 quoties
1671 1865 2008 1930 commiserit

450 1960 615 2032 hnic,
647 1963 734 2021 cel
774 1963 911 2033 illi,
956 1973 1007 2022 et
1050 1966 1349 2044 praecipue
1376 1964 1736 2044 Reliqionum
1769 1963 2006 2043 Praefe-

447 2057 591 2127 ctis,
629 2065 694 2115 ut
736 2057 874 2127 hoc,
922 2069 973 2117 et
1007 2059 1112 2118 illo
1161 2059 1318 2118 modo
1349 2060 1659 2139 recipiant,
1704 2060 1908 2138 absque
1946 2078 2007 2119 eo

448 2151 596 2228 quod
620 2152 977 2224 ballottetur,
1010 2163 1062 2213 el
1088 2155 1207 2214 sine
1237 2156 1355 2215 alio
1383 2158 1655 2233 requisito
1689 2154 2003 2236 suffraqio:

448 2251 704 2327 princeps
730 2249 933 2308 etenim
962 2250 1176 2308 nemini
1220 2249 1361 2327 facit
1387 2251 1701 2328 injuriam,
1737 2261 1789 2311 et
1815 2251 2006 2310 utitur

435 2343 569 2418 jure
584 2361 707 2402 suo.

562 2437 810 2517 Absque
829 2455 902 2498 eo
943 2438 1109 2518 quod
1147 2438 1387 2500 obstare
1412 2437 1529 2500 dici
1558 2437 1789 2519 possint
1815 2440 2001 2502 verba

370 2590 397 2608 ‚
448 2531 682 2593 Decreti
716 2531 849 2593 Sac.
886 2532 1418 2614 Congregationis,
1456 2553 1593 2595 cum
1625 2535 1814 2597 verba
1859 2534 1996 2607 illa,

446 2638 498 2687 et
521 2629 708 2706 quoad
729 2648 815 2689 eos
833 2676 848 2699 ,
870 2631 973 2707 qui
991 2631 1105 2689 sint
1130 2629 1207 2692 ad
1221 2626 1616 2710 professionem
1640 2631 1998 2701 admittendi,

450 2720 731 2804 Superior
757 2734 962 2785 utatur
989 2724 1124 2802 jure
1168 2744 1299 2794 sno,
1334 2743 1455 2784 non
1497 2723 1822 2805 respiciant
1859 2743 1997 2798 eos,

448 2818 552 2899 qui
578 2817 1006 2897 professionem
1032 2816 1334 2880 ratificare
1351 2818 1682 2894 debebant,
1704 2819 1807 2881 sed
1827 2818 1997 2892 alios,

441 2911 547 2991 qui
581 2912 644 2973 in
680 2911 988 2975 Novitiatu
1036 2910 1192 2973 sorte
1215 2912 1596 2984 existebant,
1637 2920 1698 2975 et
1722 2921 1899 2975 erant.
1923 2912 2000 2975 ad

448 3006 875 3086 professionem
900 3006 1291 3082 admittendi,
1339 3007 1681 3089 quinimmo
1703 3053 1719 3080 ,
1753 3028 1891 3069 cum
1933 3008 1998 3068 in

441 3102 625 3165 citato
668 3105 917 3166 Decreta
950 3103 1098 3166 baec
1143 3103 1266 3167 alia
1299 3105 1486 3167 verba
1535 3102 1854 3186 legantur:
1895 3123 1999 3184 pro

440 3201 816 3280 ratificatione
854 3201 1247 3281 professionis,
1284 3220 1409 3261 cnm
1438 3220 1579 3261 novo
1604 3199 1998 3280 Professorum

442 3314 705 3355 consensa
736 3298 798 3354 in
826 3298 1083 3356 manibus
1122 3293 1450 3375 Superioris
1481 3295 1721 3375 leq-itimi
1741 3345 1758 3367 ,
1793 3307 1841 3356 et
1870 3317 1998 3357 cum

439 3390 846 3471 dispensatione
865 3390 1051 3470 quoad
1083 3391 1240 3463 alia,
1277 3411 1421 3470 qnae
1452 3394 1518 3451 in
1553 3388 1994 3453 Constitutioni-

437 3486 535 3545 bus
553 3486 1019 3565 praescribuntur
1038 3533 1053 3556 ,
1078 3493 1138 3547 et
1169 3484 1232 3546 in
1255 3483 1797 3548 constitutionibus
1817 3506 1992 3569 prae·

439 3578 771 3652 scribatur,
802 3579 962 3659 quod
993 3580 1253 3660 quilibet
1301 3579 1577 3642 Novitius
1618 3589 1739 3643 tres
1780 3583 1995 3647 debeat

441 3682 750 3753 reportare
788 3672 1251 3752 approbationes
1291 3692 1327 3734 a
1356 3672 1639 3735 Patribus
1662 3674 1993 3738 vocalibus

438 3765 602 3828 illius
627 3767 1001 3841 Conventus,
1039 3767 1103 3828 in
1132 3786 1255 3847 quo
1282 3767 1623 3830 Novitiatus
1665 3769 1943 3850 expletur
1967 3815 1985 3844 ,

439 3859 690 3923 alteram
724 3870 975 3942 quart0,
1001 3860 1250 3923 alteram
1279 3870 1524 3936 octav0,
1553 3863 1808 3925 alteram
1835 3863 1988 3926 deci·

438 3974 537 4017 mo
562 3975 785 4029 mense,
807 3963 944 4037 post
961 3975 1114 4036 quas
1134 3956 1598 4036 approbationes
1621 3957 1896 4038 sequitur
1917 3958 1988 4021 li·

439 4052 633 4113 centia
662 4050 1066 4112 Provincialis
1090 4096 1106 4124 ,
1139 4061 1208 4113 ut
1233 4050 1510 4113 Novitius
1542 4050 1778 4114 admitti
1804 4053 1990 4133 possit

440 4144 516 4205 ad
544 4144 972 4225 professionem
1004 4165 1019 4205 ε
1054 4145 1421 4225 dispensatio
1443 4191 1461 4218 ,
1494 4165 1652 4226 quae
1681 4146 1744 4207 in
1770 4149 1987 4210 Decre-

438 4245 500 4298 to
530 4238 877 4300 conceditur
901 4239 979 4300 ab
1012 4237 1128 4309 bis,
1151 4258 1307 4319 quae
1329 4248 1471 4300 sunt
1503 4239 1567 4300 in
1597 4238 1987 4305 Constitutio-

440 4330 620 4393 nibus
642 4332 1009 4413 praescripta
1033 4380 1049 4403 ,
1086 4351 1311 4393 novum
1354 4333 1534 4395 etiam
1553 4333 1616 4394 in
1639 4333 1988 4399 ratificatio-

434 4424 612 4486 nibus
622 4426 938 4489 Vocatium
958 4446 1312 4489 consensum
1342 4427 1663 4507 excludere
1682 4429 1985 4493 videntur.

547 4520 661 4581 His
679 4512 1008 4592 stantibus,
1033 4521 1370 4602 quaeritur:

546 4615 599 4675 Ῑ.
632 4616 726 4675 An
742 4619 805 4676 in
822 4617 1199 4697 ratificatione
1222 4619 1769 4698 professionisnovus
1792 4622 1986 4699 requi-

431 4720 600 4770 ratur
648 4710 939 4773 Vocalium
977 4731 1266 4773 consensus
1314 4714 1381 4772 in
1426 4733 1593 4784 casu,
1631 4724 1682 4774 ct
1710 4726 1985 4793 quatenus

429 4804 786 4883 affirmative:

547 4898 627 4958 Il.
674 4898 770 4957 An
807 4901 881 4959 sit
913 4900 1310 4960 consulendam
1360 4898 1760 4975 Sanctissimo,
1789 4913 1855 4965 at
1889 4906 1979 4964 ‹ti-

427 5002 643 5052 ctornm
670 4994 973 5055 vocalium
999 5013 1318 5055 consensum
1338 4996 1597 5075 suppleat
1623 4999 1687 5056 in
1714 5018 1849 5059 casu
1871 5010 1973 5060 etc.

533 5184 685 5234 Sacra
713 5184 908 5251 Congr.
935 5183 1240 5252 respondit:

608 5270 704 5322 Ad
735 5271 971 5337 primam
998 5270 1334 5341 affirmative
1358 5272 1414 5323 in
1441 5289 1570 5325 casu
1595 5312 1609 5338 ,
1644 5274 1709 5327 de
1736 5294 1841 5343 qao
1868 5278 1982 5346 agi-

422 5368 530 5418 tur,
556 5369 609 5410 et
633 5359 895 5429 amplius.
946 5358 1045 5412 Ad
1061 5359 1354 5412 secundam
1389 5356 1761 5430 affirmative,
1791 5377 1843 5417 et
1869 5383 1981 5417 am-

414 5444 579 5511 plius.

2127 1595 2228 1656 fex
2257 1596 2385 1676 ejus
2411 1595 2687 1675 suppleat
2720 1615 3097 1671 consensum,
3123 1599 3210 1659 uti
3243 1599 3412 1663 docet
3432 1599 3583 1662 Less.
3612 1603 3678 1664 de

2114 1687 2319 1748 Justit.
2366 1700 2418 1749 et
2436 1691 2562 1766 jur.
2600 1691 2697 1749 lib.
2727 1695 2785 1749 2.
2821 1711 2945 1771 cap.
2982 1696 3079 1752 41.
3122 1693 3257 1753 dub.
3288 1698 3347 1754 7.
3381 1714 3537 1754 num.
3574 1700 3672 1767 611.

2124 1781 2445 1844 Pellizzar.
2472 1785 2538 1842 in
2570 1783 2847 1845 Manual.
2901 1786 3102 1864 Requl.
3137 1798 3270 1848 tom.
3313 1792 3366 1848 1.
3397 1799 3565 1849 tract.
3613 1794 3669 1850 3.

2112 1896 2240 1956 cap.
2274 1882 2331 1936 5.
2366 1886 2495 1938 sect.
2532 1881 2594 1940 2.
2644 1897 2802 1936 num.
2856 1884 2952 1938 59.
3001 1878 3276 1960 Cumque
3322 1881 3481 1943 dicto
3510 1882 3678 1944 Patri

2120 1969 2508 2033 Procuratori
2551 1971 2831 2033 Generali
2860 1972 3044 2034 suerit
3078 1974 3157 2035 ab
3186 1975 3677 2039 Eminentissimo

2120 2065 2428 2128 Praefecto
2449 2086 2724 2129 concessa
2749 2087 2904 2131 nova
2930 2069 3237 2131 audientia
3259 2116 3276 2144 ,
3305 2070 3676 2152 inpraesen-

2114 2158 2157 2221 ti
2215 2160 2438 2222 iterum
2481 2161 2844 2242 disputanda
2892 2174 3316 2245 proponuntur
3359 2164 3675 2245 sequentia

2106 2253 2314 2315 dubia.

2185 2333 2190 2338 ³
2236 2348 2289 2409 Ῑ.
2321 2348 2417 2408 An
2461 2350 2527 2408 in
2555 2350 2935 2430 ratificatione
2978 2352 3337 2432 professionis
3362 2371 3537 2413 novus
3578 2374 3673 2415 re-

2111 2443 2387 2520 quiratur
2429 2442 2719 2504 Vocaliam
2753 2493 2770 2515 ,
2797 2455 2848 2506 et
2876 2444 3259 2509 Prot-incialis
3293 2466 3584 2510 consensus
3604 2451 3672 2511 in

2108 2557 2245 2600 casu
2271 2584 2288 2611 ,
2327 2549 2377 2599 et
2397 2543 2672 2618 quatenus
2692 2541 3062 2621 affirmative:

2227 2632 2311 2694 11.
2362 2633 2459 2693 An
2497 2636 2571 2693 sit
2599 2637 2998 2697 consulendam
3028 2636 3402 2699 sanctissimo
3423 2682 3443 2713 ,
3473 2648 3541 2699 ut
3575 2638 3669 2700 di-

2109 2736 2328 2786 ctorum
2362 2726 2678 2801 Vocatium,
2708 2740 2760 2790 et
2780 2728 3165 2794 Provincialis
3183 2750 3504 2794 consensum
3529 2750 3667 2813 sup·

2104 2822 2261 2903 pleat
2284 2824 2347 2883 in
2371 2841 2507 2884 casn
2532 2834 2634 2885 etc.

2219 3016 2364 3068 Sscr.
2395 3015 2600 3085 Congr.
2619 3014 2706 3070 die
2735 3017 2820 3070 16.
2848 3017 3159 3073 Decembris
3186 3020 3343 3071 1718.
3370 3017 3665 3088 respoudit:

2292 3101 2391 3158 Ad
2407 3103 2650 3173 primum
2690 3104 3060 3178 affirmative.
3092 3107 3190 3162 Ad
3208 3107 3500 3161 secundam
3517 3108 3670 3177 pari-

2106 3204 2193 3244 ter
2227 3191 2593 3263 affirmative,
2632 3207 2685 3248 ee
2729 3195 2917 3264 quoad
2947 3198 3201 3251 Fratrem
3237 3200 3517 3251 Joatmem
3554 3198 3669 3249 Do·

2100 3280 2363 3334 minicum
2392 3283 2599 3351 dilata,
2639 3297 2692 3337 ee
2722 3282 3001 3338 scribatur
3032 3281 3333 3340 ordinario
3352 3301 3457 3356 pro
3494 3282 3665 3351 irfin-

2097 3369 2358 3423 macione.

2517 3624 2879 3700 QUAEsno
2920 3601 3229 3690 cxxvn.

2135 3900 2211 3963 In
2241 3902 2436 3966 Causa
2474 3904 2967 3987 Justinopolitana
2992 3905 3346 3979 Missarum,
3382 3905 3471 3966 die
3510 3909 3606 3966 18.

2592 3997 2924 4062 Novembris
2971 4004 3144 4062 1719.

2090 4158 2448 4280 Barnabas
2477 4217 2649 4281 Bruti
2691 4218 3233 4300 Iustinopolitanus
3263 4236 3427 4279 anno
3468 4218 3644 4278 1633.

2092 4309 2336 4372 devenit
2374 4311 2449 4373 ad
2498 4312 2948 4393 stipulationem
2986 4312 3214 4393 publici
3255 4309 3648 4401 Instrumenti

2091 4424 2230 4466 cum
2273 4405 2553 4469 Patribus
2596 4406 3030 4470 observantiae
3061 4407 3124 4469 S.
3173 4404 3471 4467 Francisci
3497 4452 3514 4474 ,
3547 4404 3647 4465 de-

2092 4500 2374 4581 gentibus
2394 4501 2460 4562 in
2492 4502 2856 4565 Monasterio
2896 4500 3169 4564 Civitatis
3189 4497 3645 4578 Justinopolita-

2095 4612 2210 4655 nae
2237 4642 2252 4665 ,
2285 4602 2347 4656 et
2382 4595 2445 4656 in
2471 4596 2629 4658 dicto
2657 4596 3058 4658 instrumento
3098 4600 3457 4656 conventum
3491 4590 3641 4666 suit,

2090 4690 2257 4771 quod
2288 4691 2494 4753 Patres
2527 4693 2591 4751 in
2618 4699 2973 4772 perpetuum
3013 4696 3358 4751 tenerentur
3384 4685 3645 4748 celebra·

2087 4803 2155 4846 re
2177 4786 2424 4847 Missam
2462 4785 2878 4867 quotidianam
2919 4784 2983 4846 in
3031 4782 3293 4847 Ecclesia
3334 4779 3640 4843 Saeculari

2085 4877 2146 4938 S.
2205 4880 2524 4962 Dionysii,
2562 4882 2736 4962 juxta
2783 4887 3041 4941 mentem
3073 4927 3090 4949 ,
3140 4886 3202 4940 et
3242 4875 3640 4959 obligationes

2085 4973 2437 5048 Barnabae,
2484 4982 2544 5035 et
2586 4973 2747 5053 quod
2793 4975 2958 5054 ipse,
2999 4974 3250 5055 ejusque
3275 4989 3639 5032 successores

2086 5073 2434 5130 tenerentur
2493 5068 2777 5131 Patribus
2813 5067 3197 5130 contribuere
3237 5065 3484 5127 ducatos
3531 5069 3630 5126 40.

2082 5159 2360 5223 Monetae
2393 5162 2661 5224 Venetae
2682 5208 2698 5234 ,
2731 5169 2790 5223 et
2823 5163 3295 5223 Instrumeutum
3327 5177 3498 5220 suam
3523 5158 3635 5221 ba-

2082 5252 2217 5314 buit
2250 5255 2663 5318 executionem
2702 5274 2893 5336 usque
2913 5256 2990 5317 ad
3019 5274 3248 5317 annum
3285 5258 3459 5314 1709.
3487 5252 3634 5334 quia

2082 5347 2288 5411 Patres
2323 5350 2566 5412 Missam
2609 5350 3034 5423 celebrarunt,
3069 5357 3129 5412 et
3172 5348 3261 5410 illi
3313 5347 3390 5410 de
3430 5347 3632 5411 Brutis

2082 5461 2161 5522 pu
2170 5443 2488 5507 actualiter
2505 5444 2943 5528 eleemosynam
2963 5444 3400 5527 persolverunt.
