4393 6299
982 433 1092 483 wo

808 558 989 645 steria
1016 585 1164 668 erigi
1192 592 1450 667 possent,
1481 585 1739 648 alterum
1769 584 1993 647 Pisciae
2021 585 2133 646 sub
2162 582 2351 647 titulo
2401 593 2410 695 ξ

2403 698 2409 749 4
2459 678 2714 749 stantiiS,
2745 697 3005 759 quarum
3037 679 3233 759 prima
3259 688 3367 748 est,
3394 676 3554 760 quod
3585 676 3751 737 locus
3778 672 4007 736 Pisciae

810 675 874 738 S.
911 678 1162 751 Juliani,
1192 700 1327 741 cum
1359 679 1492 752 hoc,
1525 680 1685 760 quod
1715 678 2005 739 Moniales
2032 698 2156 738 nun
2171 698 2356 759 cupa-

2042 432 2487 500 Qmssrtoses
2522 430 2887 486 esnontcss

2577 583 2812 645 Additis
2871 583 3245 664 potissimum
3290 581 3681 665 sequentibus
3746 580 4008 642 circum-

811 784 1023 833 rentur
1045 774 1206 847 Jesu,
1232 782 1286 835 et
1318 773 1568 846 Mariae,
1603 773 1859 835 alterum
1894 773 2101 854 Burgi,
2123 774 2240 833 sub
2275 771 2350 833 ti·
2403 766 2410 875 ἰ
2459 769 2576 831 suit
2599 791 2634 832 a
2659 773 2962 834 Testatore
2989 772 3406 853 praedilectus,
3443 791 3582 834 cum
3631 770 3695 831 iu
3728 789 3798 831 eo
3831 775 4009 829 natus

810 865 939 927 tulo
976 867 1047 927 S..
1077 869 1381 929 Laurentii
1412 914 1428 939 ,
1474 871 1645 949 cujus
1672 868 1960 929 Moniales
1986 867 2341 929 denomina-

2458 863 2662 939 fuerit,
2696 878 2921 929 etcum
2970 887 3109 929 eum
3145 867 3343 948 primo
3366 866 3433 927 in
3463 886 3572 928 sua
3619 863 4010 944 dispositione

809 967 1021 1021 rentur
1047 960 1415 1022 Sanctissimi
1446 961 1755 1030 Crucifixi,
1789 961 2028 1021 tertium
2059 958 2350 1038 Bugiani,
2403 996 2410 1033 f
2462 960 2893 1033 nominaverit;
2926 962 3186 1022 soeuuda
3215 969 3327 1033 est,
3362 960 3526 1041 quod
3555 958 3703 1019 Pius
3736 958 4008 1018 Testator

808 1052 925 1113 sub
950 1052 1124 1113 titulo
1156 1053 1217 1114 S.
1248 1053 1536 1135 Philippi,
1566 1063 1623 1115 et
1651 1056 1812 1135 quod
1837 1053 2129 1116 Moniales
2153 1061 2349 1116 essent
2404 1036 2410 1079 ¹
2456 1070 2522 1113 se
2552 1053 2784 1115 remisit
2823 1056 3022 1134 quoad
3055 1054 3436 1126 Institutum,
3468 1060 3528 1114 et
3556 1050 3848 1133 Regulam
3872 1049 4007 1109 Mo-

804 1146 919 1206 sub
950 1146 1395 1228 nuncupatione
1432 1148 1700 1229 Virginis
1729 1147 2154 1209 Immaculatae
2181 1190 2199 1207 .

2461 1145 2713 1208 nialium
2734 1194 2751 1223 ,
2773 1128 3028 1210 arbitrio
3060 1148 3397 1221 Ordinarii,
3434 1146 3541 1228 qui
3575 1165 3751 1207 suum
3806 1143 4008 1204 liben-

924 1239 1014 1299 Ad
1050 1240 1318 1301 tramites
1343 1241 1673 1302 voluntatis
1696 1240 1946 1314 Iuliani,
1975 1240 2201 1301 factum
2233 1237 2350 1301 fuit
2460 1238 2684 1303 tissime
2696 1250 2954 1323 praestat
2978 1262 3283 1305 assensum
3314 1239 3667 1302 InstitutoS.
3694 1233 4005 1299 Francisci

806 1330 1233 1412 multiplicum,
1261 1354 1521 1415 cumque
1566 1335 1887 1396 deventum
1921 1333 2105 1394 fuerit
2151 1333 2226 1394 ad
2258 1332 2349 1393 di-

2458 1336 2712 1413 Salesii;
2781 1336 2952 1399 tertia
3006 1348 3115 1409 est,
3164 1335 3325 1417 quod
3354 1335 3463 1397 alii
3494 1335 3615 1396 duo
3644 1332 3757 1394 loci
3786 1328 3999 1410 Burgi,

803 1426 1219 1507 spunctionem
1267 1438 1685 1510 computorum
1719 1428 2155 1509 deprehensum
2217 1435 2343 1501 est,
2456 1444 2515 1492 et
2537 1431 2791 1513 Bugiani
2814 1435 2941 1513 jam
2970 1431 3200 1493 habent
3247 1450 3354 1492 sua
3385 1427 3785 1499 Monasteria,
3814 1434 3874 1488 et
3910 1423 4007 1485 di-

804 1522 967 1601 quod
995 1540 1157 1583 anno
1187 1529 1362 1584 1686.
1408 1523 1564 1585 bona
1592 1523 1797 1587 omnia
1827 1543 1944 1584 nou
1968 1523 2349 1585 excedebant
2455 1536 2689 1586 ctorum
2711 1525 2980 1587 locorum
3018 1524 3496 1587 Commuuitates
3519 1524 3649 1605 jam
3691 1536 4005 1583 consense-

804 1612 1069 1676 valorem
1092 1626 1396 1677 scutorum
1429 1622 1639 1679 16549.
1659 1664 1676 1691 ,
1702 1629 1760 1679 et
1782 1617 1941 1698 quod
1962 1636 1996 1677 a
2022 1618 2179 1677 dicto
2203 1624 2349 1677 tem·

803 1725 950 1788 pore
967 1712 1041 1768 ad
1068 1728 1294 1770 annum
1322 1715 1495 1772 1718.
1531 1729 1739 1772 eorum
1765 1710 1934 1771 valor
1961 1717 2090 1771 erat
2122 1708 2184 1769 in
2210 1728 2345 1769 scu·

808 1800 882 1861 tis
910 1807 1162 1876 28550.,
1214 1803 1295 1865 ita
1327 1812 1393 1865 ut
1432 1805 1711 1867 detractis
1744 1805 1925 1866 scutis
1965 1810 2101 1865 330.
2136 1801 2348 1865 solutis

804 1894 1019 1956 Comiti
1050 1897 1310 1958 Antonio
1330 1898 1598 1972 Orsucci,
1618 1920 1694 1961 ex
1721 1919 1899 1961 causa
1921 1899 2347 1961 transactionis

803 2009 938 2050 cum
963 1992 1172 2051 eodem
1200 1991 1407 2068 initae,
1439 2004 1497 2056 et
1523 1995 1886 2075 approbatae
1913 2014 1948 2055 a
1974 1994 2153 2055 Sacra
2175 1995 2333 2056 Con-

801 2085 1149 2166 gregatione
1195 2087 1648 2169 Episcoporum,
1685 2100 1745 2152 et
1771 2089 2184 2172 Regularium,
2237 2088 2341 2151 vix

2452 1629 2596 1680 runt
2619 1618 2901 1680 erectioni
2931 1617 3279 1681 Monasterii
3311 1618 3580 1692 Pisciae;
3613 1622 3832 1697 quarta
3884 1620 3996 1686 est,

2454 1714 2615 1793 quod
2645 1714 2845 1795 Eques
2870 1714 3172 1775 Antonius
3223 1712 3572 1784 Orsuccius,
3601 1710 3707 1791 qui
3756 1718 3844 1771 est
3871 1708 4004 1769 uni·

2455 1826 2560 1868 cus
2586 1817 2884 1888 superstes
2916 1828 2987 1869 ex
3013 1807 3109 1868 his
3137 1806 3243 1887 qui
3270 1806 3499 1868 babent
3521 1807 3622 1886 jus
3645 1801 3998 1865 nominandi

2454 1900 2776 1962 nonnullas
2798 1901 3093 1962 Mouiales
3109 1947 3125 1974 ,
3136 1903 3312 1982 juxta
3341 1899 3536 1981 legem
3565 1897 3908 1970 TestatoriS,
3936 1896 4000 1958 in

2455 1996 2652 2056 tribus
2689 1995 3096 2065 Mouasteriis,
3121 1994 3407 2070 ereptioni
3439 1993 3620 2055 unius
3643 1991 3999 2054 Monasterii

2453 2089 2617 2150 dedit
2642 2109 2985 2162 assensum,
3016 2088 3131 2151 sibi
3171 2088 3233 2149 in
3264 2108 3335 2150 eo
3371 2096 3606 2150 tantum
3636 2086 4002 2169 reservando

802 2187 1106 2239 remaneat
1137 2179 1197 2240 id
1236 2182 1397 2261 quod
1431 2181 1651 2244 sufficit
1677 2203 1787 2264 pro
1826 2184 2124 2245 erectione
2152 2182 2343 2245 unius
2397 2160 2405 2247 i
2448 2184 2549 2264 jus
2575 2184 2977 2265 praedictum;
3028 2182 3246 2263 quinta
3277 2182 3517 2244 tandem
3540 2190 3650 2254 est,
3681 2180 3845 2262 quod
3893 2179 4004 2243 ha-

801 2271 1183 2335 Monasterii.

921 2365 988 2426 In
1032 2367 1144 2429 hoc
1195 2388 1398 2431 rerum
1447 2379 1628 2442 statu,
1681 2392 1818 2434 cum
1850 2372 2100 2434 ulterior
2129 2373 2341 2434 dilatio

2397 2252 2405 2309 Ι
2456 2276 2583 2338 bito
2605 2297 2850 2339 recursu
2871 2297 2907 2339 a
2929 2276 3300 2338 Monialibus
3346 2275 3411 2337 S.
3446 2275 3844 2337 Scholasticae
3879 2275 4003 2335 Bu-

2452 2370 2616 2453 giani
2648 2392 2755 2453 pro
2772 2372 3056 2434 habendo
3100 2370 3307 2452 aliquo
3334 2369 3605 2432 subsidio
3628 2368 3689 2429 in
3725 2367 4002 2430 levamen

798 2460 1168 2522 executionis
1218 2462 1546 2527 voluntatis
1613 2468 1936 2528 Testatoris
2006 2466 2338 2550 incongrua
2452 2482 2596 2526 suae
2623 2464 3024 2545 paupertatis,
3083 2483 3203 2526 non
3232 2463 3563 2525 detrectant
3604 2462 3896 2524 Moniales
3934 2462 3998 2523 S.

799 2552 926 2614 visa
950 2553 1155 2628 fuerit,
1181 2566 1307 2617 tum
1332 2568 1573 2640 propter
1585 2560 1920 2641 periculum
1947 2562 2334 2637 decrementi,

2454 2557 2750 2619 Francisci
2775 2557 2986 2618 Salesii
3010 2557 3263 2626 Massae,
3293 2557 3370 2618 de
3397 2576 3491 2628 eo,
3522 2555 3683 2635 quod
3721 2556 3875 2616 forte
3896 2574 4002 2616 su·

796 2653 857 2707 et
882 2647 1268 2729 dispersionis
1288 2653 1615 2728 redituum,
1653 2665 1776 2717 tum
1814 2676 1891 2717 ex
1917 2675 2039 2737 quo
2066 2659 2341 2720 Testatm·
2451 2650 2695 2731 pererit,
2722 2652 2971 2711 fundato
2989 2671 3145 2713 novo
3162 2650 3549 2722 Monasteri0,
3573 2649 3804 2729 aliquid
3831 2649 3999 2710 favo-

799 2759 921 2802 uon
949 2742 1132 2803 aliam
1164 2746 1450 2807 concessit
1489 2747 1872 2820 dilationem,
1907 2769 2092 2830 quam
2145 2770 2340 2813 anno-

796 2851 934 2893 rum
963 2839 1061 2896 20.
1093 2882 1110 2911 ,
1147 2845 1208 2898 et
1230 2857 1265 2899 a
1290 2838 1388 2900 die
1406 2838 1608 2900 obitus
1624 2841 1891 2923 ejusdem
1906 2844 2033 2923 jam
2054 2844 2200 2905 anui
2224 2851 2326 2907 86.

795 2926 981 3007 elapsi
1009 2939 1171 3004 sunt,
1208 2931 1516 2994 exhibitae
1544 2934 1790 2997 fuerunt
1812 2936 2092 2998 Sanctiss.
2128 2940 2337 3000 Domi-

795 3041 875 3081 no
899 3021 1112 3083 Nostro
1139 3044 1338 3103 preces
1362 3044 1396 3086 a
1440 3026 1808 3089 Monialibus
1862 3029 2240 3092 Visitationis
2268 3031 2332 3093 S.

797 3114 1096 3179 Francisci
1129 3117 1335 3180 Salesii
1366 3120 1598 3182 Massae
1625 3141 1733 3203 pro
1758 3116 2158 3204 applicatione
2198 3124 2342 3187 hae·

798 3211 1066 3274 reditatis
1083 3212 1490 3284 Juliani,cum
1514 3235 1697 3278 onere
1722 3226 1921 3278 tamen
1946 3238 2079 3279 eam
2108 3220 2339 3301 integre

793 3307 1078 3388 erogandi
1105 3309 1167 3367 in
1192 3308 1542 3371 fundatione
1577 3311 1923 3373 Monasterii
1950 3315 2062 3373 sub
2087 3315 2338 3395 Regula,

795 3407 855 3461 et
886 3400 1166 3463 Instituto
1211 3403 1272 3462 S.
1312 3404 1358 3464 F
1365 3405 1610 3466 rancisci
1666 3405 1874 3467 Salesii
1928 3407 2152 3468 Pisciae
2176 3429 2342 3489 pera·

792 3495 1011 3574 genda,
1051 3504 1112 3556 et
1152 3515 1188 3557 a
1223 3497 1547 3561 Sanctitate
1569 3499 1687 3559 Sua
1726 3499 1974 3560 fuerunt
2012 3522 2214 3582 preces
2242 3524 2340 3566 re·

793 3587 1009 3650 missae
1026 3590 1100 3650 ad
1135 3590 1290 3653 hanc
1316 3592 1556 3654 Sacram
1589 3593 2148 3676 Congregationem,
2182 3618 2342 3678 quae

794 3680 1023 3743 litteras
1047 3684 1210 3745 dedit
1232 3694 1350 3747 tam
1375 3685 1667 3767 Episcopo
1690 3689 1966 3759 Aretino,
1989 3690 2133 3752 olim
2162 3693 2338 3755 Prae·

792 3775 1008 3857 posito,
1037 3786 1098 3838 et
1119 3778 1335 3840 deiude
1357 3781 1674 3843 visitatori
1704 3783 2047 3862 Apostolico
2078 3787 2330 3848 Piscien.

792 3887 975 3948 quam
1016 3871 1301 3932 moderno
1328 3872 1660 3948 Ordinatio
1687 3877 1944 3938 Piscien.

911 3961 1379 4043 supplicationis
1412 3975 1647 4037 autem,
1698 3979 1803 4029 aut
1851 3971 2338 4035 commutationis

792 4053 1121 4116 voluntatis
1167 4056 1625 4120 fundamentum
1664 4061 1723 4121 in
1765 4062 1876 4123 boc
1904 4065 2290 4127 constituitur
2316 4112 2332 4140 ,

791 4147 953 4228 quod
983 4148 1371 4229 impossibilis
1395 4154 1633 4215 videtur
1661 4156 1881 4217 erectio
1911 4158 2092 4218 trium
2122 4161 2334 4222 Mona·

790 4240 1134 4314 steriorum‚
1167 4246 1594 4325 suppositaque
1635 4248 2115 4327 impossibilitate
2140 4297 2156 4323 ,
2198 4273 2335 4313 cum

790 4335 1185 4397 cummutatio
1214 4337 1343 4397 fieri
1379 4341 1591 4401 debeat
1620 4342 1680 4402 in
1716 4363 1866 4422 opus
1920 4345 2108 4425 magis
2138 4346 2336 4427 proxi-

790 4449 980 4502 nnum,
1004 4439 1063 4491 et
1094 4433 1281 4514 magis
1304 4435 1640 4503 consimile,
1666 4447 1786 4496 tam
1815 4439 2042 4520 dejure
2063 4461 2336 4502 commu·

790 4522 878 4594 ni,
907 4524 990 4583 uti
1019 4526 1348 4603 ponderant
1374 4526 1661 4587 Faciet-ich.
1691 4531 1754 4589 de
1784 4530 1947 4590 Senis
1971 4536 2166 4592 consil.
2195 4538 2330 4595 175.

786 4635 926 4676 cers.
968 4616 1083 4677 Sed
1105 4622 1434 4697 praedicta,
1466 4620 1694 4682 Rz'ccius
1727 4624 1890 4684 decis.
1928 4631 2026 4686 83.
2061 4647 2222 4688 num.
2272 4636 2329 4691 5.

781 4729 914 4788 par.
942 4714 1001 4770 2.
1028 4759 1044 4783 ,
1079 4712 1335 4802 Sanclsez
1358 4715 1456 4773 tib.
1493 4719 1550 4775 4.
1583 4721 1780 4778 consil.
1810 4740 1939 4800 cap.
1978 4726 2035 4780 2.
2064 4723 2196 4781 dub.
2223 4729 2280 4783 6.
2313 4773 2330 4796 ,

787 4804 932 4865 Rota
955 4807 1122 4866 decis.
1154 4812 1291 4866 290.
1327 4827 1484 4868 num.
1504 4815 1561 4870 5.
1595 4822 1644 4871 et
1668 4818 1725 4872 9.
1755 4825 1911 4893 part.
1948 4819 2039 4874 17.
2067 4816 2291 4877 Recent.
2311 4864 2328 4891 ,

785 4919 967 4980 quam
1000 4909 1224 4962 attenta
1252 4901 1641 4984 dispositione
1693 4908 1851 4985 juris
1906 4908 2156 4970 Concilii
2205 4911 2334 4972 Tri-

784 4994 1041 5076 dentini,
1059 4996 1233 5075 juxta
1257 5007 1449 5074 caput.
1471 5002 1528 5057 8.
1557 5018 1686 5059 sess.
1717 5005 1816 5059 25.
1847 5003 1911 5061 de
1935 5002 2181 5082 Reform.
2211 5024 2330 5066 nou

782 5085 1043 5159 videtur,
1067 5088 1229 5167 quod
1260 5088 1429 5149 aliud
1461 5110 1612 5169 opus
1642 5094 1830 5175 magis
1850 5097 2133 5174 proximu
2147 5117 2228 5169 m,
2271 5108 2332 5158 et
2381 5127 2389 5182 Ξ

786 5175 970 5262 inagis
994 5180 1305 5272 consimile
1329 5184 1579 5263 reperiri
1607 5190 1790 5266 possit
1809 5208 1901 5262 eo,
1929 5189 2004 5250 de
2023 5210 2144 5273 quo
2170 5210 2331 5252 nunc

2450 2763 2516 2805 re
2544 2745 2834 2825 ipsarum,
2863 2765 2967 2806 uec
2991 2765 3108 2805 nou
3122 2744 3404 2817 aliarum,
3433 2742 3790 2805 Mouialium
3811 2741 3998 2824 Burgi

2449 2840 2855 2911 contribuere,
2896 2839 3227 2900 dummodo
3255 2838 3625 2899 contributio
3665 2857 3781 2898 non
3833 2856 4000 2899 exce·

2447 2934 2551 2994 dat
2572 2953 2867 2995 summam
2891 2943 3196 2996 scutorum
3219 2934 3503 3006 duorum,
3525 2942 3630 2993 aut
3654 2933 3838 2993 trium
3868 2931 4001 2994 mil-

2451 3029 2600 3094 lium
2625 3072 2641 3088 .

2569 3122 2853 3202 Adeoque
2871 3121 2985 3184 sub
3016 3129 3344 3184 memorato
3376 3118 3771 3183 fundamento
3794 3120 3996 3203 dispo-

2448 3215 2684 3277 sitionis
2697 3215 2880 3297 juris,
2904 3235 3135 3276 necnon
3171 3215 3286 3275 sub
3318 3214 3712 3276 fundamento
3737 3214 3997 3277 circum-

2446 3310 2807 3371 stantiarum
2860 3329 2996 3370 mox
3028 3309 3463 3389 expositarum,
3512 3328 3647 3369 cum
3689 3308 3996 3388 proposita

2453 3405 2657 3466 fuisset
2717 3404 3001 3465 instantia
3072 3402 3430 3464 Monialium
3491 3401 3865 3463 visitationis
3925 3403 3988 3464 S.

2449 3499 2748 3559 Francisci
2772 3497 2980 3559 Salesii
3004 3498 3233 3558 Massae
3250 3496 3312 3557 in
3329 3497 3821 3577 Congregatione,
3836 3515 3996 3576 quae

2449 3592 2658 3653 habita
2690 3590 2807 3652 fuit
2834 3593 2921 3650 die
2962 3594 3057 3650 13.
3096 3589 3255 3649 Jutii
3311 3593 3482 3650 1720.
3529 3590 3736 3649 eadem
3763 3590 3990 3671 jussit,

2449 3686 2610 3765 quod
2634 3685 2982 3746 firmaretur
3009 3692 3201 3745 status
3229 3682 3616 3744 haereditatis
3644 3682 3874 3745 Juliani
3916 3684 3994 3746 de

2446 3778 2723 3840 Orsuccis
2738 3780 2915 3861 juxta
2944 3778 3424 3849 instructionem,
3451 3777 3612 3857 quod
3630 3776 3992 3841 ordinarius

2445 3873 2697 3932 Piscien.
2744 3871 3118 3932 incumberet
3141 3869 3568 3931 constructioni
3595 3870 3942 3932 Monasterii
3969 3915 3988 3946 ,

2445 3975 2503 4026 et
2525 3964 2822 4027 Ecclesiae
2843 3963 3239 4035 Monialium,
3275 3971 3335 4024 et
3375 3963 3535 4043 quod
3586 3965 3827 4025 eaedem
3860 3964 3992 4025 Μο-

2445 4059 2636 4120 niales
2655 4058 2715 4119 S.
2734 4057 3033 4118 Francisci
3049 4056 3256 4118 Salesii
3283 4057 3513 4117 Massae
3531 4067 3660 4136 post
3680 4057 3992 4118 transmis-

2444 4173 2571 4214 sam
2617 4151 3015 4213 redditionem
3039 4149 3292 4211 rationis
3318 4149 3708 4212 haereditatis
3733 4150 3988 4225 Juliani,

2443 4245 2852 4328 supplicarent
2865 4263 2973 4325 pro
2989 4242 3479 4318 commutatione,
3491 4251 3550 4303 et
3562 4262 3597 4304 a
3605 4244 3987 4324 pplicatione;

2442 4358 2703 4419 cumque
2729 4338 2789 4397 in
2819 4336 3260 4398 constructione
3283 4336 3665 4411 Mouasterii,
3701 4348 3760 4398 et
3787 4337 3990 4400 Eccle-

2443 4437 2567 4494 siae
2618 4433 2743 4492 visa
2787 4431 2969 4491 fuerit
3003 4429 3182 4489 nimis
3243 4430 3571 4491 necessaria
3602 4431 3988 4511 superinten-

2444 4527 2648 4588 dentia
2669 4523 3107 4585 nonnullarum
3137 4522 3496 4584 Monialium
3539 4524 3798 4597 Massae,
3842 4524 3989 4587 haec

2443 4622 2649 4683 eadem
2680 4618 2817 4682 Sac.
2853 4617 3253 4700 congregatio
3274 4617 3372 4678 die
3397 4623 3455 4678 7.
3485 4617 3824 4697 Septembris
3850 4619 3986 4678 sub-

2440 4719 2715 4796 sequentis
2743 4713 3040 4777 commisit
3069 4711 3397 4773 Ordinario
3430 4712 3684 4773 Piscien.
3719 4721 3785 4773 ut
3832 4730 3988 4792 qua-

2443 4823 2581 4873 tuor
2616 4809 2910 4871 Moniales
2933 4806 3244 4880 Cborales,
3267 4815 3327 4867 et
3355 4824 3541 4866 unam
3571 4804 3932 4866 Conversam
3951 4822 3987 4867 e

2443 4904 2806 4966 Monasterio
2836 4903 3066 4963 Massae
3088 4901 3162 4962 ad
3184 4899 3489 4980 Oppidum
3521 4899 3766 4973 Pisciae,
3795 4898 3988 4961 hone-

2439 5009 2531 5058 sto
2560 4998 2871 5069 comitatu,
2907 4996 3014 5076 qui
3058 4992 3539 5056 sanctimoniales
3586 4994 3774 5063 decet,
3810 4992 3984 5054 debi-

2439 5094 2636 5173 tisque
2673 5090 2950 5161 cautelis,
2986 5088 3358 5158 transferret,
3412 5104 3631 5165 easque
3659 5085 3983 5149 collocaret

2440 5188 2501 5247 in
2527 5187 2800 5267 Hospitio
2830 5183 3086 5255 decenti,
3115 5179 3382 5263 possibili
3411 5178 3688 5240 clausura
3719 5179 3980 5255 munito,

783 5273 1003 5358 agitur:
1036 5274 1332 5336 erectione
1393 5276 1668 5346 videlicet
1696 5280 2041 5343 Monasterii
2093 5285 2328 5346 Monia-
2381 5307 2387 5366 3
2429 5294 2487 5343 et
2513 5280 2911 5342 saecularium
2941 5276 3205 5357 aspectui
3258 5274 3506 5334 minime
3551 5273 3819 5335 obnoxio
3848 5319 3866 5348 ,
3918 5282 3982 5337 et

783 5365 931 5430 lium
962 5367 1206 5429 Pisciae.
1266 5449 1271 5454 ὁ
1328 5451 1333 5456 ·

2379 5378 2387 5464 j
2434 5376 2595 5454 quod
2644 5373 2897 5434 ulterius
2921 5371 3159 5433 duabus
3185 5387 3262 5430 ex
3304 5368 3446 5448 ipsis
3475 5366 3869 5447 permitteret,
3900 5377 3968 5430 ut
