4393 6299
946 538 1047 590 152
1939 522 2381 595 QuAEsTlonsss
2418 522 2640 573 CANON
2648 520 2771 571 10AE

774 693 1089 755 Cassanen.
1119 696 1483 751 memoratus
1507 683 1792 750 Sacerdos
1814 679 2069 749 Sifaudi,
2108 684 2167 737 et
2188 677 2317 758 ejus
2367 665 2375 742 i
2423 672 2550 754 gari
2589 692 2706 732 non
2740 688 2906 751 posse
2936 665 3415 748 provocationem
3456 661 3528 722 ad
3569 675 3793 720 novum
3824 676 3968 719 exa-

778 789 984 849 favore
1022 788 1267 847 fuerunt
1290 781 1548 843 subinde
1578 777 1890 857 expeditae
1920 774 2155 834 litterae
2184 788 2319 845 apo·
2371 761 2376 788 ¹
2430 773 2565 813 ¹¹¹8ss
2586 796 2599 811 ·

779 882 1055 953 stolicae3
1087 896 1344 957 cumque
1366 875 1651 936 Sacerdos
1683 870 1900 949 Joseph
1930 868 2004 928 de
2047 865 2270 925 Candia
2301 910 2316 932 ,
2543 844 2779 922 Excipit
2807 864 2840 902 θ
2865 850 3086 932 Omma,
3113 839 3396 900 Sacesd‘ss
3437 837 3697 896 J⁰³¹³¹¹e⁵
3741 832 3971 911 Bapfis‘

781 979 886 1060 φῆ
922 976 1038 1037 fuit
1067 994 1221 1035 „nus
1245 992 1317 1032 ex
1351 966 1878 1032 concurrentibus,
1910 982 1972 1022 30
1998 961 2060 1020 fn
2098 959 2191 1019 hig
2226 976 2322 1014 re-
2432 950 2484 1001 ta
2514 939 2743 999 Sifandi
2763 983 2779 1010 ,
2812 937 2965 997 bene
2986 943 3257 996 constare
3285 933 3360 991 de
3386 929 3695 990 validitate
3716 945 3970 988 concur-

780 1071 1082 1153 pmaveffi
1126 1076 1441 1150 gravamm
1461 1111 1474 1134 ‚
1522 1071 1579 1122 et
1604 1077 1912 1121 recursum
1943 1052 2228 1115 habuerit
2250 1050 2324 1109 ad
2429 1053 2551 1104 sus,
2583 1031 2716 1091 licet
2742 1029 2905 1092 enim
2925 1027 3254 1089 Concilium
3284 1023 3705 1084 'l‘ridentiuum
3738 1021 3865 1081 loco
3894 1019 3974 1080 ci-

782 1168 940 1228 banc
978 1165 1218 1224 sacram
1280 1155 1813 1239 Congregafionem
1842 1198 1857 1221 ‚
1888 1153 2062 1231 juxta
2100 1161 2324 1205 morem
2435 1137 2556 1189 tato
2583 1133 2833 1195 statuat,
2865 1141 3218 1185 concursum
3249 1138 3375 1179 esse
3402 1117 3740 1178 faciendum
3771 1134 3976 1176 coram

783 1260 1071 1340 scriplum
1118 1256 1232 1317 fuit
1280 1253 1573 1334 Episcopo
1606 1267 1713 1329 pro
1755 1241 2181 1306 informafione
2206 1283 2221 1310 ‚
2270 1243 2331 1297 et
2437 1218 2966 1282 Examinatoribus
3010 1235 3124 1275 non
3173 1213 3557 1293 paucioribus
3587 1258 3604 1282 ,
3646 1229 3830 1288 quam
3866 1210 3978 1270 tri-

789 1352 1234 1416 transmissione
1280 1357 1573 1414 actorum,
1611 1343 1876 1421 actisque
1917 1332 2280 1399 transmissis
2311 1376 2328 1404 ,
2383 1315 2390 1338 ‘
2439 1317 2584 1390 b⁰⁵3
2634 1316 2694 1375 id
2744 1325 2938 1375 lamen
2992 1330 3108 1371 ¹¹0¹]
3155 1308 3403 1386 impedit
3445 1306 3596 1385 quin
3643 1305 3979 1364 Concursus

788 1446 1145 1527 disputanda
1162 1448 1584 1522 proponuntur
1609 1435 1796 1497 dubia
1809 1434 1883 1494 ad
1905 1431 2124 1492 calcem
2149 1428 2334 1506 hujus
2438 1409 2646 1470 haberi
2695 1407 2888 1468 valeat
2938 1424 3138 1464 coram
3186 1402 3494 1481 pluribus,
3552 1417 3732 1477 quam
3786 1397 3985 1457 tribus

791 1540 1098 1600 regu-imus
1121 1535 1434 1596 ingerenda
1455 1576 1469 1590 ‚
2441 1501 2971 1564 Examinatoribus
2997 1545 3012 1570 ,
3032 1501 3202 1579 juxta
3235 1493 3657 1556 resolutionem
3684 1492 3861 1571 hujus
3882 1490 3985 1558 Sa-

911 1631 1227 1693 comendit
1261 1637 1460 1689 antem
1505 1621 1793 1685 Sacerdos
1819 1615 2036 1696 Joseph
2078 1613 2151 1674 de
2178 1612 2337 1674 Can-
2444 1617 2579 1658 crae
2615 1592 3102 1675 Congregationis
3144 1591 3489 1668 impressam
3522 1587 3678 1664 apud
3708 1583 3987 1644 Gorsium

795 1729 917 1799 dia,
948 1726 1108 1806 quod
1154 1740 1477 1784 concursus
1526 1716 1711 1777 fuerit
1738 1711 1982 1779 nullus,
2020 1718 2145 1768 tum
2191 1705 2336 1786 quia
2446 1694 2510 1751 de
2550 1690 2744 1766 Benef-
2787 1708 2915 1767 par·
2969 1693 3025 1746 9·
3067 1705 3190 1763 ΜΡ·
3234 1688 3290 1742 2·
3335 1702 3494 1742 ”¹⁸⁰⁸-
3539 1686 3636 1740 53·
3679 1689 3736 1740 ei
3774 1681 3836 1739 5¹¹
3878 1698 3984 1748 00,

795 1825 923 1902 ipse
942 1818 1403 1900 appellationem
1428 1815 1867 1890 interposuerat
1889 1806 1966 1866 ab
1988 1803 2336 1863 interventu
2446 1784 2605 1863 quod
2627 1783 2837 1843 attinet
2860 1780 2933 1841 ad
2947 1781 3424 1844 Examinatores,
3440 1774 3791 1835 auctoritate
3813 1773 3993 1852 hujus

801 1915 987 1978 trium
1029 1912 1275 1972 illorum
1326 1906 1826 1968 Examinatorum
1848 1944 1864 1971 ‚
1901 1897 2005 1976 qui
2057 1913 2179 1955 uon
2211 1892 2342 1952 fue-
2449 1879 2662 1938 Sacrae
2689 1871 3177 1956 Congregationis
3205 1871 3538 1949 deputatOS,
3567 1867 3768 1927 subdit
3789 1887 3892 1926 sex
3915 1865 3991 1926 ad

803 2016 941 2070 rant
968 2006 1031 2066 in
1063 2004 1330 2086 synode,
1362 1999 1463 2060 sed
1496 2017 1572 2058 ex
1601 1994 1883 2055 facultate
1914 1989 2092 2069 hujus
2126 1988 2343 2046 Sacrae
2454 1974 2652 2031 minus
2680 1989 2804 2031 esse
2830 1966 3083 2048 singulis
3110 1964 3286 2025 annis
3316 1965 3378 2023 in
3411 1964 3771 2024 Dioecesana
3797 1962 3985 2042 Syno-

803 2098 1295 2183 Congregationis
1319 2094 1515 2164 electi,
1562 2097 1767 2169 utpote
1791 2085 2031 2146 sibimet
2080 2079 2347 2141 rationa-
2452 2065 2529 2126 do
2555 2063 2889 2144 eligendos.
2918 2063 3090 2142 juxta
3119 2058 3445 2137 allegatum
3486 2056 3676 2136 Caput
3728 2061 3820 2115 18.
3863 2074 3989 2114 sess.

805 2197 1011 2258 hiliter
1042 2199 1451 2272 suspectorum
1473 2232 1489 2259 ,
1524 2195 1650 2246 tum
1700 2181 1844 2260 quia
1866 2213 1888 2250 ,·
1933 2196 2069 2238 cum
2096 2184 2217 2236 tres
2271 2171 2345 2232 ad
2454 2165 2550 2220 24.
2582 2160 2646 2219 de
2668 2159 2912 2235 Reform.
2944 2154 3301 2233 eosdemque
3327 2170 3604 2212 exercere
3623 2169 3792 2229 posse
3820 2168 3999 2210 suum

807 2290 1007 2350 minus
1036 2289 1307 2348 adessent
1343 2279 1794 2342 Examinatores
1834 2273 1898 2333 in
1952 2268 2199 2351 Synodo
2228 2265 2348 2326 ele·
2458 2253 2715 2314 Officium
2749 2269 2940 2330 usque
2971 2248 3045 2310 ad
3079 2266 3296 2307 novam
3327 2243 3670 2326 synodum,
3708 2242 3846 2303 licet
3874 2241 3999 2301 Sin·

811 2384 912 2456 cti,
951 2401 1150 2443 coram
1180 2379 1406 2458 quibus
1434 2380 1664 2455 poterat
1688 2367 1896 2429 baberi
1919 2380 2264 2431 concursus,
2292 2366 2355 2419 et
2458 2348 2599 2430 gulo
2641 2365 2801 2407 anno
2834 2364 2952 2404 non
3005 2349 3364 2403 convocetur
3386 2387 3401 2409 ,
3444 2338 3769 2399 dummodo
3801 2323 4000 2398 tamen

813 2489 934 2539 tres
959 2476 1438 2540 Examinatores‚
1469 2463 1544 2528 ad
1579 2465 1855 2525 effectum
1885 2461 1958 2520 de
1983 2476 2106 2538 quo
2127 2455 2351 2536 agitur,
2462 2453 2590 2523 post
2616 2460 2845 2502 annum
2874 2459 2947 2498 ex
2973 2435 3173 2498 electis
3208 2436 3268 2494 in
3300 2433 3541 2515 Synodo
3563 2451 3668 2492 sex
3696 2430 3769 2491 ad
3804 2430 4005 2492 miuus

814 2572 1134 2641 sufficiant,
1159 2569 1333 2649 juxta
1366 2564 1554 2641 Caput
1588 2566 1681 2620 18.
1718 2577 1843 2616 sess.
1871 2558 1969 2614 24.
2006 2553 2070 2612 dc
2101 2551 2350 2628 Reform.

815 2683 1138 2735 concursus
1161 2662 1244 2720 sic
1268 2658 1509 2719 habitus
1544 2654 1681 2725 fuit,
1716 2661 1786 2712 ut
1816 2651 1878 2710 in
1917 2667 1987 2708 eo
2010 2647 2356 2706 intervene-

819 2760 945 2822 rint
972 2757 1424 2819 Examinatores
1454 2746 1804 2829 Synodales,
1852 2752 1911 2803 et
1943 2760 2063 2801 non
2087 2737 2361 2820 Synoda-

822 2855 910 2916 les
932 2903 948 2924 ,
997 2851 1164 2913 electi
1210 2846 1483 2908 videlicet
1530 2863 1603 2902 ex
1638 2838 1917 2902 facultate
1936 2837 2118 2918 hujus
2145 2834 2363 2894 Sacrae

824 2943 1338 3028 CongregationiS,
1364 2941 1426 2999 in
1450 2956 1571 3018 quo
1597 2953 1797 2994 rerum
1819 2940 1974 2990 statu
1995 2931 2068 2989 de
2085 2926 2366 2988 nullitate

825 3059 1149 3104 concursus
1174 3047 1291 3097 non
1331 3034 1568 3093 videtur
1600 3048 1724 3087 esse
1755 3023 2158 3085 dubitandum
2184 3064 2202 3080 .

949 3131 1263 3197 Contendit
1286 3148 1417 3191 secu
1429 3127 1544 3187 ndo
1565 3125 1721 3184 idem
1743 3118 2026 3182 Sacerdos
2046 3114 2265 3196 Joseph
2296 3114 2371 3176 de

831 3231 1081 3300 Candia,
1127 3226 1287 3306 qnod
1326 3217 1741 3283 irrationabile
1771 3214 1953 3275 fuerit
1977 3210 2251 3292 Episcopi
2275 3214 2370 3292 ju-

831 3324 1054 3385 dicium
1105 3320 1301 3380 statim
1355 3336 1423 3376 ac
1466 3315 1539 3376 ad
1599 3308 2002 3372 Parocbialem
2063 3312 2372 3366 vacantem

838 3415 1159 3499 praeelegit
1193 3412 1568 3471 Sacerdotem
1590 3408 1881 3465 Joannem
1919 3400 2244 3481 Baptistam
2281 3398 2374 3458 Si·

837 3512 1029 3582 fandi,
1059 3521 1181 3570 tum
1207 3509 1348 3587 quia
1376 3504 1702 3583 Episcopus
1722 3500 1783 3558 in
1813 3517 1919 3556 sua
1944 3493 2377 3574 praeelectione

839 3604 1017 3675 dixit,
1065 3601 1441 3663 Sacerdotem
1501 3596 1792 3653 Joannem
1837 3588 2161 3668 Baptistam
2198 3586 2380 3646 fuisse

2464 2534 2784 2614 supersint,
2800 2532 2962 2611 quod
2985 2530 3032 2590 si
3058 2537 3355 2590 transacto
3381 2545 3567 2598 anuo,
3590 2534 3872 2604 quatuor,
3899 2534 4006 2585 aut

2463 2630 2734 2709 quinque
2758 2635 2986 2688 tantum
3015 2644 3090 2685 ex
3110 2621 3309 2683 electis
3337 2620 3399 2679 in
3417 2619 3658 2700 Synodo
3682 2618 4004 2697 supersint,

2466 2721 2810 2803 superstites
2841 2717 3103 2778 officium
3138 2733 3317 2775 suum
3350 2711 3549 2773 valide
3583 2730 3863 2772 exercere
3888 2729 4009 2771 non

2470 2823 2738 2897 possunt,
2770 2813 2871 2875 sed
2894 2822 3001 2872 aut
3029 2829 3183 2871 nova
3210 2808 3488 2888 Synodus
3514 2815 3598 2866 est
3627 2804 4009 2877 celebranda,

2469 2920 2528 2972 et
2560 2911 2620 2970 in
2646 2928 2715 2970 ea
2742 2898 3534 2982 ExaminatoresSynodales
3562 2907 3702 2959 sunt
3728 2897 4012 2979 eligendi,

2470 3016 2576 3068 aut
2617 3005 2696 3066 ab
2742 3003 2855 3063 hac
2891 3001 3068 3061 Sacra
3117 2994 3596 3075 congregatione
3632 2992 3884 3053 facultas
3927 2999 4016 3052 est

2475 3101 2834 3172 obtinenda,
2880 3105 2948 3158 ut
2987 3094 3311 3175 Episcopus
3346 3091 3433 3153 uti
3471 3089 3654 3172 possit
3682 3087 4018 3170 superstiti-

2478 3201 2622 3271 buS,
2667 3196 2764 3258 vel
2804 3193 2954 3255 alios
2990 3190 3185 3251 valeat
3219 3188 3283 3249 in
3320 3185 3516 3248 locum
3565 3186 4020 3247 demortuorum

2478 3296 2840 3372 subrogare,
2873 3295 2931 3348 et
2959 3284 3084 3345 illis
3113 3281 3200 3344 uti
3235 3301 3357 3343 una
3389 3300 3526 3341 cum
3560 3277 4020 3358 superstitibuS,

2474 3390 2649 3470 juxta
2683 3382 2921 3465 praxim
2956 3378 3210 3440 relatam
3249 3375 3411 3455 apud
3450 3373 3756 3436 Monocoli.
3800 3373 3866 3430 in
3903 3373 4026 3450 for-

2483 3484 2624 3542 mul.
2666 3491 2797 3551 tom.
2841 3480 2898 3536 4.
2938 3494 3072 3555 paq.
3118 3477 3176 3533 6.
3218 3490 3378 3531 nunt.
3433 3473 3532 3528 21.
3575 3465 4025 3536 concludendo,

2485 3575 2647 3658 quod
2677 3575 2760 3634 sic
2781 3591 2843 3633 se
2870 3590 2963 3631 res
2988 3566 3204 3629 habuit
3223 3565 3287 3625 in
3313 3582 3453 3625 casu
3483 3559 3870 3640 praesenti,et
3893 3578 4032 3620 con-

2487 3676 2804 3751 sequenter
2854 3663 3016 3745 quod
3062 3661 3398 3723 Concursus
3450 3662 3539 3715 est
3580 3652 3851 3722 validus,
3911 3671 4032 3714 non

2490 3767 2764 3827 obstante
2799 3762 3141 3819 interventu
3169 3751 3668 3813 Examinatorum
3716 3747 4033 3827 deputato-

2494 3882 2628 3922 rum
2658 3856 3012 3917 auctoritate
3039 3849 3218 3928 hujus
3244 3846 3458 3905 Sacrae
3487 3841 4010 3922 Congregationis.

2611 3952 2851 4031 Excipit
2891 3963 3132 4028 quoque
3161 3941 3318 4002 idem
3351 3937 3640 3999 Sacerdos
3678 3936 3911 3998 Sifandi
3940 3936 4039 3996 ni-

2498 4052 2583 4112 bil
2613 4044 2832 4128 opponi
2866 4060 3031 4123 posse
3059 4033 3475 4117 praeelectioni
3500 4031 3803 4112 Episcopi,
3828 4030 3918 4091 sui
3948 4029 4041 4091 fa-

843 3709 1145 3781 repertum
1186 3692 1372 3774 magis
1402 3688 1689 3758 habilem,
1720 3694 1779 3745 et
1807 3685 2090 3744 idoneum
2120 3682 2200 3742 ab
2229 3681 2383 3741 Exa-

841 3791 1267 3859 minatoribuS,
1314 3789 1632 3865 ipsumque
1651 3780 2025 3841 Sacerdotem
2054 3774 2384 3855 Josephum

846 3891 920 3951 de
950 3884 1176 3949 Candia
1221 3888 1521 3960 repertum
1553 3875 1735 3935 fuisse
1775 3873 1974 3932 minus
2000 3871 2285 3931 idoneum
2321 3869 2384 3928 in

846 3981 1245 4063 explicatione
1280 3976 1502 4035 Textus
1527 3968 1691 4031 Sacri
1722 3967 1970 4029 Concilii
2008 3962 2384 4035 Tridentini,

849 4076 1095 4160 quando
1129 4073 1255 4152 ipse
1303 4069 1417 4128 fuit
1449 4064 1817 4144 approbatus
1872 4069 2159 4140 tauquam
2202 4057 2391 4137 magis

847 4169 1094 4238 habitis,
1126 4176 1185 4227 et
1232 4163 1480 4222 idoneus
1507 4178 1541 4218 a
1570 4156 1807 4217 duobus
1834 4151 2391 4222 Examinatoribus,
2498 4166 2642 4208 vore
2669 4142 2891 4209 factae,
2935 4133 3155 4195 nedum
3181 4130 3325 4210 quia
3356 4128 3481 4209 ipse
3515 4146 3590 4187 ex
3617 4124 3921 4207 suffragiis
3946 4144 4040 4185 se-

852 4277 912 4328 et
937 4260 1180 4344 quando
1202 4255 1431 4339 judicio
1464 4252 1735 4314 omnium
1764 4250 2268 4310 Examinatorum
2299 4264 2394 4305 re·
2504 4252 2660 4322 ptem
2686 4232 3208 4298 Examinatorum,
3233 4244 3335 4285 sex
3364 4221 3630 4284 obtinuit
3658 4218 4041 4292 favorabilia,

855 4368 1061 4440 pertus
1116 4351 1231 4413 fuit
1264 4350 1513 4409 idoneus
1549 4346 1610 4404 in
1660 4343 2057 4423 explicatione
2092 4338 2341 4401 Concilii
2378 4359 2394 4409 ;
2502 4335 2600 4395 sed
2651 4331 2830 4393 etiam
2861 4324 3006 4405 quia
3045 4319 3289 4400 optimis
3317 4316 3590 4378 moribus
3618 4322 3708 4376 est
3735 4314 4002 4374 imbutus
4025 4360 4045 4384 ,

857 4464 988 4533 tum
1021 4446 1164 4528 quia
1197 4441 1483 4504 Sacerdos
1532 4436 1764 4498 Sifandi
1798 4444 1888 4496 est
1930 4434 2290 4495 constitutus
2333 4432 2399 4494 in
2498 4432 2672 4509 juxta
2717 4417 3125 4484 attestationes
3164 4412 3385 4473 relatas
3434 4411 3502 4469 in
3561 4428 3662 4469 suo
3713 4404 4051 4467 Summorio

858 4552 1052 4609 aetate
1077 4554 1382 4602 annorum
1417 4538 1513 4594 29.
1546 4531 1792 4612 quando
1817 4531 1946 4609 ipse
1971 4537 2058 4589 est
2110 4528 2173 4587 in
2203 4537 2396 4588 aetate
2504 4542 2663 4582 nunt.
2699 4523 2757 4578 lo.
2794 4525 2852 4577 et
2880 4533 2943 4573 se
2971 4509 3214 4571 assiduo
3253 4512 3489 4567 exercet
3511 4503 3574 4563 in
3606 4499 4051 4581 praedicatione

859 4655 1159 4704 annorum
1181 4639 1278 4695 56.
1311 4640 1371 4691 et
1390 4638 1477 4690 est
1499 4627 1706 4689 laurea
1734 4623 2021 4687 doctorali
2052 4621 2397 4701 insignitus,
2507 4610 2857 4692 Evangelii,
2887 4615 2946 4666 et
2973 4605 3036 4664 in
3070 4598 3428 4681 explicando
3456 4593 3857 4665 Catechismo,
3896 4592 4055 4654 itaut

861 4745 921 4798 et
959 4734 1021 4794 in
1054 4728 1329 4811 pluribus
1363 4723 1499 4784 aliis
1533 4719 1886 4781 muneribus
1915 4716 2300 4777 laudabiliter
2344 4733 2406 4775 se
2511 4728 2654 4772 suae
2693 4703 3016 4785 qualitates
3061 4694 3308 4776 majoris
3358 4693 3480 4754 sint
3508 4687 3829 4769 ponderis,
3868 4705 4056 4766 quam

863 4824 1154 4896 exercuit,
1183 4820 1268 4882 uti
1299 4817 1480 4879 latius
1503 4813 1617 4895 legi
1649 4818 1841 4892 potest
1863 4809 1926 4869 in
1956 4810 2087 4890 ejus
2110 4807 2405 4868 informa·
2511 4798 2699 4873 aliae,
2726 4815 2885 4878 quae
2911 4794 3116 4855 adesse
3144 4789 3431 4851 dicuntur
3455 4784 3520 4844 in
3547 4780 3862 4843 Sacerdote
3889 4779 4058 4841 Jose-

867 4923 1052 4994 tione,
1085 4926 1144 4978 et
1167 4911 1498 4977 summario
1518 4951 1535 4968 .
2514 4896 2636 4977 pho
2664 4896 2739 4954 de
2772 4889 3033 4953 Candia.

983 5009 1302 5076 Contendit
1345 5003 1607 5082 denique
1654 4998 1831 5061 tertio
1885 5016 2059 5076 saepe
2103 5012 2402 5056 memora·
2631 4985 2874 5065 Excipit
2909 4981 3172 5060 denique
3220 4975 3378 5037 idem
3432 4966 3663 5033 Sifandi
3701 5015 3720 5038 ,
3766 4985 3888 5028 non
3928 4985 4058 5029 esse

868 5119 964 5174 tus
1000 5103 1221 5185 Joseph
1257 5103 1332 5162 de
1373 5095 1600 5159 Candia
1635 5112 1762 5155 esse
1804 5092 2001 5154 locum
2045 5088 2409 5170 provocatio-
2518 5085 2717 5146 locum
2765 5071 3176 5160 provocationi
3225 5069 3302 5132 ad
3350 5083 3578 5126 novum
3620 5079 3908 5135 examen,
3963 5059 4060 5121 vel

872 5207 936 5269 ni
977 5204 1052 5265 ad
1095 5216 1316 5261 novum
1357 5208 1611 5253 examen
1653 5188 1731 5251 ad
1780 5186 2049 5248 tramites
2089 5184 2254 5243 Bell.
2306 5187 2403 5242 33.
2520 5177 2664 5259 quia
2703 5171 2990 5236 Sacerdos
3022 5165 3243 5247 Joseph
3269 5159 3469 5242 quoad
3499 5154 3930 5229 scientiam,et
3960 5152 4065 5215 lit-

876 5301 944 5363 S.
977 5298 1100 5360 Pii.
1137 5293 1204 5355 V.
1230 5289 1373 5372 quia
1400 5286 1536 5347 licet
1564 5283 1692 5363 ipse
1717 5281 1901 5343 fuerit
1926 5300 1962 5342 a
1990 5279 2225 5340 duobus
2253 5278 2415 5337 Exa-
2527 5280 2856 5334 teraturam
2903 5265 3022 5326 fuit
3068 5262 3146 5324 ab
3190 5255 3473 5319 omnibus
3526 5248 4069 5313 Examinatoribus

875 5389 1274 5456 minator-ibus
1318 5380 1687 5462 approbatus
1714 5424 1729 5447 ,
1772 5393 1894 5436 uon
1925 5374 2039 5435 fuit
2068 5370 2268 5436 'tamen
2312 5390 2419 5450 ap·
2526 5365 2930 5448 approbatus,
2987 5357 3082 5419 vel
3114 5352 3258 5434 quia
3286 5367 3422 5409 cum
3465 5347 3591 5425 ipse
3639 5343 3774 5416 hic,
3817 5350 3878 5404 et
3909 5362 4073 5406 nunc

876 5488 1163 5570 probatus
1216 5479 1295 5541 ab
1334 5475 1502 5544 aliis,
1557 5471 1699 5532 hinc
1737 5468 2048 5531 inferendo
2080 5466 2196 5529 sibi
2241 5465 2420 5528 dene·
2532 5451 3104 5543 praetendat‚·quod
3127 5444 3424 5530 judicium
3459 5438 3737 5522 Episcopi
3776 5437 3960 5502 fuerit
3988 5438 4072 5500 ir-
