4393 6299
1587 484 1635 551 Q
1663 485 1704 549 u
1731 480 1791 535 ιε
1817 483 1851 531 s
1880 478 1927 532 ‘r
1957 479 2056 545 ro
2117 479 2365 536 xxxvii.
3326 484 3417 533 aa.

365 634 523 698 inter
562 635 1075 698 Communitatem
1119 654 1195 698 ex
1223 655 1347 699 una
1372 685 1389 709 ,
1439 644 1502 699 et
1536 635 1915 700 Sacerdotem
2024 633 2126 695 sed
2175 634 2266 695 vel
2318 633 2382 695 in
2425 632 2752 706 Parochia,
2801 635 2896 698 vel
2936 635 2998 697 in
3026 637 3217 697 Domo
3256 635 3583 697 Parochiae

362 731 761 794 Eustachium
787 731 1128 812 Spinellum
1164 732 1774 816 Archipresbyterum
1802 778 1818 804 ‚
1858 741 1919 794 et
2026 728 2252 801 vicina,
2304 729 2392 792 uti
2440 742 2675 810 praeter
2729 731 3008 793 laudatas
3050 750 3086 793 a
3130 730 3442 792 scribente
3472 751 3583 791 au·

362 827 700 889 Parocbum
732 847 808 888 ex
834 827 955 890 alia
1003 829 1313 907 partibus,
1367 828 1770 908 supplicatum
1804 825 1919 887 suit

358 921 577 984 Sacrae
599 921 1067 1003 Congregationi
1094 941 1202 1002 pro
1222 942 1433 984 eorum
1457 922 1915 1003 approbatione,

360 1015 627 1096 datoque
650 1023 940 1078 consueto
966 1016 1277 1095 rescripto,
1303 1024 1373 1077 ut
1393 1016 1923 1078 Eminentissimus

363 1110 571 1173 Ahhas
600 1112 960 1192 dignaretur
988 1109 1232 1172 Sacram
1260 1111 1796 1194 Congregationem
1825 1112 1920 1172 in-

364 1214 659 1268 structam
690 1205 965 1277 reddere,
987 1212 1048 1265 et
1076 1223 1253 1265 suum
1280 1206 1502 1267 Votum
1524 1205 1785 1286 aperire,
1807 1204 1926 1267 fuit

360 1302 440 1363 ab
465 1301 683 1362 eodem
714 1308 961 1362 exarata
1006 1298 1378 1373 informatio,
1418 1320 1578 1382 quae
1601 1299 1926 1363 exhibetur

364 1394 794 1457 inSummario
811 1393 1312 1457 communitatis.

479 1490 738 1551 Omissis
766 1497 969 1552 autem
992 1488 1285 1550 omnibus
1314 1489 1438 1553 illis
1464 1491 1665 1565 rebus,
1699 1491 1761 1552 in
1787 1490 1926 1572 qui·

365 1586 477 1646 bus
509 1587 692 1667 juxta
743 1585 1100 1664 prudentem
1149 1584 1629 1648 Eminentissimi
1677 1586 1930 1648 Abbatis

362 1679 864 1749 insinuationem,
893 1678 1088 1741 factae
1119 1679 1371 1741 fuerunt
1395 1690 1775 1761 opportunae
1794 1701 1930 1744 cor-

362 1776 682 1846 rectiones,
718 1793 949 1836 necnon
971 1773 1222 1836 caeteris
1249 1773 1389 1836 aliis
1409 1775 1668 1847 omissis,
1696 1778 1759 1837 iu
1790 1776 1929 1857 qui-

364 1870 483 1932 hus
504 1870 664 1932 idem
694 1868 1228 1931 Eminentissimus
1253 1869 1462 1932 Abbas
1493 1870 1725 1932 nullam
1762 1860 1931 1934 {title-

365 1973 470 2028 tur
524 1964 747 2026 habere
811 1962 1246 2036 difficultatem,
1298 1964 1713 2027 substantialis
1774 1986 1930 2048 pun-

368 2070 505 2122 ctus
556 2060 754 2121 reduci
796 2060 1036 2121 videtur
1093 2058 1168 2120 ad
1219 2057 1515 2121 defectum
1565 2061 1827 2131 Domus,
1872 2069 1933 2124 et

374 2152 803 2216 Cubicnlorum
853 2173 1043 2234 prope
1079 2172 1300 2214 novam
1320 2153 1671 2227 Ecclesiam,
1709 2156 1769 2217 in
1792 2156 1932 2236 qui·

373 2247 484 2309 bus
504 2246 811 2309 Parochus
841 2246 1028 2328 possit
1069 2245 1459 2320 inhabitare3
1501 2248 1723 2309 dicitur
1768 2249 1929 2311 enim

368 2341 430 2404 id
484 2340 816 2404 convenire
882 2341 1118 2403 decenti
1163 2341 1607 2405 conservationi
1642 2342 1931 2407 Sacratis-

364 2436 558 2498 simae
598 2435 1051 2510 Eucharistiae,
1097 2442 1157 2499 et
1192 2445 1262 2498 ut
1304 2445 1658 2498 occurratur
1695 2437 1931 2518 pericu-

367 2530 428 2592 lo
492 2530 885 2595 extinctionis
958 2530 1259 2613 lampadis
1295 2576 1312 2604 ,
1376 2540 1674 2594 nocturno
1730 2533 1933 2595 Latro-

367 2644 519 2686 num
541 2673 557 2696 ,
594 2635 658 2687 et
704 2625 886 2687 obvio
933 2645 1153 2688 canum
1176 2672 1193 2700 ,
1231 2635 1293 2689 et
1325 2625 1668 2688 belluarum
1702 2626 1931 2708 ingres-

368 2720 462 2782 sui
490 2765 509 2793 ,
550 2720 643 2782 uti
685 2719 881 2782 fusius
923 2720 1146 2803 legitur
1189 2721 1253 2782 in
1319 2719 1645 2793 relatione,
1697 2722 1758 2782 in
1811 2742 1934 2804 qua

370 2815 558 2877 etiam
587 2815 769 2878 binae
804 2816 1216 2895 ponderantur
1256 2815 1764 2890 circumstantiae,
1788 2837 1935 2898 qua-

374 2928 515 2970 rum
547 2909 747 2990 prima
774 2919 862 2971 est
879 2955 896 2983 ,
924 2911 1086 2991 quod
1104 2911 1280 2992 juxta
1320 2910 1560 2991 praxim
1586 2911 1751 2989 Sacr.
1776 2912 1932 2975 Con·

372 3002 763 3085 gregationis,
804 3004 1092 3066 Sacerdos
1116 3049 1133 3077 ‚
1194 3006 1300 3084 qui
1341 3024 1550 3067 curam
1602 3005 1786 3068 hahet
1822 3008 1935 3069 Ec-

375 3097 597 3162 clesiae
618 3142 638 3173 ,
697 3097 762 3160 in
816 3117 937 3179 qua
969 3098 1427 3162 Sanctissimum
1480 3099 1936 3163 Sacramentum

377 3200 755 3265 asservatur,
810 3192 1037 3255 habere
1082 3194 1262 3256 debet
1316 3196 1578 3256 Domum
1637 3195 1939 3259 Ecclesiae

377 3287 726 3367 contiguam
751 3331 768 3359 ‚
820 3295 881 3348 et
928 3287 1190 3349 secunda
1214 3287 1279 3348 in
1321 3288 1435 3349 hoc
1480 3288 1735 3359 residet,
1773 3291 1938 3370 quod

378 3379 796 3442 Communitas
825 3379 1007 3442 habet
1029 3381 1372 3462 contiguam
1396 3383 1698 3445 Ecclesiae
1719 3403 1937 3464 quam-

376 3473 514 3536 dam
554 3494 809 3556 parvam
841 3476 1125 3548 Domum,
1163 3495 1322 3556 quae
1343 3477 1498 3557 mira
1529 3476 1819 3541 facilitate
1842 3497 1938 3540 re-

380 3568 517 3630 duci
553 3579 749 3649 posset
773 3570 850 3632 ad
876 3589 1055 3632 usum
1091 3571 1343 3633 Parocbi
1374 3603 1407 3631 ,κ

502 3665 808 3726 Adversus
835 3664 984 3727 haec
1007 3666 1336 3745 opponitur
1380 3685 1416 3729 a
1447 3666 1892 3728 Communitate
1918 3712 1936 3742 ,

381 3758 547 3839 quod
593 3757 860 3820 Ecclesia
931 3759 1169 3821 noviter
1221 3769 1562 3822 constructa
1612 3761 1933 3840 subrogari

383 3852 565 3914 debet
591 3853 654 3913 in
682 3852 880 3914 locum
927 3854 1147 3928 veteris
1191 3854 1493 3917 Ecclesiae
1526 3855 1935 3930 Parochialis,

385 3946 552 4027 quod
584 3947 728 4009 item
769 3967 893 4010 non
939 3948 1107 4011 adest
1136 3948 1263 4012 ulla
1300 3949 1617 4012 necessitas
1660 3949 1941 4013 aedifica-

381 4039 567 4103 tionis
596 4042 861 4114 Domus,
902 4061 1008 4103 seu
1043 4041 1319 4105 Cubiculi
1359 4063 1782 4124 prope·novam
1828 4045 1942 4106 Ec-

388 4135 635 4197 clesiam
669 4156 781 4218 pro
801 4137 1056 4199 Parocbi
1081 4136 1459 4200 habitatione
1479 4183 1496 4212 ,
1536 4146 1595 4201 et
1616 4139 1781 4219 quod
1806 4138 1953 4201 tan-'

385 4230 562 4304 dem,
592 4231 644 4292 si
668 4241 821 4293 esset
861 4233 1196 4294 necessaria
1238 4232 1422 4314 hujus
1470 4234 1698 4295 Domus
1738 4233 1944 4296 aedili·

385 4326 567 4398 catio,
596 4324 704 4388 illa
721 4325 798 4388 ad
831 4326 1169 4389 Parochum
1196 4329 1499 4407 pertinere
1523 4327 1789 4391 deberet.

506 4421 586 4482 Et
634 4418 699 4480 in
739 4439 813 4481 eo
856 4419 1129 4501 quidem,
1161 4420 1327 4501 quod
1354 4421 1572 4483 attinet
1599 4421 1676 4484 ad
1721 4442 1943 4487 novam

388 4513 693 4577 Ecclesiae
732 4513 1250 4595 subrogationem,
1284 4514 1700 4595 praetenditur
1748 4517 1944 4580 eidem

390 4608 616 4672 debere
641 4627 771 4671 esse
799 4607 1032 4682 locum,
1061 4618 1189 4672 tum
1223 4610 1370 4691 quia
1400 4610 1665 4673 Ecclesia
1694 4612 1948 4692 antiqua

390 4713 481 4765 est
507 4702 696 4764 nimis
718 4712 974 4784 angusta
996 4750 1013 4777 ,
1042 4711 1170 4765 tum
1192 4704 1336 4785 quia
1364 4724 1518 4767 nova
1546 4705 1808 4768 Ecclesia
1837 4707 1954 4772 fuit

392 4804 759 4871 constructa,
805 4806 872 4860 ut
913 4799 1100 4880 petita
1122 4800 1474 4881 subrogatio
1500 4817 1682 4862 suum*
1706 4802 1958 4867 baberet

395 4891 715 4965 effectum3
755 4890 820 4952 in
861 4910 957 4965 eo,
986 4893 1151 4973 quod
1188 4901 1414 4974 spectat
1446 4892 1522 4956 ad
1552 4896 1953 4959 constructio·

395 5006 535 5048 nem
573 4988 834 5060 Domus,
887 4987 1016 5049 sive
1042 4987 1477 5051 Cubiculorum
1519 5007 1706 5069 prope
1737 5009 1957 5053 novam

395 5078 861 5160 Ecclesiampro
910 5080 1164 5142 Parocbi
1213 5083 1577 5159 abitatione,
1625 5084 1951 5160 subditur,

398 5174 454 5235 a?
479 5173 679 5236 locum
707 5193 837 5235 esse
879 5194 997 5236 non
1051 5194 1258 5255 pooee,
1301 5185 1428 5240 tum
1459 5180 1605 5261 quia
1654 5178 1959 5242 Parochus

402 5286 587 5349 prope
598 5275 865 5330 veterem
884 5269 1207 5331 Ecclesiam
1235 5290 1354 5333 non
1379 5273 1644 5336 habehat
1670 5275 1955 5345 Domum,

408 5373 531 5423 tum
558 5364 704 5443 quia
725 5364 999 5426 Parocho
1025 5384 1057 5425 a
1078 5367 1218 5445 jure
1248 5367 1526 5447 imposita
1567 5389 1687 5431 non
1738 5368 1961 5430 dicitur

403 5456 691 5540 obligatio
708 5457 1022 5521 habitandi
1042 5462 1107 5520 in
1129 5461 1320 5523 Domo
1340 5463 1637 5534 Ecclesiae
1655 5464 1961 5546 contigua,

829 5582 1034 5622 sasso.
1078 5587 1189 5624 xiv.
1232 5588 1375 5627 ron.
1417 5576 1529 5630 xit.

2023 825 2349 898 ctoritates,
2375 825 2601 909 colligi,
2648 846 2814 907 posse
2846 826 3087 888 videtur
3109 846 3185 886 ex
3215 825 3361 887 actis
3381 825 3585 888 Eccle-

2027 919 2152 983 siae
2180 921 2649 983 Mediolanensis
2679 923 2796 983 suh
2836 921 3057 983 Sancto
3111 919 3329 982 Carolo
3373 922 3587 981 Borro-

2033 1033 2230 1086 maeo,
2255 1015 2362 1095 qui
2383 1016 2589 1078 omnia
2616 1016 2950 1078 reformare
2972 1014 3205 1077 studuit
3221 1015 3297 1076 ad
3321 1015 3590 1077 tramites

2028 1109 2280 1172 Concilii
2312 1110 2687 1183 Tridentini;
2726 1111 2870 1173 baec
2901 1110 3064 1171 enim
3110 1110 3392 1191 leguntur
3417 1112 3477 1170 in
3500 1111 3586 1172 ci·

2032 1202 2170 1264 tatis
2224 1204 2372 1265 actis
2422 1216 2554 1264 tom.
2615 1211 2669 1265 t.
2704 1227 2834 1285 paq.
2898 1210 2999 1266 80.
3033 1203 3261 1284 Siquis
3296 1204 3588 1266 Parochiae

2030 1301 2203 1359 etiam
2232 1298 2498 1361 Urbanus
2525 1299 2867 1361 Parochiale
2900 1301 3264 1361 Domicilium
3286 1319 3399 1359 non
3428 1301 3590 1361 habat

2033 1394 2136 1453 ubi
2166 1395 2409 1466 habitet,
2439 1398 2601 1456 intra
2646 1397 2809 1455 illius
2850 1397 2986 1476 fines
3018 1395 3256 1456 Domum
3290 1396 3589 1464 conducat,

2036 1508 2209 1567 quam
2239 1491 2499 1568 proxime
2522 1501 2695 1569 potest
2728 1490 3016 1551 Ecclesiae
3036 1538 3052 1561 ,
3101 1491 3264 1568 cujus
3302 1489 3593 1549 curationi

2029 1594 2277 1663 praeest,
2311 1586 2364 1643 si
2395 1585 2555 1645 intra
2583 1586 2721 1665 fines
2751 1584 2962 1645 Donnes
2997 1605 3111 1645 non
3132 1595 3233 1654 est,
3265 1603 3439 1663 quam
3459 1603 3593 1644 con·

2037 1678 2236 1740 ducere
2261 1682 2469 1760 possit,
2510 1694 2720 1753 extra,
2751 1682 2853 1740 ubi
2889 1683 3127 1761 propius
3163 1680 3447 1740 Ecclesiae
3491 1697 3593 1758 po·

2039 1783 2167 1844 test,
2198 1777 2514 1845 conducat,
2551 1777 2723 1853 idque
2741 1775 2963 1853 judicio
3017 1774 3328 1856 Episcopi,-
3373 1782 3432 1835 et
3464 1781 3598 1854 post

2038 1865 2189 1930 haec
2224 1886 2564 1930 sermonem
2600 1868 3017 1932 transferendo
3065 1870 3138 1931 ad
3188 1887 3343 1930 onus
3391 1867 3598 1931 aedifi-

2039 1963 2328 2037 cationis,
2373 1973 2676 2045 quatenus
2706 1962 3044 2026 aedificatio
3084 1965 3313 2024 Domus
3335 1953 3483 2024 esset
3507 1961 3600 2025 fa-

2040 2058 2276 2129 cienda,
2309 2057 2746 2139 praetenditur,
2776 2058 2937 2140 quod
2964 2058 3114 2119 illud
3135 2060 3359 2138 spectet
3384 2058 3459 2119 ad
3481 2058 3599 2120 Pa·-

2042 2151 2293 2214 rochum
2313 2198 2329 2227 ,
2364 2163 2422 2214 et
2452 2174 2574 2215 non
2598 2154 2672 2214 ad
2695 2153 3226 2223 Communitatem,
3251 2172 3387 2214 cum
3421 2152 3601 2214 Paro·

2043 2246 2193 2308 rhus
2227 2246 2450 2309 habeat
2489 2248 2552 2308 in
2586 2247 2783 2309 reditu
2815 2258 2981 2310 scuta
3008 2252 3145 2308 200.
3180 2254 3240 2308 et
3269 2267 3404 2308 cuin
3440 2244 3598 2308 ohli-

2042 2342 2207 2423 gatio
2261 2340 2473 2423 Populi
2529 2342 2608 2403 sit
2653 2341 3051 2415 subsidiaria,
3109 2361 3217 2403 nec
3252 2339 3447 2402 ullum
3480 2339 3597 2403 sihi

2039 2436 2307 2498 vindicet
2325 2435 2525 2499 locum
2544 2482 2560 2509 ,
2593 2436 2706 2498 nisi
2730 2446 2863 2517 post
2888 2455 3206 2498 excussum
3235 2435 3595 2510 Parochum,

2038 2551 2303 2611 eumque
2331 2543 2640 2612 repertum
2671 2551 2792 2593 non
2817 2530 3102 2593 idoneum
3135 2540 3377 2614 propter
3406 2529 3598 2593 tenui·

2044 2636 2228 2688 tatem
2276 2627 2585 2688 fructuum
2622 2625 2971 2689 Parochiae.

2155 2721 2402 2801 Absque
2421 2741 2515 2794 eo,
2528 2720 2688 2801 quod
2694 2722 2873 2802 juxta
2884 2717 3347 2782 communitatis
3359 2735 3600 2781 sensum

2040 2816 2279 2879 officere
2305 2817 2510 2898 possit,
2543 2816 2639 2879 vel
2671 2816 2833 2897 quod
2866 2815 3133 2878 Ecclesia
3162 2815 3295 2876 sine
3324 2813 3608 2895 contigua

2039 2910 2293 2977 Parocbi
2343 2909 2722 2973 habitatione
2750 2908 3058 2972 recensitis
3089 2908 3375 2989 periculis
3411 2927 3600 2968 rema·

2044 3017 2181 3069 neat
2201 3007 2469 3086 exposita
2488 3052 2505 3077 ,
2535 3005 2633 3067 vel
2655 3005 2816 3087 quod
2844 3023 3029 3086 parva
3054 3003 3352 3084 quaedam
3380 3003 3609 3062 Domus

2045 3102 2347 3165 Ecclesiae
2374 3101 2658 3182 contigua
2691 3100 2767 3163 ad
2809 3098 3318 3162 Communitatem
3346 3105 3605 3177 spectet,

2050 3197 2145 3259 vel
2177 3197 2473 3276 denique,
2496 3196 2658 3276 quod
2683 3195 2946 3257 Ecclesia
2982 3194 3099 3256 ruit
3126 3193 3405 3273 expensis
3435 3192 3606 3254 Com-

2018 3307 2021 3310 ’
2047 3291 2364 3352 munitatis
2396 3289 2732 3361 aedificata,
2764 3288 2935 3369 quasi
2965 3287 3128 3367 quod
3156 3307 3234 3348 ex
3261 3285 3357 3347 his
3382 3285 3609 3347 infera-

2050 3395 2170 3456 tur,
2212 3385 2467 3445 Domum
2499 3383 2843 3464 contiguam
2880 3402 2987 3462 pro
3016 3377 3613 3443 Parochoesseaedi-

2046 3478 2445 3548 ficandam,et
2460 3479 2705 3558 quidem
2719 3475 3181 3538 Communitatis
3199 3473 3509 3554 expensis3
3538 3492 3614 3536 ne

2047 3573 2270 3636 etenim
2292 3574 2440 3655 quid
2466 3572 2756 3635 intactum
2790 3571 3196 3652 relinquatur,
3213 3568 3614 3650 respondetur

2048 3669 2129 3729 ab
2163 3667 2539 3729 Informante
2566 3685 2675 3747 pro
2704 3666 3172 3737 Communitate,
3217 3663 3381 3745 quod
3409 3661 3616 3724 Eccle-

2048 3763 2137 3824 sia
2165 3770 2254 3824 est
2272 3762 2387 3823 sita
2426 3761 2488 3821 in
2526 3761 2677 3830 loco,
2711 3758 2774 3820 in
2798 3778 2923 3840 quo
2952 3758 3127 3820 multi
3159 3753 3391 3838 degunt
3435 3756 3614 3818 habi-

2055 3867 2296 3929 tatores,
2312 3863 2373 3917 et
2396 3855 2557 3936 quod
2582 3853 2776 3915 officia
2796 3853 3006 3915 divina
3026 3853 3089 3913 in
3113 3871 3184 3914 ea
3205 3850 3618 3931 explebuntur

2052 3973 2086 4014 a
2114 3949 2408 4023 Parocho,
2427 3969 2461 4011 a
2492 3947 2836 4023 Canonicis,
2870 3950 2932 4009 et
2951 3949 3031 4009 ah
3055 3945 3193 4009 aliis
3214 3944 3616 4027 Presbyteris,

2050 4048 2206 4109 itaut
2231 4045 2562 4127 allegatum
2596 4051 2782 4106 cesset
2804 4042 3166 4123 periculum,
3204 4039 3367 4121 quod
3391 4040 3622 4101 Domus

2048 4141 2330 4223 contigua
2351 4139 2682 4203 Parochiae
2700 4147 2789 4201 est
2804 4139 3035 4199 Domus
3066 4134 3376 4208 Prioralis,
3408 4133 3470 4195 in
3493 4153 3619 4215 qua

2052 4237 2291 4319 cogitur
2332 4233 2671 4298 Consilium
2718 4234 2984 4305 Terrae,
3041 4230 3105 4292 in
3141 4248 3265 4312 qua
3312 4228 3621 4290 habentur

2048 4330 2303 4398 Scholae
2322 4327 2792 4411 publicae,itaut
2815 4325 3125 4407 praetendi
3148 4325 3428 4405 nequeat,
3454 4321 3621 4404 quod

2057 4426 2168 4490 illa
2213 4425 2306 4487 sit·
2323 4424 2589 4507 aptanda
2626 4443 2736 4504 pro
2762 4420 3017 4484 Parochi
3068 4419 3518 4489 commoditate,
3561 4425 3624 4481 et

2064 4519 2476 4584 habitatione.
2531 4518 2818 4588 Additur,
2849 4516 3011 4597 q'uod
3064 4512 3274 4596 regula
3299 4512 3460 4594 juris
3499 4521 3623 4574 sta·

2060 4625 2260 4687 tuens,
2291 4625 2363 4677 ut
2385 4614 2695 4696 obligatus
2724 4611 2804 4674 ad
2827 4609 3127 4673 Ecclesiae
3158 4606 3623 4689 reaptationem,

2061 4711 2140 4772 sit
2174 4710 2360 4771 etiam
2406 4707 2715 4789 obligatus
2771 4705 2847 4767 ad
2905 4702 3349 4784 reparationem
3392 4702 3626 4763 Domus

2067 4803 2347 4876 Parocbi,
2376 4822 2495 4864 non
2526 4811 2613 4864 est
2636 4799 2924 4881 aptabilis
2975 4796 3195 4859 nostris
3227 4795 3628 4858 circumstan-

2069 4897 2190 4971 tiis,
2220 4897 2283 4957 in
2313 4896 2542 4977 quihus
2570 4893 2985 4957 communitas
3010 4887 3357 4953 aedificavit
3392 4906 3471 4951 ex
3517 4904 3629 4951 sua

2065 4990 2424 5064 devotione,
2462 5001 2522 5052 et
2545 4988 2914 5051 liberalitate
2938 5004 3158 5048 novam
3185 4981 3536 5054 Ecclesiam,
3566 4989 3628 5044 et

2067 5097 2213 5149 ante
2242 5084 2719 5148 aedificationem
2754 5080 3037 5145 exhihuit
3067 5077 3342 5140 Plantam
3365 5121 3383 5151 ,
3422 5094 3631 5139 caren-

2070 5194 2187 5244 tem
2225 5181 2421 5242 Domo
2456 5200 2567 5261 pro
2611 5176 2864 5241 Parochi
2892 5173 3270 5237 habitatione
3292 5214 3307 5230 .

2190 5276 2357 5337 Haec
2370 5285 2534 5348 sunt,
2552 5294 2673 5355 qua
2697 5294 2734 5337 a
2757 5268 3203 5334 Communitate
3224 5264 3627 5327 deducuntur.

2071 5368 2405 5445 Quaeritur
2425 5370 2631 5448 itaque
2657 5387 2673 5426 z

2206 5463 2256 5540 Ι.
2297 5463 2391 5524 An
2417 5467 2478 5522 in
2515 5465 2692 5523 locum
2722 5463 2918 5521 veteris
2954 5459 3235 5521 Ecclesiae
3272 5454 3634 5519 parochiali·

3189 5575 3221 5624 7
