4393 6299
903 485 975 539 u
1901 487 2346 556 QUAESTIONES
2384 486 2743 541 ementem.

715 638 924 700 statuit
943 686 959 711 ,
984 641 1146 718 quod
1172 640 1600 703 Commendata
1622 640 1985 703 Monasteria
2012 686 2029 715 ,
2060 640 2265 703 Abba-

716 729 837 792 tiae
857 779 875 806 ,
908 733 1219 795 Prioratus
1243 779 1259 807 ,
1285 742 1343 796 et
1367 734 1823 814 Praepositurae
1859 743 2262 815 nuncupatae,

717 825 781 885 in
822 826 1047 906 quibus
1090 847 1235 887 nou>
1262 828 1423 907 viget
1468 829 1785 908 Regularis
1831 829 2263 903 observantia,

717 915 946 980 necnon
976 921 1273 982 Beneficia
1310 930 1431 983 tam
1465 921 1684 984 Curata
1712 969 1728 995 ,
1768 943 1953 1002 quam
1992 943 2109 984 non
2139 924 2261 986 Cu·

716 1024 884 1089 rata,
931 1015 1313 1090 Saecularia,
1342 1026 1422 1078 ‘et
1464 1016 1787 1098 Regularia
1832 1017 2265 1098 qualitercum-

716 1127 836 1190 que
862 1111 1276 1172 commendata
1300 1156 1316 1184 ,
1346 1110 1527 1173 etiam
1550 1121 1827 1191 exempta
1856 1158 1873 1185 ‚
1907 1113 1988 1174 ab
2016 1112 2263 1192 Episco-

713 1205 830 1285 pis,
853 1212 1161 1285 tamquam
1182 1206 1557 1285 Apostolicae
1578 1207 1749 1290 Sedis
1775 1206 2062 1290 delegatis
2087 1209 2267 1270 annis

710 1298 965 1381 singulis
986 1300 1329 1362 visitentur.

828 1394 1074 1474 Absque
1106 1415 1178 1456 eo
1211 1395 1378 1475 quod
1401 1395 1719 1478 suffragari
1755 1397 1995 1459 valeant
2045 1397 2259 1478 Equiti

711 1487 1232 1551 Commendatario
1257 1489 1579 1573 Privilegia
1609 1491 1941 1573 Religionis
1961 1493 2260 1571 exempti-

709 1602 787 1644 va
812 1602 846 1645 a
861 1584 1282 1665 jurisdictione
1311 1584 1779 1647 ordinariorum
1808 1588 2094 1650 innovata
2126 1597 2261 1667 post

709 1675 1043 1740 Concilium
1062 1678 1484 1740 Tridentinum
1508 1700 1544 1741 a
1564 1680 1625 1740 S.
1651 1680 1756 1742 Pio
1778 1681 1854 1741 V.
1886 1681 2129 1743 constit.
2155 1688 2256 1744 67.

709 1781 763 1833 et
799 1771 1042 1833 Comtit.
1084 1778 1220 1834 136.
1252 1772 1417 1834 Ball.
1470 1784 1604 1834 tom.
1660 1780 1717 1835 2.
1768 1776 2263 1858 quandoquidem

708 1864 948 1928 litterae
977 1864 1092 1930 hae
1116 1866 1494 1947 Apostolicae
1523 1868 1585 1929 S.
1626 1868 1717 1929 Pii
1749 1869 1826 1930 V.
1859 1871 2134 1932 redactae
2164 1867 2258 1931 di-

707 1967 931 2022 cuntur
978 1960 1056 2023 ad
1100 1960 1389 2024 terminos
1429 1962 1492 2023 S.
1535 1961 1787 2024 Concilii
1832 1963 2172 2027 Tridentini
2222 1984 2260 2028 a

706 2054 959 2120 Summo
985 2050 1275 2118 pontifice
1303 2056 1596 2138 Gregorio
1616 2059 1794 2120 XIII.
1828 2059 1889 2120 in
1916 2079 2026 2122 sua
2057 2059 2254 2182 Conse.

709 2153 808 2211 67.
839 2152 1014 2211 citato
1041 2161 1174 2211 tom.
1205 2155 1265 2211 2.
1299 2150 1583 2213 Balearis.

827 2243 1131 2304 Adversus
1161 2252 1360 2306 autem
1389 2241 1783 2309 fundamenta
1810 2247 2127 2329 hucusque
2155 2248 2261 2311 de-

709 2337 890 2400 ducta
918 2336 1115 2400 facere
1153 2358 1320 2419 posse
1344 2333 1585 2415 videtur
1630 2340 2122 2424 resolutio‘hujus
2149 2343 2259 2404 Sa-

709 2450 848 2494 crae
867 2430 1360 2514 Congregationis
1379 2435 1443 2494 in
1459 2434 1791 2497 Mantuano
1801 2437 1961 2514 juris
1981 2441 2261 2499 visitandi

714 2530 811 2587 17.
840 2524 1016 2588 Iunii
1046 2532 1219 2589 1690.
1251 2529 1348 2588 lib.
1382 2531 1480 2588 w.
1514 2527 1731 2590 Decret.
1779 2530 1845 2590 in
1872 2548 1997 2614 Aqua
2029 2531 2258 2593 dictum

705 2617 867 2694 fuit,
909 2619 1272 2701 Episcopum
1302 2641 1423 2682 non
1458 2641 1626 2701 posse
1653 2622 1900 2684 visitare
1929 2623 2258 2687 Ecclesiam

705 2732 829 2774 non
855 2714 1267 2776 Parochialem
1309 2725 1670 2794 spectantem
1700 2717 1774 2779 ad
1824 2717 2255 2783 Commendam

704 2808 766 2868 S.
814 2808 1065 2868 Joannis
1100 2809 1682 2890 Hierosolymitani',
1738 2812 1974 2874 etiamsi
2028 2814 2257 2895 pluries

703 2900 915 2964 suiset
941 2922 977 2963 a
1005 2905 1558 2983 praedecessoribus
1592 2906 1903 2987 Episcopis
1929 2906 2193 2971 visitata.

900 2995 1014 3056 His
1039 2997 1370 3070 stantibus,
1405 2997 1752 3077 quaeritur:
2186 3031 2189 3032 ⁷

820 3088 960 3160 An,
984 3100 1036 3151 et
1065 3092 1322 3170 quojure
1351 3087 1514 3154 liceat
1543 3092 1821 3173 Episcopo
1848 3096 2136 3157 Asculano
2164 3099 2253 3158 vi-

700 3186 878 3247 sitare
905 3186 1221 3251 Ecclesiam
1251 3185 1322 3246 S.
1353 3186 1598 3303 Ioannis
1621 3190 1698 3250 ad
1728 3188 2039 3271 Templum,
2069 3194 2134 3251 in
2154 3212 2252 3254 ea·

705 3298 776 3340 nt
801 3289 906 3342 ete.

811 3469 949 3521 sacr.
979 3469 1170 3539 Congr.
1203 3469 1365 3523 diet
1396 3472 1573 3523 Maiirt

884 3556 1090 3624 Negoti
1089 3575 1176 3623 ve,
1205 3571 1257 3611 et
1283 3560 1459 3628 ampli
1458 3578 1534 3612 us.

1606 3474 1760 3525 1719.
1791 3474 2097 3544 respondit·

1083 3748 1444 3824 QUAESTIO
1486 3752 1894 3817 LXXXVIII.

766 3933 839 3994 In
866 3932 1057 3997 Causa
1088 3935 1513 4017 Calaquritana
1544 3939 1947 4022 Beneficiorum
1967 3987 1986 4017 ,
2015 3944 2104 4005 die
2130 3947 2189 4005 4.

1220 4032 1523 4094 Februarii
1562 4038 1735 4095 1719.
1818 4098 1825 4103 ,

706 4161 790 4276 P
794 4216 1052 4294 reposita
1102 4216 1219 4280 fuit
1265 4218 1412 4281 haec
1454 4239 1633 4283 causa
1675 4221 1739 4283 in
1780 4222 2256 4306 Congregatione

706 4310 915 4373 habita
948 4314 1036 4372 die
1065 4318 1122 4372 8.
1155 4312 1345 4383 Iulii,
1371 4323 1432 4375 et
1457 4313 1575 4375 fuit
1605 4317 1973 4397 reproposita
2003 4318 2067 4380 in
2096 4319 2253 4381 Con-

703 4407 1051 4488 gregatione
1083 4405 1289 4468 habita
1317 4409 1407 4469 die
1452 4414 1510 4469 9·.
1552 4407 1891 4489 Septembris
1934 4416 2107 4473 1702.
2142 4433 2252 4476 nec

706 4500 832 4562 ulla
860 4499 976 4561 fuit
1011 4509 1184 4581 capta
1230 4502 1541 4564 resoluti0.
1575 4504 1693 4564 Pro
1740 4506 1916 4566 tertia
1944 4505 2075 4568 vice
2132 4507 2250 4570 fuit

704 4595 1007 4674 proposita
1048 4594 1115 4655 iu
1143 4595 1621 4677 Congregatione
1646 4597 1855 4661 habita
1883 4600 1972 4660 die
2003 4606 2100 4662 30.
2141 4601 2248 4663 Se·

696 4690 966 4768 ptembris
992 4689 1235 4767 ejsudem
1260 4692 1405 4750 anni
1427 4735 1444 4762 ‚
1480 4689 1825 4772 prodiitque
1854 4712 2205 4773 responsum
2227 4743 2243 4766 ‚

703 4782 866 4862 quod
899 4781 1061 4844 infra
1086 4793 1442 4862 exponetur.
1478 4784 1628 4846 Cum
1652 4804 1728 4849 au
1739 4794 1852 4846 tem
1874 4787 2244 4867 Capitulum,

702 4886 758 4938 et
785 4875 1125 4938 Beneficiati
1152 4876 1537 4939 ecclesiarum
1577 4878 1680 4940 SS.
1712 4880 1988 4943 Andreae
2011 4926 2029 4955 ,
2055 4891 2115 4944 et
2140 4884 2243 4945 Ja-

701 4970 838 5031 cobi
858 4990 1078 5032 novam
1106 4970 1475 5033 audientiam
1505 4972 1967 5053 postulaverint,
1996 4982 2058 5037 et
2083 4976 2245 5039 obti-

699 5063 970 5137 nuerint,
994 5072 1055 5125 et
1072 5063 1157 5125 sic
1176 5064 1251 5125 de
1276 5063 1513 5127 viribus
1542 5067 1899 5146 praeteritae
1923 5068 2244 5131 resolutio·

2262 4117 2265 4122 Ι
2361 4042 2644 4111 possent,

2375 647 2502 702 tum
2548 647 2637 702 est
2664 685 2680 713 ‚
2724 636 3090 719 antiquioris
3115 635 3244 701 folii
3274 638 3671 704 substantiam
3699 640 3801 705 hic
3826 636 3929 704 Inss

2373 754 2612 809 serere,
2655 753 2776 795 una
2817 753 2954 794 cum
2996 735 3283 815 rescripto
3321 735 3537 797 Sacrae
3579 738 3926 819 Congrega-

2377 827 2596 901 tionis,
2637 838 2703 890 ut
2730 835 2861 889 tuto
2889 829 3235 908 responderi
3268 829 3510 901 valeat,
3540 849 3619 891 an
3643 830 3720 892 sit
3759 842 3927 894 stan-

2376 922 2558 996 dum,
2584 922 2676 984 vel
2707 922 3105 984 recedendum
3129 944 3163 985 a
3188 923 3418 985 decisis.
3451 917 3692 987 Folium
3724 935 3925 988 autem

2374 1016 2732 1097 praeteritae
2753 1017 3198 1098 propositionis,
3227 1018 3291 1079 in
3313 1018 3815 1083 substantialibus
3838 1021 3925 1084 ita

2372 1132 2436 1174 se
2466 1112 2669 1174 babet.

2490 1205 2784 1268 Beneficia
2802 1205 3186 1268 ecclesiarum
3207 1207 3690 1290 Calaguritanae,
3713 1215 3774 1270 et
3789 1207 3925 1270 Cal·

2370 1300 2586 1362 ciaten.
2640 1301 2939 1363 Dioecesis
2966 1347 2983 1374 ,
3035 1302 3294 1366 ubilibet
3345 1303 3622 1366 vacantia
3644 1348 3662 1376 ‚
3714 1308 3924 1383 utpoee

2371 1394 2693 1456 constituta
2711 1414 2789 1456 ex
2814 1394 3062 1457 decimis
3086 1441 3104 1468 ,
3128 1403 3189 1458 et
3218 1395 3516 1458 fructibus
3542 1396 3694 1458 solvi
3719 1395 3923 1457 solitis

2371 1506 2404 1549 a
2437 1487 2667 1569 Populo
2698 1490 2966 1568 ipsorum
2989 1488 3283 1563 locorum,
3308 1498 3549 1551 sanctae
3576 1509 3757 1551 mem.
3787 1489 3923 1551 Cle·

2374 1601 2543 1644 mens
2570 1584 2741 1645 VIII.
2777 1583 2852 1645 de
2872 1602 3036 1646 anno
3067 1589 3242 1646 1596.
3273 1585 3349 1646 de
3382 1591 3522 1646 voto
3558 1584 3742 1666 hujus
3781 1584 3916 1646 Sac.

2370 1676 2900 1759 Congregationis,
2928 1677 3189 1741 conferri
3229 1679 3542 1741 mandavit
3583 1679 3725 1741 solis
3773 1677 3921 1739 filiis

2370 1772 2897 1851 patrimonialibus
2924 1807 2941 1844 ,
2973 1780 3035 1835 et
3056 1772 3406 1856 originariis
3447 1773 3796 1835 eorumdem
3830 1774 3921 1833 lo·

2368 1887 2607 1938 corum,
2634 1888 2703 1930 ea
2730 1877 2926 1930 tamen
2958 1868 3088 1951 lege
3105 1914 3122 1943 ,
3152 1870 3314 1949 quod
3347 1871 3540 1953 major
3568 1888 3708 1949 pars
3735 1869 3919 1929 Bene-

2368 1959 2707 2024 ficiatorum
2737 1961 3033 2025 Ecclesiae
3070 1972 3454 2043 praesentate
3505 1962 3722 2025 debeat
3768 1959 3922 2042 Epi-

2366 2073 2543 2136 scopo
2586 2075 2770 2137 quem
2827 2052 3110 2118 maluerit
3148 2076 3224 2119 ex
3255 2057 3377 2118 illis
3405 2102 3423 2128 ‚
3474 2056 3584 2138 qui
3609 2101 3626 2130 ,
3675 2054 3923 2137 praevio

2366 2151 2646 2213 examine
2666 2196 2683 2223 ‚
2709 2150 2909 2213 idonei
2935 2150 3165 2213 fuerint
3191 2150 3553 2214 renunciati.

2489 2247 2557 2307 In
2595 2245 2874 2308 Ecclesiis
2903 2243 3356 2308 parochialibus
3381 2246 3500 2308 SS.
3543 2244 3759 2309 'Jacobi
3791 2292 3808 2314 ,
3860 2250 3922 2307 et

2368 2317 2644 2402 Andreae
2670 2324 2943 2403 Civitatis
2965 2340 3452 2423 calaguritanae,
3481 2340 3708 2422 quibus
3726 2359 3920 2401 anne-

2367 2453 2446 2498 xa
2462 2443 2556 2499 est
2568 2434 2757 2497 altera
2776 2435 3146 2498 Parocbialis
3160 2436 3224 2496 S.
3241 2434 3685 2496 Bartholomaei
3710 2433 3914 2494 Villae

2369 2527 2444 2589 de
2486 2527 2832 2591 Aldeanova
2857 2574 2876 2604 ,
2924 2528 3220 2591 Beneficia
3266 2527 3611 2610 hujusmodi
3662 2525 3916 2609 triginta

2367 2629 2765 2685 numerantur
2790 2670 2807 2698 ,
2857 2624 2935 2686 ad
2961 2643 3122 2706 quae
3171 2630 3372 2687 tamen
3402 2672 3419 2695 ,
3476 2632 3544 2684 ut
3583 2621 3873 2686 asseritur
3897 2667 3916 2694 ,

2368 2716 2646 2796 pluribus
2670 2718 2749 2780 ab
2777 2718 2923 2780 hinc
2950 2707 3160 2792 annis,
3203 2738 3439 2798 semper
3465 2716 3578 2778 filii
3611 2716 3916 2780 Patrimo-

2368 2809 2556 2872 niales
2573 2810 2765 2873 dictae
2785 2812 3058 2884 Civitatis
3073 2811 3433 2892 praesentati
3456 2812 3648 2885 fuere,
3664 2830 3735 2874 eo
3754 2811 3919 2892 quod

2370 2907 2559 2986 major
2588 2894 2737 2986 pars‘
2752 2905 3012 2987 Capituli
3037 2906 3357 2967 constituta
3382 2906 3580 2968 fuerat
3608 2926 3642 2968 a
3678 2903 3916 2966 Benna-

2364 2999 2535 3061 ciatis
2559 2996 2937 3061 naturalibus
2961 2999 3127 3060 illius
3143 3045 3159 3072 ‚
3183 2999 3441 3060 exclusis
3472 2999 3712 3078 penitus
3734 2997 3920 3080 origi·

2365 3093 2554 3153 uariis
2594 3092 2787 3155 dictae
2831 3092 3030 3155 Villae
3073 3092 3148 3156 de
3176 3093 3565 3167 Aldeauova,
3618 3111 3739 3155 non
3786 3092 3918 3155 sine

2365 3188 2525 3249 maxi
2534 3206 2629 3248 mo
2650 3188 2838 3267 ipsius
2858 3187 3241 3263 detrimento,
3266 3198 3325 3249 et
3345 3188 3525 3250 curae
3543 3188 3912 3261 animarum,

2359 3299 2469 3359 pro
2493 3299 2616 3360 qua
2631 3280 2987 3354 exercenda,
3023 3282 3237 3343 unicus
3258 3289 3491 3343 tantum
3517 3279 3916 3357 Beneficiatus

2362 3374 2585 3436 existit.
2678 3403 2684 3411 ·
2856 3384 2865 3394 ’

2480 3469 2888 3544 Quamobrem
2915 3469 3277 3555 universitas
3304 3470 3497 3533 dictae
3519 3466 3753 3539 Villae,
3783 3486 3916 3549 pre-

2361 3582 2457 3624 ces
2484 3563 2753 3643 porrexit
2777 3572 3016 3627 sanctae
3040 3584 3220 3627 mem.
3268 3563 3619 3626 Innocentio
3659 3563 3808 3625 XII.
3846 3570 3918 3626 ut

2366 3675 2470 3736 per
2502 3676 2640 3719 suas
2675 3657 2904 3721 litteras
2937 3659 3289 3740 apostolicas
3312 3658 3679 3721 demandare
3698 3659 3912 3741 digna·

2363 3757 2531 3813 retur
2568 3752 3005 3833 separationem
3035 3761 3121 3814 tot
3141 3752 3580 3814 Beneficiorum
3621 3773 3699 3815 ex
3732 3773 3904 3836 prae-

2362 3842 2487 3905 fato
2513 3843 2830 3926 capitula,
2863 3855 3011 3931 quot
3053 3847 3127 3908 ad
3179 3844 3515 3926 portionem
3564 3864 3914 3910 annuarum

2361 3936 2729 4000 decimarum
2758 3985 2776 4012 ‚
2820 3950 2973 4020 quas
3012 3938 3208 4001 eidem
3251 3938 3574 4019 persolvit,
3625 3939 3913 4003 constitui

2698 4032 2854 4096 itaut
2899 4032 2977 4095 ad
3021 4052 3094 4095 ea
3136 4032 3434 4095 Beneficia
3460 4032 3573 4095 soli
3604 4034 3914 4098 naturales

2362 4125 2528 4189 illius
2555 4127 2756 4191 Villae
2782 4127 3072 4208 praeferri
3102 4128 3418 4202 deberent,
3445 4135 3747 4208 quatenus
3775 4128 3910 4191 ido·

2361 4221 2459 4281 nei
2486 4222 2706 4302 reperti
2741 4222 3010 4297 fuerint,
3040 4224 3116 4284 ad
3151 4221 3410 4284 formam
3450 4222 3912 4286 Constitutionis

2358 4334 2488 4376 san.
2535 4335 2717 4377 mem.
2755 4316 3088 4387 ‘Clementis
3120 4316 3293 4378 VIII.
3350 4318 3754 4399 precibusque
3803 4337 3910 4399 per

2356 4409 2674 4488 specialem
2694 4412 3172 4487 commissionem
3196 4411 3483 4492 praedicti
3506 4413 3739 4473 Summi
3759 4413 3910 4474 Pon·
3981 4412 3985 4416 ’

2359 4503 2536 4567 tificis
2565 4525 2757 4587 usque
2783 4506 2858 4568 de
2887 4525 3048 4567 anno
3080 4508 3255 4567 1697.
3291 4506 3366 4568 ad
3397 4505 3554 4569 hanc
3585 4507 3715 4569 Sac.
3755 4506 3912 4568 Con-

2354 4600 2764 4679 gregationem
2802 4618 2915 4680 pro
2958 4610 3098 4661 voto
3147 4599 3411 4660 remissis
3450 4607 3562 4660 etc.
3600 4598 3907 4662 resolven-

2356 4693 2500 4753 dum
2522 4694 2880 4774 proponitur
2899 4694 3181 4755 dubium:
3202 4694 3299 4755 An
3316 4696 3391 4753 sit
3416 4695 3565 4754 locus
3585 4693 3907 4754 distinctio·

2353 4789 2417 4847 ni
2429 4786 2834 4870 Beneficiorum
2853 4808 2959 4869 pro
2976 4798 3111 4850 rata
3129 4790 3496 4859 decimarum,
3517 4798 3568 4848 et
3588 4788 3912 4866 fructuum,

2355 4882 2457 4959 qui
2473 4882 2773 4943 solvuntur
2801 4880 3072 4962 Capitale
3093 4902 3132 4944 a
3149 4882 3358 4963 populo
3400 4880 3583 4941 Villae
3606 4881 3672 4941 de
3692 4879 3913 4941 Aldea-

2352 4995 2499 5037 nova
2520 5024 2537 5045 ,
2566 4979 2720 5038 itaut
2744 4977 2821 5038 ad
2847 4977 3034 5038 eadem
3057 4975 3342 5057 Beneficia
3381 4976 3447 5034 in
3488 4993 3763 5035 concursu
3789 4974 3907 5034 sint

2347 5069 2708 5148 praeferendi
2735 5070 2850 5152 filii
2865 5071 3298 5150 patrimoniales
3329 5068 3572 5148 ejusdem
3617 5065 3800 5128 Villae
3839 5068 3907 5127 in

699 5157 799 5219 nis
813 5157 994 5219 hodie
1015 5157 1092 5219 sit
1111 5157 1434 5239 agendum,
1455 5168 1514 5221 et
1534 5160 1814 5222 nonnulli
1842 5162 1965 5223 sint
1985 5182 2063 5225 ex
2084 5163 2247 5224 Emi·
2352 5183 2489 5225 casu
2518 5172 2621 5224 etc.

698 5250 1065 5312 neutissimis
1093 5251 1395 5325 Patribus,
1420 5252 1525 5332 qui
1563 5261 1831 5333 tempore
1861 5274 2076 5319 causae
2103 5275 2244 5336 pro-

2471 5256 2778 5319 Hactenus
2820 5255 3213 5338 praeteritum
3255 5254 3493 5317 solium.
3527 5256 3903 5333 Responsum

700 5344 927 5424 positae
959 5390 975 5416 ,
1026 5353 1085 5406 et
1136 5344 1432 5407 resolutae
1458 5393 1476 5420 ,
1530 5347 1673 5408 huic
1731 5368 1852 5411 non
1912 5350 2246 5413 intererant
2352 5360 2554 5413 autem
2575 5372 2608 5413 a
2636 5352 2768 5414 Sac.
2796 5351 3272 5433 congregatione
3289 5348 3521 5411 editum
3549 5349 3638 5409 die
3663 5352 3761 5409 30.
3797 5345 3900 5411 So-

703 5438 1159 5520 Gongregationi
1186 5482 1207 5514 ,
1239 5458 1458 5519 operae
1487 5441 1748 5521 pretium
1769 5462 1896 5505 esse
1938 5442 2245 5508 existima-

2297 5466 2304 5485 ·
2353 5448 2815 5529 pteram-&1702
2847 5453 3200 5527 conceptum
3227 5442 3742 5526 est2sequemibus
3765 5462 3906 5507 ver-
