4393 6299
942 548 1049 601 410

766 714 903 763 cum
926 701 1081 763 bene
1104 698 1220 763 sibi
1248 698 1557 763 vindicare
1574 705 1812 781 possent
1836 744 1855 774 ,
1883 698 1934 764 si
1970 718 2091 761 nou
2121 698 2312 762 inter-

1983 545 2426 617 Quasrionss
2461 548 2818 606 cat-tomes:

2426 703 2817 768 renovatione
2839 702 3180 767 habeantur
3199 701 3349 767 baec
3367 702 3584 780 verba,
3606 712 3772 778 tune,
3797 713 3851 767 et
3867 715 3974 787 per

765 795 1033 857 cessisset
1049 794 1272 858 dubius
1306 792 1432 856 litis
1453 803 1703 856 eventus
1723 812 1743 870 ς
1772 793 1985 856 unicus
2016 792 2317 875 siquidem
2424 800 2650 880 quando
2686 808 2903 861 secutus
2945 796 3121 876 {uerit
3160 799 3342 859 obitus
3378 797 3520 860 dieti
3549 798 3873 872 Francisei,
3915 805 3970 863 et

766 887 891 950 litis
919 900 1175 970 punctus
1205 886 1563 950 consistebat
1590 887 1653 949 in
1679 888 1970 958 videndo,
2001 907 2080 951 an
2109 888 2316 952 valida
2421 915 2536 956 non
2572 896 2769 976 prius,
2811 903 2864 956 et
2903 912 3017 953 non
3054 894 3207 955 alias
3232 942 3249 966 ‚
3289 892 3681 957 concludebat
3722 895 3965 970 Abbas,

766 979 974 1044 fuisset
1020 981 1381 1043 investitura
1424 1000 1700 1043 concessa
1745 1000 1782 1043 a
1812 981 2118 1043 Cardinali
2164 981 2313 1044 Polo

765 1095 917 1137 anno
948 1079 1120 1136 1646.
1167 1083 1228 1136 et
1248 1074 1379 1156 ejus
1422 1074 1669 1137 nullitas
1694 1083 1938 1138 strenue
1965 1095 2312 1159 propugna-

765 1168 945 1232 batur
972 1170 1051 1230 ab
1078 1169 1313 1231 Abbate
1339 1213 1356 1241 ,
1387 1177 1516 1230 tum
1544 1189 1621 1230 ex
1660 1168 1894 1233 defectu
1943 1171 2311 1252 Beneplaciti

757 1262 1087 1344 Apostolici
1137 1263 1213 1325 de
1262 1263 1443 1346 jure,
1498 1273 1559 1326 et
1596 1282 1674 1326 ex
1720 1272 1894 1345 pacto
1939 1265 2308 1337 necessarii,

765 1366 893 1420 tum
920 1375 996 1419 ex
1019 1356 1251 1420 defectu
1279 1357 1559 1420 utilitatis
1575 1361 1752 1441 juxta
1778 1378 1848 1422 ea
1872 1404 1890 1434 ,
1921 1378 2079 1439 quae
2112 1359 2175 1421 in
2209 1378 2312 1421 su·

707 1451 1103 1534 „maioribus
1138 1450 1316 1514 modo
1365 1451 1522 1514 dicta
1563 1462 1750 1526 sunt,
1795 1462 1856 1515 et
1898 1453 2142 1515 demum
2167 1499 2186 1528 ,
2236 1473 2314 1517 ex

760 1564 886 1627 quo
909 1543 1208 1607 concessio
1228 1544 1381 1608 facta
1404 1564 1440 1606 a
1468 1545 1772 1608 Cardinali
1798 1547 1996 1608 fuerat
2024 1566 2312 1627 praeven-

760 1639 885 1704 tiva
908 1685 927 1714 ,
953 1649 1015 1702 et
1052 1638 1345 1702 abusiva:
1388 1640 1687 1702 concessio
1715 1640 1938 1703 etenim
1982 1641 2138 1704 facta
2190 1640 2310 1704 fuit

758 1753 912 1796 anno
961 1737 1136 1796 1646.
1197 1739 1258 1795 et
1306 1732 1644 1796 Cardinalis
1690 1743 1967 1796 mortuus
2017 1743 2107 1796 est
2156 1755 2310 1798 anno

764 1833 941 1889 1653.
966 1836 1026 1889 et
1050 1825 1303 1889 ultimus
1324 1846 1400 1888 ex
1418 1827 1863 1908 comprehensis
1895 1828 1961 1889 in
1988 1827 2185 1909 prima
2213 1829 2308 1890 in·

759 1921 1050 1984 vestitura
1080 1923 1225 1982 unni
1268 1925 1442 1981 1561.
1484 1929 1758 1983 mortuus
1801 1930 1890 1984 est
1931 1941 2085 1983 anno
2126 1926 2303 1985 1696.

759 2034 899 2078 cum
932 2033 968 2076 a
1003 2017 1143 2096 jure
1179 2016 1535 2097 permissum
1584 2036 1707 2078 non
1733 2016 1813 2079 sit
1850 2016 2128 2082 Praelato
2151 2065 2170 2094 ,
2201 2038 2307 2081 seu

759 2109 994 2172 Rectori
1014 2107 1368 2191 praevenire
1404 2109 1796 2174 investiturae
1824 2113 2304 2188 renovationem,

759 2211 820 2265 et
873 2204 958 2265 sic
1010 2222 1410 2266 successorem
1460 2204 1849 2287 supplantare
1893 2205 2173 2270 Turrieel.
2240 2209 2308 2272 de

757 2299 875 2360 reb.
917 2298 1202 2360 Ecclesiae
1241 2295 1356 2359 non
1395 2299 1717 2362 alienandis
1754 2321 1879 2383 cap.
1907 2305 2008 2363 23.
2047 2322 2211 2363 num.
2245 2307 2304 2364 6.

753 2404 808 2454 et
828 2398 889 2455 7.
925 2390 1139 2454 Caldus
1163 2392 1438 2456 der-enoc.
1465 2392 1839 2474 Emphyteut.
1867 2395 1967 2456 lib.
2002 2399 2059 2456 1.
2086 2407 2306 2476 quaest.

754 2492 856 2550 20.
894 2506 1054 2548 num.
1107 2490 1166 2548 4.
1203 2476 1432 2548 Cocein.
1477 2487 1645 2549 decis.
1692 2491 1872 2550 2254.
1918 2487 2085 2554 Gerr.
2135 2490 2303 2552 decia.

754 2585 894 2644 408.
927 2601 1085 2643 num.
1119 2586 1181 2643 7.

873 2675 1120 2755 Absque
1162 2692 1234 2736 eo
1266 2674 1431 2756 quod
1468 2669 1861 2738 fundamenta
1897 2674 2048 2740 baec
2089 2676 2307 2740 evitari

755 2768 1091 2851 potuerint,
1125 2768 1220 2831 vel
1250 2769 1398 2849 quia
1438 2769 1727 2851 agebatur
1771 2769 1848 2832 de
1893 2771 2068 2833 bonis
2119 2771 2307 2834 locari

755 2864 1088 2933 consuetis,
1134 2863 1198 2924 in
1243 2882 1367 2944 quo
1405 2882 1608 2925 rerum
1655 2871 1812 2926 statu
1856 2864 2307 2947 Beneplacitum

755 2957 1163 3041 Apostolicum
1192 2978 1314 3020 non
1343 2958 1799 3040 requirebatur,
1823 2960 1922 3023 vel
1949 2962 2101 3042 quia
2131 2960 2307 3043 plura

754 3052 823 3116 in
844 3053 1021 3115 bonis
1038 3052 1194 3116 facta
1217 3051 1458 3115 fuerant
1481 3052 1965 3131 melioramenta,
1989 3075 2065 3118 ex
2083 3057 2310 3137 quibus

755 3146 986 3211 utilitas
1033 3147 1265 3210 desumi
1306 3145 1541 3221 valeat,
1573 3156 1679 3211 aut
1721 3147 1996 3223 demum,
2045 3149 2226 3231 quia,
2259 3152 2308 3213 si

753 3241 1107 3304 Franciscus
1122 3287 1140 3316 ,
1160 3240 1267 3324 qui
1292 3260 1329 3304 a
1349 3241 1655 3304 Cardinali
1678 3242 1825 3305 Polo
1848 3244 2021 3325 petiit
2047 3263 2305 3308 renova-

754 3333 1012 3409 tionem,
1043 3335 1221 3399 tacite
1250 3335 1622 3399 renuntiavit
1645 3336 1834 3418 priori
1864 3338 2149 3402 investitu
2167 3359 2273 3403 rae
2289 3386 2306 3415 ,

754 3436 826 3492 ut
862 3430 1084 3496 faceret
1120 3429 1322 3493 locum
1365 3431 1692 3504 secundae,
1723 3442 1953 3496 cessare
1981 3434 2307 3498 dicendum

753 3530 853 3586 est
867 3523 1167 3605 objectum
1193 3523 1647 3605 praeventivae,
1672 3534 1733 3588 et
1760 3526 2049 3591 abusivae
2075 3548 2312 3593 conces-

752 3617 976 3693 sionis;
1006 3619 1070 3680 in
1100 3638 1173 3681 eo
1199 3619 1421 3681 etenim
1439 3664 1458 3693 ,
1482 3620 1645 3701 quod
1672 3621 1886 3685 attinet
1912 3622 1994 3685 ad
2027 3624 2272 3687 solitum
2289 3672 2306 3701 ,

756 3711 908 3773 illud
940 3710 1372 3775 excludebatur
1392 3713 1472 3775 ab
1491 3714 1761 3788 Abbate,
1789 3734 1928 3777 cum
1955 3716 2036 3779 ad
2060 3717 2307 3782 solitum

757 3804 1163 3868 inducendum
1186 3852 1203 3881 ,
1228 3812 1335 3868 aut
1366 3826 1487 3869 una
1519 3807 1876 3889 praecedens
1899 3808 2185 3873 solemnis
2214 3810 2306 3872 in-

758 3899 1045 3961 vestitura
1062 3944 1080 3973 ,
1110 3899 1412 3962 mediante
1434 3917 1714 3981 expresso
1733 3901 2116 3983 Beneplacito
2144 3905 2305 3985 Apo-

754 3991 965 4055 stolico
982 4038 1001 4067 ,
1028 3993 1108 4055 ait
1152 3991 1517 4065 necessaria,
1546 4003 1654 4055 aut
1681 3993 1891 4057 saltem
1920 3996 2077 4059 duae
2104 3997 2309 4060 minus

757 4086 1053 4149 solemnes
1090 4087 1481 4168 requirantur
1514 4086 1759 4168 pacifice
1803 4090 2152 4153 observatae
2201 4112 2308 4173 per

755 4179 1019 4263 spatium
1044 4179 1815 4264 annorum‘quadraginta,
1841 4192 1912 4245 ut
1944 4183 2004 4245 in
2038 4185 2210 4246 decis.
2240 4189 2301 4245 2.

758 4296 918 4337 num.
955 4281 1014 4337 9.
1046 4295 1236 4336 emaus
1265 4275 1614 4348 Benincasa,
1649 4278 1803 4339 itaut
1835 4276 1910 4339 de
1935 4277 2097 4339 binis
2134 4278 2305 4340 inve·

756 4370 992 4434 atituris
1015 4377 1289 4432 constare
1317 4369 1530 4433 debeat
1558 4390 1664 4451 per
1694 4371 2005 4446 distincta,
2036 4380 2097 4434 et
2135 4392 2306 4453 sepa·

758 4473 890 4528 rata
932 4464 1368 4545 instrumenta,
1397 4472 1457 4526 et
1493 4463 1675 4527 binae
1714 4466 2119 4528 concessiones
2144 4485 2309 4530 com·

759 4558 1131 4641 prehendere
1170 4559 1429 4620 debcant
1470 4559 1769 4638 ipsissima
1810 4560 2060 4621 omnino
2103 4560 2262 4622 bona
2285 4609 2302 4633 ,

759 4652 1000 4716 Pusion.
1033 4654 1099 4714 de
1126 4654 1292 4715 locut.
1323 4672 1448 4734 cap.
1484 4656 1577 4714 14.
1609 4653 1673 4736 §.
1703 4659 1761 4717 4.
1788 4674 1947 4716 num.
1980 4660 2038 4715 9.
2070 4667 2121 4717 et
2142 4675 2302 4716 num.

763 4752 859 4809 11.
896 4747 1174 4809 Turrieel.
1207 4747 1273 4808 de
1295 4748 1408 4808 reb.
1444 4746 1657 4811 Eccles.
1688 4768 1802 4809 non
1833 4750 2007 4810 alien.
2044 4769 2168 4829 cap.
2206 4755 2302 4811 15.

758 4840 826 4925 S.
857 4846 916 4902 2.
946 4861 1105 4902 ιιιιιιι.
1152 4845 1253 4904 46.
1287 4841 1435 4901 Rota
1468 4843 1632 4903 decis.
1666 4848 1763 4904 36.
1796 4863 1954 4904 num.
1988 4848 2046 4904 9.
2074 4864 2207 4925 pur.
2242 4850 2302 4905 7.

761 4944 965 4996 recent.
1000 4943 1061 4996 et
1091 4933 1154 4995 in
1183 4951 1287 5008 eo,
1317 4934 1477 5015 quod
1505 4943 1731 5016 spectat
1755 4936 1829 4998 ad
1862 4936 2160 4999 bonorum
2191 4958 2308 5000 me-

761 5027 1178 5099 liorationem,
1214 5026 1420 5089 Abbas
1457 5028 1887 5099 contendebat,
1921 5049 2042 5090 non
2080 5049 2207 5092 esse
2232 5030 2308 5092 de

622 5190 629 5201 ‚
758 5122 866 5185 illa
916 5121 1258 5185 habendam
1299 5120 1489 5184 ullam
1538 5118 2117 5199 considerationem,
2166 5144 2306 5186 cum

760 5217 993 5291 utilitas
1028 5215 1241 5278 debeat
1275 5235 1403 5278 esse
1435 5216 1511 5278 de
1545 5225 1813 5299 tempore
1840 5227 2211 5290 contractus,
2248 5227 2309 5281 et

763 5311 1248 5385 melioramenta,
1281 5310 1329 5371 si
1359 5310 1514 5373 facta
1554 5304 1730 5384 sunt,
1760 5310 1917 5374 sacta
1943 5312 2171 5374 fuerint
2198 5312 2308 5374 tri-

765 5405 933 5486 ginta
962 5411 1094 5483 post
1134 5422 1325 5465 anuos
1358 5422 1395 5466 a
1433 5403 1531 5465 die
1573 5405 1977 5467 renovationis
2002 5425 2311 5468 concessae

763 5517 800 5561 a
830 5497 1136 5561 Cardinali
1180 5497 1363 5572 Poto;
1399 5514 1661 5581 cumque
1699 5497 1765 5560 iu
1799 5518 1942 5563 mox
1981 5508 2311 5566 memorata

2423 988 2805 1053 Franciscum
2843 987 3106 1052 voluisse
3138 989 3382 1070 explere
3419 989 3868 1053 renovationem
3899 990 3970 1053 in

2421 1084 2515 1147 sui
2566 1103 2851 1165 persona,
2893 1083 3049 1147 itaut
3089 1084 3164 1147 de
3205 1083 3692 1166 supplantatione
3729 1105 3851 1148 non
3889 1085 3969 1149 sit

2421 1178 2821 1240 dubitandum
2839 1199 2857 1253 ;
2878 1177 2956 1241 ad
2975 1196 3106 1240 eam
3130 1176 3294 1240 enim
3314 1178 3657 1241 evitandam
3684 1197 3835 1260 opus
3852 1188 3965 1254 est,

2421 1280 2490 1333 ut
2520 1262 2757 1335 accedat
2786 1290 3099 1353 expressus
3128 1271 3308 1353 primi
3339 1271 3603 1335 investiti
3645 1290 3969 1336 consensus

2420 1364 2578 1427 circa
2606 1383 2670 1427 se
2701 1364 3036 1428 tollendum
3066 1364 3142 1427 de
3168 1364 3366 1428 medio
3397 1384 3511 1448 per
3550 1365 3711 1428 viam
3740 1385 3968 1429 renun-

2418 1459 2726 1532 ciationis,
2769 1467 2830 1522 et
2869 1455 3034 1540 quod
3077 1478 3271 1521 novus
3308 1459 3626 1523 investitus
3650 1460 3968 1541 possessio-

2418 1555 2557 1615 uem
2602 1552 2799 1635 capiat
2841 1554 2929 1615 rei
2972 1551 3506 1635 emphyteuticae,
3552 1553 3795 1616 vivente
3836 1553 3970 1635 ipso

2418 1646 2694 1709 Praelato
2719 1647 3113 1716 concedente,
3150 1647 3360 1708 Teoetus
3386 1649 3450 1708 in
3471 1650 3822 1729 σαρ.1.ᾳιιι’
3848 1667 3970 1710 auc-

2416 1761 2549 1804 eess.
2605 1741 2762 1836 tend.
2820 1743 2959 1804 dare
3012 1751 3350 1812 teneant-cr,
3410 1748 3471 1803 et
3522 1739 3971 1823 prosequuntur

2417 1835 2619 1917 Spada
2644 1825 2842 1897 consil.
2882 1839 2981 1897 51.
3015 1836 3114 1898 lib.
3165 1840 3222 1897 1.
3269 1819 3574 1898 Marmor.
3610 1838 3832 1898 carior.
3868 1837 3968 1901 lib.

2419 1935 2474 1991 1.
2499 1950 2624 2012 cap.
2651 1935 2745 1993 10.
2772 1950 2931 1991 num.
2962 1934 3058 1992 14.
3088 1928 3618 1993 LorathinThe'at.
3652 1929 3806 2009 tend.
3831 1950 3966 2012 par.

2416 2029 2475 2087 4.
2506 2025 2748 2087 άίἱιισίᾰ.
2776 2029 2872 2087 16.
2905 2035 3039 2086 ton.
3068 2029 3123 2086 1.
3147 2044 3309 2085 num.
3342 2029 3436 2086 10.
3473 2023 3718 2087 Tondut.
3749 2035 3968 2106 quaest.

2413 2117 2655 2200 Benefie.
2687 2138 2813 2199 cop.
2852 2121 2986 2181 119.
3016 2137 3176 2180 num.
3206 2122 3264 2180 6.
3298 2127 3350 2180 et
3378 2123 3439 2180 7.
3470 2115 3613 2180 Gob.
3642 2119 3711 2181 de
3729 2122 3973 2201 peratia-

2413 2230 2478 2273 ao
2504 2211 2664 2290 feudi
2688 2213 2926 2274 alienat.
2960 2221 3177 2291 quaest.
3212 2217 3309 2274 10.
3340 2230 3500 2272 num.
3533 2214 3632 2273 37.

2533 2303 2666 2366 Alia
2688 2304 2867 2385 plura
2895 2303 3011 2387 legi
3043 2311 3292 2384 possunt
3319 2302 3384 2365 in
3408 2301 3830 2367 fundatissimo
3849 2304 3974 2368 sut'-

2417 2397 2611 2478 t'ragio
2656 2398 3132 2462 Eminentissimi
3187 2397 3476 2481 Bellugae
3498 2443 3518 2472 ,
3573 2397 3737 2462 unde
3781 2418 3974 2482 quae-

2414 2490 2607 2553 ritur:
2775 2507 2780 2512 ·

2534 2585 2631 2646 An
2652 2587 2729 2647 sit
2764 2587 2915 2649 ὶοοιιι
2942 2585 3363 2669 confimationi
3393 2581 3739 2650 Concordiae
3775 2589 3842 2649 in
3868 2606 3970 2651 cn·

2414 2696 2483 2738 su
2506 2688 2610 2740 ete.

2520 2871 2672 2924 Sacra
2697 2870 2894 2941 congr.
2927 2870 2982 2923 di
2967 2889 3016 2925 ia
3037 2868 3128 2923 24.
3155 2868 3351 2968 Aprilis
3380 2868 3536 2926 naa.
3566 2870 3874 2943 respoudit.

2595 2953 2801 3028 Negoti
2799 2973 2876 3013 νο.

2843 3148 3203 3225 QUAES'rlo
3251 3141 3552 3214 CCCXV(

2574 3338 2646 3400 In
2683 3336 2876 3402 Causa
2905 3336 3194 3400 Cerciensi
3221 3338 3595 3417 Leqatorunt,
3629 3337 3721 3401 die
3746 3343 3806 3400 6.

2803 3442 2826 3451 ’
2981 3433 3202 3497 Martii
3237 3435 3412 3495 ¹723.
3557 3436 3562 3445 '

2417 3561 2657 3701 Eques
2681 3621 2941 3683 Joannes
2965 3618 3308 3700 Stephanus
3335 3617 3553 3681 Guazzi
3568 3666 3587 3691 ,
3618 3618 3681 3681 in
3709 3618 3928 3683 ultimo
3944 3665 3968 3695 ,

2414 3733 2550 3776 cum
2579 3733 2704 3795 quo
2730 3714 2977 3776 decessit
3000 3715 3384 3776 Testameuto
3421 3733 3574 3785 anno
3615 3718 3791 3777 1700.
3821 3712 3972 3778 bae-

2416 3806 2620 3868 redem
2663 3805 2778 3868 sibi
2816 3805 3054 3887 scripsit
3097 3804 3478 3867 Dominicum
3520 3805 3971 3889 Hieronymum

2416 3908 2688 3980 nepotem
2707 3946 2724 3975 ,
2746 3908 2806 3961 et
2837 3899 2996 3961 inter
3015 3906 3246 3961 caetera
3272 3898 3334 3959 in
3357 3898 3564 3960 eodem
3587 3898 3970 3962 Testamento

2413 3992 2499 4054 sic
2523 3992 2850 4074 disposuit:
2889 3996 3021 4054 item
3054 3992 3190 4071 jure
3220 3993 3394 4072 leqati
3430 3994 3692 4066 intendo,
3724 4013 3752 4055 e
3784 3996 3971 4074 voqlio

2413 4089 2546 4165 eqni
2574 4105 2757 4158 anno,
2794 4088 2890 4149 che
2934 4088 2983 4147 il
3021 4088 3135 4146 mio
3159 4085 3347 4147 Erede
3384 4087 3447 4146 in
3491 4096 3755 4169 perpetuo
3781 4086 3966 4166 faceia

2413 4182 2686 4245 celebrare
2713 4181 2894 4244 Mem
2915 4191 3000 4242 tre
3023 4181 3081 4241 la
3100 4183 3401 4242 settimonu
3416 4200 3521 4261 per
3552 4183 3796 4243 l'anima
3821 4184 3965 4255 mia,

2414 4293 2442 4333 e
2464 4277 2598 4335 miei
2621 4278 2822 4345 morti,
2850 4277 2966 4335 eiod
2987 4275 3034 4333 il
3050 4272 3351 4346 Mereoldi,
3386 4273 3654 4347 Vener-di,
3679 4294 3709 4336 e
3727 4274 3967 4349 Sabata,

2415 4369 2563 4431 dani
2595 4367 2902 4431 Reverendi
2919 4367 3107 4430 Padri
3132 4369 3196 4429 di
3221 4367 3292 4429 S.
3322 4368 3591 4447 Aqostino
3624 4370 3688 4431 ul
3713 4371 3826 4430 mio
3854 4370 3968 4430 At-

2416 4475 2536 4524 ture
2554 4509 2570 4535 ‚
2602 4484 2628 4524 e
2654 4463 2845 4541 dar-qli
2870 4482 2952 4521 nn
2970 4461 3135 4541 paolo
3164 4479 3262 4541 per
3289 4463 3423 4540 oqni
3443 4459 3765 4543 Sacrificio,
3796 4483 3824 4523 e
3852 4482 3969 4523 non

2414 4559 2641 4619 volendo
2658 4602 2675 4629 ,
2705 4578 2733 4617 e
2756 4576 2871 4617 non
2893 4557 3126 4637 petendo
3148 4557 3400 4637 snpplire
3435 4556 3481 4616 li
3503 4556 3752 4616 suddstti
3777 4555 3967 4618 Pudri

2411 4654 2688 4734 presenti,
2714 4671 2747 4711 o
2769 4670 2876 4731 pro
2912 4662 3148 4732 tempore
3167 4694 3183 4722 ‚
3213 4668 3383 4730 preqo
3415 4651 3466 4709 il
3490 4650 3965 4717 Reverendissimo

2415 4744 2677 4826 Cupitolo
2703 4754 2981 4824 presente,
3015 4764 3047 4803 o
3079 4763 3182 4824 pro
3220 4753 3457 4823 tempore
3492 4744 3591 4821 sur
3615 4745 3923 4822 soddist'are
3941 4793 3960 4818 ,

2413 4859 2443 4900 c
2465 4859 2564 4920 per
2586 4859 2684 4899 suo
2709 4840 2928 4899 concedo
2955 4837 3273 4900 all'Altare
3299 4838 3361 4897 di
3388 4836 3457 4899 S.
3489 4838 3738 4918 Roqato,
3762 4839 3967 4902 Altero

2412 4934 2771 5015 pricilcqiato
2796 4934 2844 4992 il
2877 4931 3115 4993 Lunecli.

2531 5027 2759 5089 Haeres
2783 5025 3066 5087 satisfecit
3104 5023 3346 5107 legatis,
3393 5033 3454 5086 et
3481 5022 3673 5107 legata
3710 5024 3962 5088 suerunt

2414 5119 2737 5202 adimpleta
2765 5119 2827 5180 in
2857 5117 3116 5182 Ecclesia
3146 5120 3208 5180 S.
3240 5117 3601 5201 Augustini,
3630 5118 3731 5181 sed
3759 5127 3963 5182 secuta

2417 5215 2810 5277 translatione
2838 5213 3111 5275 Civitatis
3136 5212 3385 5274 Cerviae
3413 5220 3656 5293 propter
3679 5211 3838 5274 aeris
3861 5211 3962 5273 in-

2414 5310 2829 5372 salubritatem
2872 5326 2908 5370 a
2948 5308 3115 5381 loco,
3162 5308 3225 5368 in
3274 5325 3398 5389 quo
3429 5314 3591 5380 erat,
3633 5306 3711 5368 ad
3760 5304 3962 5368 locum

2417 5400 2571 5467 Mari
2619 5403 2970 5466 viciniorem
2989 5447 3006 5477 ,
3037 5401 3365 5482 habitaque
3397 5419 3432 5462 a
3463 5399 3742 5462 Patribus
3768 5399 3962 5462 facul-

2415 5507 2537 5564 tate
2575 5500 2897 5583 antiquum
2938 5497 3315 5561 Conventum
3355 5513 3476 5558 una
3518 5513 3655 5558 cum
3697 5494 3961 5559 Ecclesia
