4393 6299
932 496 1041 547 800

751 669 867 711 non
891 649 1179 720 detractis,
1205 648 1318 707 s‘ice
1342 645 1478 705 illae
1503 642 1861 705 celebrandae
1877 642 1994 712 sint
2024 653 2128 723 per
2153 642 2296 721 seip-

750 762 899 813 sum,
919 745 1033 804 sice
1060 741 1272 823 possint
1303 739 1575 799 celebrari
1615 756 1718 818 per
1745 737 1930 797 alium
1949 779 1968 809 ,
2000 734 2293 813 faciendus

749 841 825 900 sit
859 838 1112 900 calculus
1151 835 1404 895 omnium
1439 832 1736 910 fructuum
1775 850 1879 911 pro
1902 829 2292 890 constituenda

749 950 972 994 summa
993 952 1035 993 a
1061 927 1347 1010 Synodali
1378 925 1792 987 Constitutione
1818 971 1836 996 ‚
1893 926 1980 985 cel
2027 923 2293 1003 Reqionis

752 1045 904 1087 more
921 1025 1196 1104 requisita
1211 1041 1318 1102 pro
1336 1019 1535 1082 Sacris
1564 1017 1877 1080 Ordinibus
1901 1018 2291 1099 suscipiendis.

870 1118 954 1180 11.
983 1116 1078 1178 An
1089 1116 1345 1180 Clericus
1366 1114 1573 1196 Joseplt
1593 1113 1914 1174 Belluccius
1943 1111 2143 1174 Sacris
2175 1109 2295 1172 Or-

755 1213 983 1275 dinibus
1022 1210 1255 1272 initiari
1285 1209 1457 1290 possit
1493 1208 1569 1269 ad
1617 1209 1850 1268 titulum
1891 1205 2300 1288 cappellania

755 1309 822 1368 in
843 1324 981 1368 casu
1004 1315 1107 1365 etc.

874 1498 1027 1550 Secr-
1049 1495 1250 1566 congr.
1275 1492 1364 1548 dic
1390 1494 1477 1547 ¹·t.
1500 1492 1626 1549 Julii
1655 1491 1813 1546 ¹72⁸.
1839 1489 2119 1562 respondit
2141 1511 2156 1543 z

942 1583 1041 1637 Ad
1078 1583 1317 1654 primum
1363 1599 1474 1635 me
1509 1578 1921 1650 relinquendum
1947 1579 2179 1632 arbitrio
2196 1618 2218 1647 ,
2249 1589 2303 1632 et

748 1670 1124 1724 conscientiae
1180 1668 1632 1726 Ordinatiorum.
1677 1665 1777 1722 Aa
1801 1665 2304 1738 secandamprovi·

750 1776 873 1824 sum
901 1758 957 1810 in
978 1757 1162 1828 primo
1186 1795 1202 1811 .

803 1962 1473 2052 DISCURSUS.
1531 1963 2268 2050 SECRETARII

958 2221 1209 2309 postea
1240 2201 1614 2280 Benedicti
1649 2205 1886 2307 Papae
1917 2197 2113 2278 XIV.

755 2428 945 2510 Super
964 2427 1248 2500 Articulo,
1277 2447 1356 2489 an
1375 2447 1417 2489 a
1442 2425 1741 2508 Beneficio,
1771 2426 1850 2488 ad
1871 2427 2037 2506 cujus
2061 2426 2301 2487 titulun·

831 2524 960 2602 quis
985 2523 1250 2583 ordinari
1276 2522 1563 2593 intendit,
1601 2521 1945 2583 detrahenda
1979 2523 2096 2581 sint
2126 2540 2305 2583 onera

834 2615 1154 2678 Missurum
1176 2615 1352 2676 cidem
1379 2616 1601 2694 adjecta
1619 2662 1636 2686 ‚
1674 2615 1901 2694 quando
1926 2614 2304 2696 Beneficiatus

831 2728 947 2770 non
975 2719 1194 2771 tenetur
1212 2729 1304 2771 eas
1329 2729 1431 2790 per
1454 2728 1510 2770 se
1534 2711 1722 2788 ipsum
1747 2710 2056 2783 celebrare,
2087 2711 2174 2769 cel
2202 2729 2304 2790 po-

837 2805 984 2873 tius,
1012 2802 1213 2864 Missis
1239 2805 1568 2864 nullatenus
1592 2803 1857 2864 detractis
1884 2848 1902 2876 ‚
1942 2805 2057 2864 sive
2086 2805 2308 2866 eaedem

836 2895 1197 2957 celebrandae
1221 2897 1338 2956 sint
1360 2914 1464 2977 per
1485 2897 1730 2975 seipsum
1750 2944 1768 2968 ,
1798 2898 1911 2957 sive
1930 2898 2141 2976 possint
2164 2899 2308 2959 cele·

838 2989 1002 3050 brari
1039 3008 1142 3070 per
1183 2990 1371 3052 alium
1390 3036 1408 3060 ‚
1445 2989 1734 3067 faciendus
1777 2992 1852 3050 sit
1885 2991 2146 3051 cumulus
2184 3011 2309 3052 om-

838 3085 1002 3143 nium
1026 3083 1320 3161 fructuum
1342 3102 1450 3164 pro
1474 3085 1862 3146 constituenda
1886 3104 2108 3147 summa
2133 3105 2172 3148 a
2195 3084 2312 3168 Sy-

835 3178 1035 3239 nodali
1063 3176 1477 3239 Constitutione
1501 3226 1519 3249 ,
1546 3180 1634 3240 cel
1657 3179 1923 3258 Reqionis
1952 3200 2100 3243 more
2125 3183 2314 3262 requi·

840 3274 955 3335 sita
970 3292 1078 3354 pro
1102 3271 1303 3334 Sacris
1328 3270 1643 3335 Ordinibus
1670 3274 2037 3355 suscipiendis
2053 3317 2072 3335 .

766 3403 890 3520 Ut
930 3477 1036 3531 eo,
1064 3478 1190 3541 quo
1214 3458 1420 3533 decet,
1470 3459 1685 3522 ordine
1729 3460 1792 3522 in
1841 3460 2026 3544 hujus
2072 3461 2315 3525 articuli

763 3551 1044 3615 examine
1072 3552 1451 3633 procedetur.
1487 3572 1707 3634 operae
1742 3554 2002 3636 pretium
2030 3575 2157 3618 esse
2174 3575 2316 3618 ceu-

764 3663 867 3706 seo
890 3690 909 3719 ,
938 3643 1137 3725 primo
1166 3644 1393 3708 referre
1421 3693 1439 3718 ,
1469 3646 1765 3728 quidquid
1809 3647 1924 3709 fuit
1954 3650 2035 3710 ab
2063 3648 2177 3711 hac
2207 3649 2316 3711 Sa-

765 3758 868 3801 cra
898 3737 1375 3821 Congregetione
1414 3740 1477 3801 in
1518 3740 1632 3803 hoc
1676 3740 1932 3804 articulo
1977 3749 2270 3804 statutum
2296 3795 2315 3821 ,

764 3831 1029 3894 secundo
1054 3851 1357 3914 exponere
1383 3832 1647 3896 rationes
1665 3879 1684 3907 ‚
1707 3834 1934 3915 quibus
1963 3835 2314 3897 innituntur

763 3923 904 3997 illi,
937 3926 1043 4007 qui
1097 3934 1341 3989 censent
1379 3945 1500 3989 non
1538 3946 1665 3990 esse
1711 3928 2082 3991 detrahenda
2130 3948 2320 3992 onera

767 4019 1088 4083 Missurum
1115 4065 1133 4095 ‚
1171 4020 1415 4101 quando
1442 4021 1582 4101 quis
1612 4028 1848 4084 tenetur
1873 4022 2181 4085 celebrare
2209 4042 2317 4104 per

766 4114 1031 4195 seipsum
1053 4160 1073 4190 ,
1106 4122 1166 4177 et
1185 4134 1254 4177 ea
1282 4133 1409 4177 esse
1433 4114 1827 4188 detrahenda,
1856 4116 2102 4198 quando
2132 4125 2324 4198 potest

766 4207 1074 4272 celebrare
1102 4228 1209 4290 per
1227 4208 1417 4271 elium
1437 4254 1455 4282 ‚
1486 4209 1664 4272 tertio
1684 4209 1949 4291 denique
1968 4209 2324 4274 fundamen·

771 4312 834 4365 ta
874 4302 1092 4364 afferre
1118 4347 1136 4374 ,
1179 4302 1404 4383 quibus
1437 4303 1775 4365 ostenditur
1802 4323 1922 4366 non
1968 4324 2095 4368 esse
2136 4324 2323 4369 onera

770 4396 1096 4461 Missurum
1124 4395 1517 4468 detrahenda,
1540 4396 1669 4459 sive
1695 4398 2095 4461 Beneficietus
2129 4409 2326 4463 tenen-

768 4500 872 4556 tur
898 4508 999 4553 ens
1027 4508 1132 4570 per
1152 4489 1416 4570 seipsum
1446 4489 1755 4554 celebrere
1776 4537 1796 4567 ,
1825 4491 1954 4555 sive
1995 4492 2182 4575 possit
2224 4512 2328 4557 ees

771 4584 1080 4649 celebrere
1106 4602 1213 4665 per
1243 4584 1437 4648 elium
1463 4627 1481 4645 .

1463 4771 1634 4856 §1-

814 4960 889 5022 In
912 4979 1022 5040 quo
1046 4959 1293 5037 refertur
1313 4960 1594 5039 quidquid
1610 4981 1649 5022 a
1672 4958 1808 5023 Sac.
1844 4960 2289 5043 Conqreqatione

1092 5072 1260 5134 super
1282 5055 1531 5115 articulo
1556 5062 1836 5116 statutum
1861 5056 2007 5134 fuit.

779 5187 996 5308 Anno
1042 5244 1216 5302 1690.
1258 5241 1347 5302 die
1389 5245 1450 5303 8.
1494 5240 1653 5303 Julii
1703 5243 2071 5323 propositum
2116 5243 2232 5307 suit
2266 5247 2332 5304 in

781 5336 1030 5415 quadam
1051 5354 1223 5397 causa
1255 5333 1560 5397 Tiburtina
1586 5356 1842 5416 sequens
1872 5338 2164 5399 dubium:
2189 5358 2268 5401 an
2292 5359 2331 5400 a

787 5426 1060 5508 Beneficio
1081 5474 1099 5498 ,
1128 5429 1205 5490 ad
1229 5430 1390 5506 cujus
1418 5432 1650 5489 titulum
1675 5432 1802 5509 quis
1827 5432 2093 5493 ordinari
2134 5435 2325 5497 inten-

1964 487 2408 557 QUAESTIONES
2444 484 2803 542 cmomcae

2399 641 2519 714 dit,
2545 636 2893 701 wmnda
2915 638 3032 698 sint
3055 655 3229 699 onera
3248 634 3569 699 Missurum
3586 634 3761 696 eidem
3787 632 3946 714 adje-

2399 745 2515 805 cta,
2538 734 2626 795 cel
2641 735 2855 814 potius,
2883 734 2963 793 eis
2986 750 3100 792 non
3124 732 3411 804 detractis,
3435 731 3727 810 faciendus
3746 733 3820 791 sit
3841 732 3958 793 cal·

2400 830 2564 891 culus
2592 830 2846 889 omnium
2870 827 3164 906 fructuum
3200 827 3278 888 ad
3314 824 3762 887 constituendam
3801 845 3960 886 sum-

2401 942 2555 985 mam
2596 942 2637 984 a
2680 922 2968 1003 Synodali
3006 920 3420 988 Constitutione
3457 923 3796 999 requisitam
3821 965 3839 993 ,
3897 928 3959 985 et

2400 1017 2546 1081 huic
2564 1017 2765 1082 Dubio
2782 1017 2965 1080 Sacra
2992 1015 3410 1099 congregatio,
3439 1014 3532 1078 uti
3555 1015 3816 1078 hebetur
3845 1016 3946 1076 lib.

2404 1117 2504 1174 40.
2526 1115 2727 1174 decret.
2757 1131 2891 1193 paq.
2926 1115 3064 1173 434.
3098 1109 3405 1193 respondit
3427 1113 3682 1190 neqative
3703 1153 3722 1183 ‚
3747 1111 3866 1172 nisi
3890 1111 3959 1170 in

2403 1207 2738 1286 fundatione
2763 1217 2995 1268 cautum
3021 1207 3096 1267 sit
3122 1251 3141 1279 ‚
3173 1215 3242 1267 ut
3280 1208 3350 1266 in
3391 1223 3528 1268 casu
3573 1205 3960 1286 impedimenti

2404 1310 2662 1362 teneatur
2686 1320 2788 1381 per
2828 1300 3014 1362 atium
3041 1300 3317 1361 celebrare
3337 1342 3356 1372 ‚
3400 1308 3455 1360 et
3481 1298 3650 1360 donee
3692 1298 3959 1361 ascendat

2405 1395 2483 1456 ad
2503 1393 2899 1457 Sacerdotium
2925 1414 3029 1475 pro
3066 1403 3201 1455 rata
3226 1391 3549 1456 Missurum
3590 1392 3824 1456 aliunde
3852 1393 3960 1456 ha-

2407 1489 2569 1562 beat,
2600 1508 2712 1568 quo
2731 1491 2914 1550 cicere
2941 1491 3147 1570 possit.

2529 1583 2698 1645 Anno
2730 1587 2906 1645 1694.
2945 1581 3254 1664 publicata
3276 1580 3395 1644 t'uit
3419 1600 3457 1644 a
3478 1599 3612 1644 suu.
3645 1599 3825 1643 mem.
3855 1580 3961 1643 In-

2405 1678 2684 1741 nocentio
2720 1678 2864 1741 ΧΠ.
2916 1676 3278 1739 Constitutio
3321 1675 3714 1757 Speculatores
3732 1722 3755 1748 ,
3803 1693 3963 1758 quae

2405 1779 2495 1834 est
2524 1774 2623 1833 44.
2656 1771 2718 1833 in
2751 1771 2883 1853 ejus
2925 1790 3115 1853 parvo
3142 1768 3438 1833 Bullerio:
3471 1787 3735 1850 cumque
3780 1771 3847 1830 in
3887 1768 3957 1853 S.

2406 1885 2554 1927 nono
2579 1866 2774 1929 <lictae
2802 1863 3260 1928 constitutionis
3280 1863 3626 1927 habeantur
3646 1862 3798 1927 haec
3824 1882 3964 1926 ver-

2409 1959 2512 2034 be,
2542 1980 2665 2022 eam
2689 1970 2875 2021 tamen
2900 1961 2967 2021 de
2991 1960 3967 2022 caeteroltacinreinconcusseser·

2407 2055 2540 2115 vati
2566 2053 2820 2113 volumus
2844 2053 3103 2132 requiam
3128 2099 3145 2123 ,
3191 2062 3257 2111 ut
3287 2071 3448 2112 nemo
3481 2053 3755 2130 ejusmodi
3780 2053 3967 2132 subie-

2408 2148 2645 2209 ctionem
2666 2149 2743 2210 ad
2767 2146 3018 2229 effectum
3035 2146 3381 2227 suscipiendi
3402 2144 3647 2207 Ordines
3673 2149 3969 2226 acquirere

2411 2253 2704 2304 censeatur
2727 2289 2744 2313 ‚
2779 2243 2897 2302 nisi
2936 2239 3287 2323 Beneficium
3331 2241 3687 2322 praedictum
3732 2242 3852 2320 ejus
3891 2243 3970 2303 sit

2409 2336 2628 2399 reditus
2652 2379 2670 2408 ,
2716 2346 2782 2396 ut
2816 2335 2896 2397 ad
2919 2354 3228 2414 conqruam
3254 2336 3404 2395 vitae
3429 2335 3922 2396 substentationem
3943 2380 3967 2409 ‚

2408 2434 2523 2493 sive
2545 2432 2725 2510 intecta
2751 2439 2955 2492 tanam
2984 2427 3333 2510 Synodalem
3358 2476 3375 2500 ,
3399 2431 3513 2490 sive
3544 2448 3612 2490 ea
3633 2428 3915 2511 deficiente
3938 2472 3960 2504 ,

2404 2526 2587 2605 juxta
2611 2543 2821 2584 morem
2841 2522 3107 2602 Reqionis
3123 2542 3228 2601 pro
3251 2523 3638 2603 promovendis
3659 2523 3737 2584 ad
3759 2522 3970 2585 Sacros

2415 2617 2660 2680 Ordines
2682 2663 2697 2687 ,
2727 2617 2995 2677 detractis
3011 2617 3272 2676 oneribus
3299 2635 3398 2695 per
3420 2635 3476 2676 se
3500 2616 3767 2695 sufficiat,
3795 2616 3972 2677 illud·

2412 2732 2518 2792 que
2546 2713 2619 2772 ab
2663 2708 3005 2771 Ordinando
3048 2710 3279 2789 pacifice
3320 2711 3674 2788 possideatur
3699 2758 3718 2781 ,
3759 2720 3971 2775 exorta

2411 2814 2501 2869 est
2524 2805 2586 2867 in
2609 2803 2872 2886 quadam
2895 2821 3074 2866 cause
3112 2800 3364 2882 Siqnina
3395 2800 3796 2865 Ordinationis
3823 2823 3970 2867 con-

2413 2898 2707 2963 troversia
2734 2943 2752 2971 ,
2782 2917 2862 2960 an
2891 2899 2955 2958 in
2984 2916 3087 2970 re,
3136 2896 3213 2958 de
3238 2915 3359 2977 qua
3399 2916 3565 2959 nunc
3586 2898 3788 2979 egitur
3810 2944 3827 2972 ‚
3852 2898 3971 2961 eli-

2416 2993 2564 3074 quid
2595 2991 2806 3052 fuisset
2828 3010 2863 3051 e
2889 2989 3328 3052 Constitutione
3349 2988 3703 3053 innovatum
3723 3036 3742 3066 ,
3772 2990 3972 3072 dispu-

2417 3095 2663 3167 tetoque
2687 3086 2777 3145 die
2809 3088 2904 3146 14.
2939 3085 3166 3166 Aprilis
3203 3088 3379 3145 1696.
3433 3084 3708 3166 sequenti
3741 3085 3970 3148 dubio:

2419 3202 2499 3244 an
2524 3198 2694 3242 onera
2713 3178 3033 3241 Missarum
3055 3180 3172 3238 sint
3199 3178 3545 3240 detrahenda
3580 3199 3617 3241 a
3646 3182 3835 3241 reditu
3856 3179 3971 3242 Be-

2420 3276 2746 3358 ncficiorum
2764 3318 2781 3347 ,
2810 3273 2887 3334 ad
2913 3271 3164 3354 effectum
3190 3275 3569 3334 constituendi
3605 3294 3883 3337 summam
3906 3277 3974 3336 in

2421 3368 2839 3432 contitutionis
2859 3364 3147 3447 synodali
3163 3366 3499 3447 descriptam
3517 3387 3627 3448 pro
3656 3369 3847 3439 tituto,
3876 3388 3976 3429 seu

2425 3462 2787 3525 Patrimonio
2811 3460 3027 3522 Clerici
3047 3463 3219 3522 etiam
3239 3464 3300 3521 in
3328 3463 3442 3520 cim
3461 3463 3790 3523 novissimae
3821 3460 3978 3523 Con-

2422 3558 2737 3619 stitutionis
2760 3554 3130 3617 Sanctissimi
3165 3555 3399 3616 Domini
3435 3554 3639 3615 Nostri
3659 3600 3677 3629 ‚
3727 3563 3788 3618 et
3833 3556 3969 3619 Sec.

2425 3652 2716 3733 Congreg.
2750 3652 2838 3711 uti
2867 3649 3128 3711 hebetur
3179 3650 3278 3710 lib.
3311 3653 3410 3709 46.
3445 3649 3647 3709 decret.
3680 3649 3792 3725 sol.
3835 3654 3970 3711 160.

2425 3745 2766 3824 respondit:
2802 3744 3056 3805 dandum
3101 3763 3208 3803 esse
3257 3744 3533 3803 decretum
3558 3744 3626 3802 in
3670 3741 3978 3808 Tiburtina

2428 3836 2826 3901 ordinationis
2868 3842 2927 3899 8.
2966 3835 3125 3897 Julii
3157 3841 3330 3897 1690.

2544 3934 2712 3991 Anno
2755 3936 2928 3993 1708.
2968 3931 3058 3991 die
3085 3933 3142 3991 4.
3189 3929 3474 3991 lanum-ii
3509 3930 3817 4012 proposita
3861 3931 3978 3996 fuit

2426 4026 2725 4106 quaedam
2752 4043 2931 4087 causa
2959 4023 3236 4085 Firmano
3270 4022 3678 4105 cappellaniae
3702 4071 3720 4099 ‚
3751 4035 3812 4088 et
3839 4026 3978 4091 licet

2429 4116 2831 4200 Cappenanus
2859 4138 2976 4180 non
3007 4118 3259 4180 haberet
3284 4136 3439 4179 onus
3473 4116 3820 4183 celebrandi
3867 4139 3977 4201 per

2427 4213 2690 4294 seipsum
2719 4261 2734 4284 ,
2764 4219 2824 4275 et
2862 4211 3144 4274 detractis
3167 4212 3457 4274 oneribus
3483 4212 3808 4275 Missurum
3855 4233 3979 4277 non

2429 4313 2765 4369 remaneret
2799 4325 3034 4367 summe
3057 4304 3357 4367 sufficiens
3376 4325 3488 4385 pro
3513 4306 3712 4369 Sacris
3739 4307 3979 4370 Ordini-

2429 4401 2545 4463 bus
2575 4400 2967 4481 suscipiendis
2985 4401 3166 4483 juxta
3195 4401 3424 4461 Taxem
3453 4399 3819 4481 Synodalem
3845 4447 3863 4475 ,
3892 4401 3981 4463 di-

2427 4502 2666 4576 sputato
2692 4494 3089 4555 nihilominus
3114 4493 3303 4555 dubio
3325 4539 3342 4567 ‚
3374 4512 3452 4554 an
3484 4491 3700 4556 Orator
3718 4496 3982 4556 ordinari

2430 4590 2601 4669 possit
2632 4589 2708 4649 ad
2728 4586 2936 4648 Sacros
2965 4584 3209 4648 Ordines
3239 4586 3317 4646 ad
3347 4587 3581 4646 titulum
3614 4586 3795 4647 dictae
3825 4585 3980 4666 Cap-

2430 4682 2714 4762 pellaniae
2742 4683 2947 4760 absque
2980 4682 3101 4743 alio
3138 4681 3518 4760 supplemento
3542 4679 3891 4742 Patrimonii
3914 4682 3981 4739 in

2432 4793 2568 4835 casu
2595 4821 2611 4845 ,
2654 4773 2832 4836 Sacra
2857 4773 3256 4856 Congregatio
3279 4818 3295 4846 ‚
3330 4772 3414 4833 uti
3443 4771 3700 4834 habetur
3745 4773 3842 4832 lib.
3874 4777 3974 4834 58.

2434 4868 2634 4928 decret.
2663 4888 2798 4949 paq.
2844 4872 2902 4928 3.
2935 4866 3242 4947 respondit
3263 4867 3624 4946 affirmative.

2552 4959 2894 5023 Consimilis
2921 4960 3214 5022 articulus
3236 4959 3300 5021 in
3323 4958 3530 5020 iisdem
3558 4957 3831 5020 terminis
3850 4979 3984 5039 pro-

2434 5057 2661 5137 positus
2689 5054 2804 5116 fuit
2825 5055 2888 5115 in
2916 5074 3091 5115 causa
3124 5054 3402 5125 Romana,
3427 5071 3523 5113 seu
3551 5052 3794 5114 Reatina
3821 5052 3979 5135 Cap-

2434 5150 2716 5229 pellaniae
2741 5152 2836 5208 17.
2862 5147 3080 5209 Martii
3106 5149 3279 5207 1714.
3304 5153 3364 5207 et
3388 5144 3568 5206 Sacra
3588 5143 3986 5228 Congregetio

2434 5241 2667 5304 distulit
2710 5239 3137 5303 resolutionem
3163 5285 3181 5311 ‚
3212 5239 3297 5300 uti
3324 5238 3579 5300 habetur
3610 5238 3709 5297 lib.
3743 5243 3843 5300 64.
3889 5242 3987 5301 de-

2435 5346 2571 5396 cret.
2608 5355 2741 5414 paq.
2789 5339 2886 5395 92.

2555 5430 2692 5493 Alia
2718 5448 2781 5493 se
2818 5429 3040 5493 obtulit
3072 5428 3301 5491 occasio
3334 5425 3408 5488 de
3444 5424 3653 5489 eadem
3686 5445 3752 5487 re
3798 5425 3984 5491 disse-
