4393 6299
886 518 993 587 aas

1855 522 2296 595 Quffisriomss
2335 521 2690 584 CANONICAE

832 684 1145 767 Proposita
1173 686 1456 767 instantia
1505 704 1613 768 pro
1654 684 1981 747 obtinenda
2018 683 2257 744 restitu-
2312 679 2320 779 1
2369 682 2783 747 itautexclusa
2807 690 3114 747 remaneat
3147 686 3322 748 tacita
3356 687 3664 765 professio,
3683 696 3785 748 seu
3811 692 3910 748 rit

716 769 969 845 tionein
1001 781 1324 863 integrum,
1356 788 1650 841 eteanon
1689 778 1972 850 resoluta,
2005 777 2122 839 fuit
2150 776 2260 837 ite·
2314 782 2320 835 Ι
2373 778 2654 840 tificatio.

719 897 858 939 rum
885 877 959 939 de
984 877 1190 940 eadem
1232 883 1494 938 reactum
1528 874 1589 935 in
1625 873 2097 956 Congregatione
2139 872 2250 935 ha-

716 971 844 1034 bita
865 970 954 1032 die
973 978 1031 1033 8.
1060 971 1360 1051 Februarii
1380 971 1776 1047 subsequentis,
1819 978 1878 1028 et
1902 987 2255 1048 responsum

716 1064 854 1139 fuit,
884 1085 958 1127 ex
984 1067 1246 1127 hactenus
1268 1064 1514 1124 deductis
1542 1082 1654 1123 non
1673 1083 1781 1124 esse
1814 1066 1993 1125 locum
2023 1066 2261 1125 restitu-

716 1156 860 1221 tioni
877 1161 941 1219 in
962 1160 1276 1237 inteqrum.

834 1254 1206 1316 Momentum
1239 1248 1354 1314 fuit
1381 1252 1706 1334 repositum
1733 1252 1799 1313 in
1824 1252 2001 1314 tacita
2025 1252 2257 1333 profes-

710 1348 898 1419 sione,
918 1368 1021 1410 seu
1047 1348 1443 1411 ratificatione
1467 1349 1779 1428 desumpta
1812 1367 1886 1409 ex
1909 1346 2143 1408 actibus
2164 1347 2244 1408 ab

714 1436 844 1523 ipso
858 1442 1026 1504 factis
1053 1463 1159 1524 per
1195 1450 1429 1505 tantum
1459 1443 1740 1524 temporis
1768 1442 2145 1525 spatium,·et
2178 1443 2257 1504 li-

714 1547 805 1601 eet
834 1544 1224 1611 concurrente
1254 1529 1549 1619 probabili
1579 1538 1915 1620 ignorantia
1953 1537 2256 1599 nullitatis

716 1631 1099 1713 professionis
1130 1632 1409 1704 emissae,
1453 1650 1520 1694 re
1564 1640 1803 1694 mature
1836 1631 1902 1692 in
1942 1628 2260 1694 Auditorio

716 1721 905 1788 Rotae
928 1724 1212 1797 discussa,
1238 1724 1569 1787 resolutum
1616 1720 1821 1797 fuerit,
1875 1745 1981 1788 nec
2011 1727 2248 1790 tacitam

717 1819 1175 1905 professionem,
1230 1840 1338 1882 nec
1387 1820 1841 1900 ratificationem
1891 1822 2003 1884 sibi
2058 1822 2256 1884 locum

717 1915 1024 1977 vindicare
1052 1914 1240 1996 posse,
1275 1923 1353 1976 ‘ut
1386 1915 1451 1976 in
1501 1917 1774 1977 terminis
1796 1916 2117 1997 Religiosi,
2148 1918 2258 1998 qui

718 2017 897 2072 natus
922 2019 1051 2071 erat
1090 2010 1176 2070 dic
1202 2015 1262 2071 7.
1297 2010 1516 2072 Martii
1554 2010 1727 2071 1663.
1754 2018 1813 2071 et
1845 2010 1909 2071 in
1945 2010 2103 2071 libro
2141 2012 2258 2074 Ba-

719 2100 1065 2185 ptismatum
1088 2125 1193 2185 per
1215 2124 1482 2167 errorem
1533 2105 1728 2167 fuerat
1759 2105 2088 2186 descriptus
2131 2115 2266 2170 tan-

717 2220 904 2282 quam
949 2196 1124 2262 natus
1163 2220 1315 2261 anno
1361 2204 1534 2260 1662.
1574 2201 1802 2280 'quique
1829 2201 1942 2262 sub
1992 2208 2061 2262 ea
2083 2202 2255 2281 justa

718 2296 1071 2360 credulitate
1095 2294 1397 2378 legitimae
1420 2295 1630 2356 aetatis
1649 2294 2076 2375 professionem
2102 2295 2257 2357 emi-

716 2400 895 2463 serat,
927 2391 1090 2471 quod
1111 2388 1503 2452 concurrente
1529 2389 1828 2469 probabili
1860 2390 2068 2461 aetatis
2092 2389 2285 2472 ignor

718 2486 950 2559 rantia,
995 2494 1056 2546 et
1096 2493 1525 2564 consequenter
1572 2484 1912 2565 ignorantia
1961 2484 2261 2547 nullitatis

719 2578 1100 2659 professionis
1118 2598 1235 2640 non
1261 2578 1523 2659 potuerit
1540 2597 1615 2639 ex
1642 2578 1874 2640 actibus
1891 2579 2276 2658 subsequen-¹

722 2680 810 2733 ter
836 2673 1015 2754 gestis
1031 2672 1234 2734 induci
1261 2672 1436 2737 tacita
1455 2668 1763 2758 professiO,
1786 2672 1879 2732 vel
1903 2673 2251 2734 anteceden-

720 2766 798 2829 tis
830 2766 1210 2846 professionis
1235 2760 1573 2838 ratificatio‚
1622 2766 1989 2845 insequendo
2014 2767 2247 2827 resolu-

722 2860 911 2921 tiones
931 2860 1113 2941 hujus
1139 2860 1266 2921 Sac.
1303 2857 1791 2942 congregationis
1838 2860 2104 2921 firmavit
2139 2880 2266 2922 ea-

719 2954 856 3017 dem
888 2954 1033 3016 Rota
1057 2955 1220 3015 decis.
1253 2957 1388 3015 952.
1415 2966 1463 3014 et
1487 2955 1650 3015 decis.
1684 2954 1821 3015 983.
1854 2975 2043 3043 coram
2090 2955 2265 3015 Eme·

718 3048 824 3108 n‘oe
868 3047 1131 3109 saniore:
1163 3047 1310 3109 haec
1350 3056 1581 3118 tamen,
1611 3056 1669 3109 et
1709 3048 1944 3110 similia
1962 3049 2092 3111 visa
2115 3058 2259 3113 sunt

723 3162 843 3210 non
868 3143 1143 3224 prodesse
1171 3143 1485 3205 intentioni
1513 3142 1785 3205 Oratoris
1801 3167 1818 3219 ;
1850 3165 1985 3206 cnm
2011 3144 2268 3225 simplex

721 3237 1000 3320 allegatio
1028 3238 1403 3322 ignorantiae
1433 3239 1672 3312 aetatis,
1719 3248 1779 3301 et
1822 3239 1905 3300 sic
1962 3240 2260 3324 nullitatis

723 3330 1785 3396 Professionisnonexcludattacitam
1798 3333 2262 3408 professionem,

722 3446 825 3489 seu
855 3425 1312 3491 ratificationem
1360 3448 1434 3488 ex
1477 3429 1707 3489 actibus
1738 3426 2071 3504 subsecutis
2104 3429 2268 3490 deri-

724 3531 989 3593 vantem,
1020 3521 1135 3584 nisi
1164 3522 1471 3603 praedicta.
1496 3523 1835 3603 ignorantia
1871 3523 2286 3590 circumstan-.

723 3613 847 3687 tiis,
870 3616 1246 3697 conjecturis,
1261 3615 1593 3696 validisque
1612 3616 1996 3679 adminiculis
2020 3611 2165 3679 niun
2180 3618 2268 3681 ita

727 3708 827 3780 sit,
850 3708 938 3770 uti
965 3709 1167 3771 videre
1189 3710 1361 3772 estin
1381 3710 1559 3772 citata
1583 3712 1747 3771 decis.
1781 3715 1916 3771 952.
1949 3703 2049 3772 sub
2071 3732 2131 3772 n.
2161 3716 2264 3772 23.

725 3823 912 3868 coram
938 3801 1182 3863 Emerix
1195 3803 1457 3877 Iunior-e,
1482 3825 1638 3885 quae
1657 3805 1860 3867 omnia
1884 3806 1944 3865 in
1970 3807 2267 3884 praesenti

725 3887 1041 3977 hypothesi
1061 3896 1191 3959 Sac.
1211 3896 1664 3979 congregationi
1691 3899 1753 3960 in
1780 3900 2098 3980 praeterita
2126 3920 2267 3980 pro-

726 3991 1020 4071 positione
1041 3986 1170 4053 visa
1201 4000 1344 4056 sunt
1373 4013 1490 4054 non
1517 3993 1697 4055 fuisse
1728 3993 2084 4075 justificata.

846 4081 922 4145 Ut
950 4084 1154 4164 itaque
1170 4085 1342 4147 Pater
1362 4086 1606 4150 Gabriel
1632 4087 1877 4168 impleat
1899 4107 1991 4158 ea,-
2019 4107 2175 4168 quae
2207 4088 2271 4148 in

728 4167 1067 4257 praeteritis
1093 4177 1346 4240 deficere
1373 4179 1527 4241 dicta
1549 4175 1711 4252 sunt,
1734 4181 1797 4241 in
1825 4201 1932 4243 sua
1963 4182 2149 4261 script
2162 4201 2273 4250 ura

729 4291 837 4352 per
867 4292 1079 4334 manus
1114 4259 1609 4347 circumferenda,
1640 4251 2095 4355 ponderandum
2127 4295 2273 4356 pro-

729 4365 921 4452 ponit,
952 4366 1171 4447 primo
1223 4367 1430 4446 quod
1414 4387 1538 4446 ipse
1589 4378 1762 4430 natus
1788 4381 1876 4432 est
1921 4371 1985 4432 in
2018 4370 2272 4433 Civitate

728 4453 1123 4540 venetiarum
1148 4506 1164 4534 ,
1185 4457 1712 4541 secund0„quod'
1695 4482 1758 4523 ιιι
1790 4463 2051 4537 infantili
2083 4473 2278 4527 aetate

728 4555 1105 4624 constitutus¹
1139 4555 1441 4634 Viennam
1491 4554 1552 4632 in
1587 4551 1850 4617 'Austria
1893 4558 2069 4637 petiit
2101 4601 2117 4631 ,
2165 4559 2274 4632 ubi

731 4649 948 4710 deinde
980 4648 1425 4729 professionem,
1451 4648 1705 4724 emisit„
1731 4652 1928 4722 tertio,
1954 4652 2124 4731 ¹quod
2154 4672 2296 4730 non

733 4740 980 4816 fuerunt
1025 4743 1240 4824 petitae
1284 4743 1519 4804 litterae
1569 4743 1972 4823 baptismales,
2022 4741 2300 4824 quando

733 4837 1034 4916 professus
1054 4846 1161 4910 est,
1180 4846 1398 4918 quarto
1421 4838 1686 4911 demum,
1709 4838 1871 4918 quod
1890 4858 2122 4918 semper
2146 4845 2294 4918 pe‘rm

732 4932 951 4994 mansit
1000 4932 1062 4992 in
1111 4932 1365 4995 Civitate
1414 4932 1685 4995 Viennae
1713 4952 1901 5013 usque
1928 4933 2002 4995 ad
2030 4952 2264 4994 annum

730 5026 966 5088 circiter
998 5030 1170 5087 1718.
1225 5044 1347 5106 quo
1374 5033 1664 5106 tempore,
1694 5045 1830 5086 cum
1855 5026 2162 5087 accesserit
2186 5026 2265 5089 ad

731 5117 1047 5181 Civitatem
1074 5118 1501 5192 venetiarum,
1547 5118 1649 5180 illa
1683 5119 1991 5180 occasione
2011 5119 2164 5184 vidit
2204 5119 2277 5180 fi-

732 5212 868 5274 dem
898 5203 1377 5292 BaptismatiS,ct
1396 5232 1662 5274 errorem
1695 5213 1962 5293 agnovit,
1989 5221 2046 5276 et
2071 5212 2274 5274 statim

2488 874 2726 947 Quibus
2748 874 3067 945 stantibus,
3100 875 3460 956 quaeritur:

2487 970 2583 1029 An
2607 972 2682 1029 sit
2708 970 2997 1043 standum,
3023 972 3108 1031 vel
3138 972 3500 1031 recedendum
3528 992 3564 1031 α
3589 973 3782 1031 decisis
3798 1015 3813 1029 .

2480 1162 2632 1213 Sacra
2651 1161 2845 1230 Congr.
2869 1161 2958 1215 die
2980 1163 3065 1213 13.
3091 1154 3419 1231 Septembris
3444 1163 3602 1213 1721.
3624 1162 3920 1232 respondin

2550 1252 2616 1303 In
2656 1248 2882 1304 decis-is.

2834 1444 3193 1521 QUAESTIO
3245 1446 3450 1510 CCIII.

2369 1634 2440 1693 1η
2463 1633 2654 1696 Causa
2678 1633 3124 1716 caputaquensi,
3149 1657 3244 1699 sou
3263 1636 3649 1716 Neapolitana
3672 1634 3924 1699 Ordine*

2672 1728 2861 1803 tionis,
2886 1731 2974 1791 die
3004 1737 3101 1792 25.
3125 1730 3410 1793 Januarii
3439 1732 3612 1792 1721.

2371 1860 2759 1981 Franciscus
2786 1919 2944 1981 dello
2986 1920 3244 1982 Schiavo
3269 1916 3568 1982 oriundus
3607 1940 3682 1981 ex
3735 1922 3932 1983 Terra«

2370 2013 2431 2073 S.
2457 2014 2709 2085 ,loannis
2729 2012 3025 2077 Diaecesis
3050 2015 3468 2095 Caputaquen.
3490 2061 3506 2088 ,
3539 2023 3835 2093 natusque
3856 2015 3921 2073 in

2372 2108 2624 2172 Civitate
2654 2109 2956 2189 Neapolis,
3003 2108 3331 2181 occasione,
3361 2128 3482 2189 qua
3511 2109 3729 2170 Caesar
3781 2124 3929 2168 suus

2374 2202 2548 2266 Pater
2573 2205 2632 2264 in
2659 2225 2728 2267 ea
2755 2205 3268 2275 commorabatur,
3299 2212 3357 2265 et
3380 2204 3440 2263 in
3472 2220 3591 2281 qua
3613 2201 3795 2264 etiam
3821 2202 3929 2261 bo-

2374 2299 2471 2360 die
2497 2294 2926 2369 commoratur,
2951 2298 3200 2381 cupiens
3229 2298 3427 2378 prima
3461 2296 3733 2359 Clericali
3765 2298 3926 2357 Ton-

2373 2409 2512 2455 sura
2546 2394 2800 2467 initiari,
2832 2394 3029 2473 petiit,
3062 2394 3159 2454 sed
3186 2393 3461 2454 obtinere
3508 2412 3627 2452 non
3663 2393 3852 2470 potuit
3887 2410 3925 2453 a

2374 2486 2552 2549 'Curia
2596 2487 3106 2568 Archiepiseopali
3135 2487 3367 2548 litteras
3397 2486 3825 2548 testimoniales
3852 2494 3922 2546 ut

2373 2582 2636 2661 primam
2656 2585 2996 2643 Tonsuram
3012 2582 3141 2643 ‘reci
3153 2601 3291 2660 pere
3312 2590 3508 2661 posset
3531 2583 3609 2645 ab
3633 2581 3928 2661 Episcopo

2372 2676 2788 2756 Caputaquen.
2816 2723 2833 2749 ,
2865 2677 2932 2737 in
2953 2678 3124 2757 cujus
3147 2676 3412 2738 Dioecesi
3436 2677 3616 2737 Pater
3637 2674 3923 2747 habebat,

2372 2779 2432 2832 et
2460 2771 2641 2833 babet
2678 2773 2877 2844 bona,
2929 2779 2986 2832 et
3022 2770 3315 2843 solvebat,
3365 2778 3426 2831 et
3478 2769 3660 2831 solvit
3707 2788 3925 2842 onera3-

2372 2884 2630 2943 cumque
2650 2865 2711 2924 in
2732 2863 3210 2943 Congregatione
3232 2863 3442 2926 habita
3461 2864 3549 2923 die
3564 2868 3662 2923 20.
3683 2861 3931 2942 Septem-

2373 2959 2486 3018 bris
2520 2963 2692 3018 1715.
2721 2959 2851 3038 ejus
2882 2957 3172 3020 instantia
3196 2957 3408 3019 fuisset
3434 2955 3734 3036 proposita
3770 2955 3930 3015 inter

2373 3051 2700 3112 summaria
2753 3070 2996 3130 precum
3023 3097 3040 3121 ‚
3083 3050 3215 3111 Sac.
3264 3049 3660 3128 Congregatio
3704 3046 3932 3109 habitis

2375 3144 2770 3206 relationibus
2783 3193 2797 3215 ,
2815 3211 2816 3214 Ἴ
2832 3155 2955 3207 tam
2975 3130 3362 3206 Eminentissi
3372 3143 3451 3203 mi
3483 3137 3936 3221 Archiepisoopi

2375 3240 2778 3320 Neapolitani,
2811 3260 2997 3321 quam
3016 3239 3295 3318 Episcopi
3318 3238 3763 3317 Caputaquen.‚
3788 3253 3929 3296 een-

2374 3335 2495 3396 snit
2521 3334 2667 3395 Ordi
2677 3335 2984 3396 nationem
3001 3342 3268 3413 spectare
3281 3332 3355 3394 ad
3377 3331 3748 3413 praedictum
3771 3328 3930 3392 Emi-

2380 3428 2797 3488 nentissimum
2835 3426 3364 3506 Archiepiscopum
3415 3423 3880 3504 Neapolitanum
3908 3463 3928 3494 ,

2378 3521 2816 3602 impetrataque
2834 3521 3092 3583 subinde
3113 3539 3268 3582 nova
3286 3519 3617 3591 audientia,
3646 3537 3766 3578 una
3791 3529 3946 3584 cum,

2376 3610 3047 3696 descriptioneinfolio,
3091 3615 3270 3677 modo
3321 3613 3638 3694 quaeritur
3667 3660 3684 3683 ,
3729 3630 3805 3674 an
3852 3609 3934 3672 sit

2378 3711 2679 3783 standum,
2710 3711 2805 3772 vel
2839 3710 3297 3773 recedenduma
3326 3709 3537 3770 decisis
3561 3751 3576 3768 .

2495 3804 3024 3870 Eminentissimus
3059 3802 3556 3883 Archiepiscopus
3583 3798 3932 3880 Neapolita-⁶

2382 3918 2494 3958 nus
2514 3899 2577 3958 in
2602 3916 2711 3959 sua
2736 3896 3165 3958 informatione
3189 3904 3330 3958 tnnc
3353 3894 3722 3964 transmissa,
3751 3890 3940 3954 sensit.

2379 3992 2840 4054 Ordinationem
2880 3992 2957 4053 ad
2988 4011 3052 4053 se
3102 3997 3402 4072 spectare,
3464 4009 3583 4051 non
3619 3989 3934 4062 obstante,

2379 4087 2540 4195 quod
2563 4088 2608 4147 F
2614 4087 2859 4149 rancisci
2877 4086 3204 4148 Genitorin
3226 4082 3385 4147 dicto
3407 4081 3643 4165 Oppido
3662 4083 3724 4144 S.
3750 4082 3936 4148 loun-e

2385 4181 2475 4244 nis
2505 4190 2685 4244 natus
2716 4175 2901 4242 fuerit.
2928 4203 2944 4252 ;
2998 4178 3300 4268 contraxit
3351 4179 3575 4241 etenim
3630 4175 3950 4244 mati-imo».

2385 4275 2552 4354 nium
2580 4276 2642 4334 in
2675 4275 2737 4340 Ci
2748 4274 2929 4336 vitate
2949 4274 3367 4353 Neapolitana,
3394 4281 3454 4336 et
3475 4274 3555 4334 ab
3573 4291 3647 4333 eo
3669 4279 3948 4351 tempore,

2385 4388 2576 4450 usque
2604 4370 2665 4430 in
2697 4387 2972 4449 praesens
3030 4365 3317 4444 domum,
3383 4377 3443 4430 et
3494 4364 3815 4430 Familiam
3866 4364 3931 4423 in

2382 4465 2587 4526 eadem
2634 4463 2886 4524 Civitate
2932 4457 3207 4535 retinuit,
3237 4462 3391 4526 itaut
3423 4457 3804 4540 applicabilis
3855 4453 3948 4517 sit'

2382 4557 2688 4635 dispositio
2720 4556 2929 4615 Bullae
2958 4559 3054 4615 Η.
3104 4573 3227 4614 san.
3253 4575 3413 4614 niem.
3454 4553 3647 4613 Innoc.
3695 4551 3831 4612 XII.
3864 4545 3944 4638 3.

2390 4656 2482 4710 13.
2526 4650 2629 4711 ubi
2682 4629 3048 4718 decernitur,
3080 4649 3240 4729 quod
3292 4648 3341 4708 si
3398 4649 3573 4710 Pater
3620 4647 3683 4706 in
3736 4647 3935 4708 aluno

2385 4742 2538 4815 loce,
2566 4743 2671 4804 ubi
2691 4763 2819 4824 ejus
2843 4742 3008 4802 filius
3025 4750 3199 4803 natus
3216 4751 3324 4812 est,
3352 4740 3603 4814 tamdiu,
3621 4759 3774 4803 aceo
3796 4757 3931 4800 ani

2383 4857 2482 4897 mo
2510 4837 2932 4918 permanserit,
2964 4846 3032 4897 ut
3059 4836 3211 4897 inibi
3242 4854 3382 4897 vere
3428 4833 3802 4897 domicilium
3860 4832 3938 4892 de

2383 4932 2520 5011 jure
2560 4929 2965 5001 contraxerit,
2997 4936 3139 4990 tunc
3189 4947 3308 4988 non
3356 4927 3525 5008 origo
3552 4925 3774 4999 Patris,
3830 4926 3934 4985 sed

2384 5023 2755 5085 domicilium
2809 5043 2915 5103 per
2949 5024 3185 5085 Patrem
3241 5022 3507 5102 legitime
3559 5029 3931 5083 contractum

2386 5139 2494 5198 pro
2543 5119 2924 5182 ordinatione
2971 5116 3084 5178 filii
3140 5117 3365 5178 attendi
3397 5117 3648 5178 debeat.

2504 5214 2807 5275 Adversus
2865 5212 3013 5275 haec
3083 5212 3305 5292 excipit
3352 5211 3706 5273 Franciseus
3774 5205 3935 5268 dello

734 5301 1063 5368 reclamare
1096 5306 1310 5386 coepit,
1345 5314 1403 5366 et
1430 5306 1577 5368 haee
1618 5306 1821 5368 omnia
1869 5306 2047 5367 simul
2069 5309 2278 5388 juncta
2387 5307 2674 5376 Scbiavn,
2705 5306 3018 5366 Caesarem
3040 5308 3278 5368 Patrem
3302 5306 3521 5366 nedum
3556 5310 3762 5363 natum
3791 5302 3934 5361 fuis·

734 5398 945 5464 asserit
974 5395 1117 5462 satis
1144 5419 1269 5461 esse
1300 5419 1406 5479 pro
1436 5399 1739 5462 suadenda
1774 5398 2073 5480 probabili
2101 5400 2276 5479 igno-

736 5490 956 5566 rantia,
983 5501 1111 5554 tum
1133 5492 1364 5565 aetatis,
1389 5500 1512 5553 tum
1539 5487 1835 5554 nullitatis
1862 5491 2277 5569 l‘rofessioniS,

2387 5401 2529 5462 sein
2563 5401 2798 5480 Oppido
2827 5401 2887 5460 S.
2923 5400 3195 5473 Joannis,
3222 5400 3320 5461 sed
3354 5415 3587 5478 semper
3613 5394 3677 5456 in
3718 5394 3926 5455 eodem

2391 5493 2706 5557 retinuisse
2749 5494 2992 5557 domum
3045 5502 3345 5575 apertam,
3382 5492 3447 5553 in
3494 5491 3652 5552 dieto
3682 5489 3922 5569 Oppido
