4393 6299
1643 488 2102 558 Qusss'rlo
2162 488 2442 544 ccchv.

3333 495 3432 549 2⁸¹

424 643 681 708 cambris
704 649 876 706 1706.
907 642 1092 707 dilata
1113 688 1131 718 ,
1162 651 1213 704 et
1232 650 1553 724 eoepeetetur
1581 645 1769 704 exitus
1801 642 1958 706 Cau-
2070 642 2423 723 suffragium
2449 641 2686 704 animae
2703 642 3063 715 Testatricis‚
3084 643 3197 706 hac
3214 643 3611 713 nihilominus

422 759 515 800 sae
540 743 605 801 in
644 737 833 801 Sacra
863 738 1013 801 Rota
1036 783 1054 811 ,
1083 737 1174 800 uti
1213 738 1388 818 plene
1417 736 1603 799 refert
1652 738 1724 798 R.
1773 737 1846 797 P.
1878 737 1955 799 D.
2066 736 2470 798 controversia
2504 736 2712 799 relicta
2741 782 2759 810 ,
2783 757 2920 799 cum
2963 739 3044 800 ab
3088 738 3198 801 hae
3240 738 3424 804 Sacra
3450 741 3608 804 Con-

421 828 597 893 Petra
658 834 734 893 ad
790 831 1226 893 constitutiones
1276 833 1624 913 Apostolicas
1698 842 1828 893 tom.
1897 837 1957 893 3.

417 945 546 1005 paq.
593 931 730 987 562.

532 1019 609 1079 Et
651 1019 797 1082 haec
845 1028 1029 1091 sunt,
1084 1037 1242 1099 quae
1273 1018 1639 1080 Secretarius
1679 1018 1960 1098 colligere

413 1110 609 1191 potuit
628 1131 739 1192 pro
769 1111 1023 1175 faciliori
1067 1112 1347 1174 examine
1388 1111 1710 1175 instantiae
1739 1157 1757 1185 ,
1802 1131 1958 1192 quae

415 1205 477 1266 in
505 1205 685 1268 Sacra
727 1207 1202 1287 Congregatione
1233 1204 1590 1287 proponitur
1638 1226 1817 1287 super
1849 1226 1956 1286 ap-

412 1301 767 1380 probatione
791 1301 1155 1363 Concordiae
1191 1301 1377 1363 initae
1408 1301 1565 1363 inter
1595 1301 1954 1382 Episcopum

411 1394 906 1478 Herhipolensem
935 1444 952 1471 ,
986 1407 1046 1459 et
1069 1397 1365 1460 Abbatem
1389 1396 1748 1459 Fuldensem
1767 1439 1783 1456 .

801 1583 1158 1658 QUAESTIO
1198 1583 1556 1647 CCCXLVI.

520 1771 593 1832 In
624 1770 816 1833 Causa
847 1769 1117 1834 Civitatis
1160 1771 1519 1835 Castellanae
1546 1821 1562 1844 ,
1612 1774 1707 1833 die
1727 1777 1826 1833 28.

960 1866 1209 1947 Augusti
1242 1872 1417 1929 1723.

403 1989 620 2113 Anno
643 2056 816 2114 1704.
850 2053 1089 2116 Martha
1114 2054 1277 2116 Uxor
1315 2053 1580 2135 Philippi
1625 2051 1944 2116 Pulcinelll

396 2144 480 2208 ita
493 2145 783 2228 disposuit
799 2146 865 2208 in
882 2166 1013 2220 suo,
1035 2166 1172 2210 cum
1191 2167 1314 2229 quo
1336 2147 1605 2221 decessit,
1626 2155 1942 2222 testamen·

397 2247 496 2303 to:
536 2242 669 2302 item
690 2241 824 2320 jure
853 2243 1024 2320 leqati
1043 2287 1061 2316 ,
1097 2253 1149 2303 et
1167 2244 1317 2304 alias
1344 2244 1499 2304 omni
1517 2252 1618 2304 ete.
1650 2243 1943 2304 mandavit

388 2353 491 2414 per
510 2335 902 2415 infrascriptos
924 2336 1043 2414 ejus
1077 2336 1335 2398 haeredes
1358 2338 1633 2399 celebrari
1651 2336 1779 2416 fieri
1797 2356 1940 2417 quo·

393 2428 525 2488 libet
549 2448 701 2490 anno
718 2430 783 2489 in
808 2439 1133 2509 perpetuum
1161 2430 1374 2492 Missas
1400 2431 1686 2492 duodecim
1703 2475 1721 2502 ,
1746 2450 1940 2511 nempe

391 2540 568 2583 unam
585 2522 828 2600 quolibet
852 2542 1032 2583 mense
1052 2525 1119 2583 in
1138 2524 1338 2585 Alteri
1352 2523 1715 2586 sanctissimi
1736 2523 1942 2585 Salva-

390 2617 529 2675 toris
546 2634 650 2694 pro
666 2616 849 2677 salute
867 2618 1090 2678 animae
1106 2636 1261 2687 suae,
1284 2626 1336 2679 et
1355 2637 1588 2679 suorum
1610 2617 1941 2680 Praedeees-

389 2725 614 2768 sorum:
641 2727 899 2788 cumque
918 2708 1123 2772 relicto
1148 2708 1457 2773 usufructu
1478 2730 1724 2775 suorum
1748 2712 1942 2775 bono-

387 2819 524 2863 rum
548 2801 824 2883 Philippo
844 2820 956 2865 suo
976 2802 1149 2878 Viro,
1172 2822 1489 2887 quousque
1513 2804 1767 2879 viveret,
1791 2805 1938 2868 reli·-

386 2900 600 2975 ctaque
613 2895 809 2957 Blasio
823 2895 977 2957 Filio
994 2897 1254 2977 quadarn
1266 2898 1513 2961 Terreni
1532 2898 1807 2979 portione
1828 2917 1938 2980 pro

390 2995 514 3050 toto
531 3009 624 3063 eo,
644 2989 806 3070 quod
826 3009 863 3052 a
880 3010 988 3052 sua
1006 2990 1374 3054 haereditate
1396 2992 1784 3072 praetendere
1803 3012 1938 3074 pos-

388 3082 532 3158 sint,
562 3083 846 3145 haeredes
876 3084 971 3145 his
1000 3086 1200 3146 verbis
1231 3088 1556 3168 scripserit:
1589 3091 1654 3147 iu
1681 3089 1938 3149 omnibus

385 3179 504 3238 suis
522 3179 675 3238 bonis
689 3179 942 3239 haeredes
958 3181 1298 3241 universales
1315 3184 1543 3242 institui
1545 3191 1566 3242 t
1577 3181 1631 3242 F
1623 3185 1940 3243 raneiscum

384 3271 652 3334 Mariam
690 3273 808 3350 ejus
835 3271 1105 3352 Nepotem
1150 3275 1338 3354 filium
1384 3275 1575 3336 Blasii
1621 3275 1937 3337 Puleinelli

389 3365 509 3444 ejus
533 3365 668 3446 filii,
700 3385 809 3444 quo
838 3368 1103 3426 moriente
1128 3369 1248 3427 sine
1273 3369 1412 3447 filiis
1435 3371 1730 3448 leqitimis,
1764 3379 1816 3429 et
1837 3388 1937 3430 na-

387 3461 669 3521 turalibus
710 3461 1000 3520 substituit
1020 3459 1403 3542 Hippolytum
1431 3508 1449 3537 ‚
1479 3473 1529 3523 et
1553 3462 1816 3525 Mariam
1840 3464 1931 3524 al-

388 3563 534 3615 teras
564 3554 718 3635 filias
744 3556 884 3615 dicti
902 3553 1095 3615 Blasii
1120 3600 1137 3626 ,
1169 3566 1221 3617 et
1251 3557 1368 3635 ejus
1386 3568 1571 3638 neptes
1593 3604 1609 3627 ,
1640 3567 1690 3617 et
1711 3576 1833 3617 una
1859 3576 1932 3618 ex

380 3650 459 3709 eis
486 3651 772 3719 moriente,
802 3669 920 3710 una
949 3651 1121 3711 alteri
1145 3652 1421 3722 succedat,
1455 3660 1507 3713 et
1528 3652 1808 3713 succedere
1833 3652 1927 3712 de-

387 3744 542 3804 beat:
566 3743 845 3823 contigit,
869 3749 938 3805 ut
959 3743 1157 3806 adhuc
1187 3744 1428 3807 vivente
1454 3745 1797 3819 Testatrice,
1827 3746 1927 3807 de-

389 3837 631 3906 cesserit
652 3836 1004 3899 Franciscus
1030 3838 1223 3900 Maria
1248 3839 1458 3902 haeres
1477 3840 1806 3912 institutus,
1836 3857 1927 3901 ca-

382 3927 716 4008 ducatoque
735 3948 841 4008 per
860 3929 1132 3992 haeredis
1153 3932 1595 4010 praedecessum
1614 3939 1926 3994 testamen-

384 4026 447 4081 to
467 4065 485 4095 ,
516 4021 851 4085 haereditas
878 4023 953 4085 ad
990 4024 1257 4086 Blasium
1286 4025 1479 4087 filium
1511 4025 1821 4088 devenerit
1847 4027 1927 4088 ah

384 4112 664 4177 intestato
688 4136 827 4178 cum
855 4116 1224 4198 obligatione
1267 4127 1466 4182 tamen
1507 4119 1714 4199 vigore
1759 4118 1925 4182 clau-

382 4206 551 4269 sulae
575 4207 934 4270 codicillaris
964 4211 1269 4290 appositae
1299 4212 1363 4274 in
1388 4219 1740 4277 testamento
1762 4215 1927 4276 Mar-

386 4299 528 4362 thae
550 4347 564 4368 .
596 4300 942 4363 restituendi
972 4302 1402 4367 haereditatem
1431 4305 1795 4386 Hippolytae
1821 4354 1838 4381 ,
1868 4315 1929 4371 et

386 4392 617 4456 Mariae
636 4392 999 4455 haeredibus
1036 4398 1260 4460 vocatis
1295 4406 1430 4478 post
1469 4398 1703 4460 obitum
1732 4401 1924 4462 Fran-

381 4486 519 4550 cisci
545 4487 773 4549 Mariae
795 4488 1241 4567 praedefuncti,
1278 4501 1339 4554 et
1360 4498 1594 4554 retenta
1626 4501 1858 4556 tantum
1890 4515 1925 4557 a

383 4579 583 4642 Blasio
640 4579 906 4662 legitima
931 4629 948 4652 ,
991 4599 1148 4661 quae
1189 4584 1246 4645 ei
1288 4584 1488 4647 debita
1525 4592 1614 4648 est
1650 4585 1716 4648 in
1755 4588 1930 4650 honis

388 4672 633 4737 Matris.
1064 4719 1077 4738 .

498 4765 706 4828 Stante
736 4764 1123 4829 haereditatis
1153 4768 1445 4832 tenuitate
1470 4815 1490 4844 ,
1534 4789 1692 4851 quae
1726 4772 1927 4834 detra-

379 4859 488 4922 ctis
524 4859 908 4922 detrahendis
935 4907 951 4935 ,
991 4861 1256 4924 ascendit
1296 4863 1372 4925 ad
1402 4864 1659 4945 capitale
1700 4874 1921 4927 scutor.

380 4957 478 5015 91.
512 4954 749 5017 circiter
774 5001 791 5024 ,
823 4953 1153 5037 Hippolyta
1170 5001 1188 5029 ‚
1217 4963 1277 5019 et
1298 4956 1494 5020 Maria
1516 4957 1801 5020 haeredes
1827 4959 1924 5020 in-

379 5048 620 5110 stitutae
646 5094 662 5120 ,
687 5055 748 5109 et
784 5046 947 5110 filiae
971 5048 1151 5112 Blasii
1186 5049 1619 5113 haereditatem
1647 5051 1924 5114 Marthae

380 5148 684 5221 acceptare
715 5151 1030 5217 recusant,
1079 5153 1137 5206 et
1161 5145 1440 5224 quamvis
1468 5145 1659 5208 dictus
1688 5147 1921 5208 Blasius

379 5244 639 5309 asserat,
663 5254 728 5296 se
753 5255 829 5298 ex
854 5237 1242 5299 caducatione
1268 5240 1626 5302 Testamenti
1658 5240 1919 5321 potuisse

376 5326 637 5390 excitare
653 5331 1116 5394 controversiam
1147 5351 1327 5414 super
1345 5334 1731 5397 caducatione
1751 5334 1913 5416 lega-

2063 830 2412 909 gregatione
2466 828 2928 893 declarationem
2979 832 3345 912 quaesiverit
3370 879 3389 909 ‚
3441 836 3608 916 quod

2064 920 2327 1003 legatum
2356 924 2676 986 Missarum
2707 943 2824 985 non
2854 936 3004 988 esset
3048 934 3402 1007 perpetuum
3433 975 3450 1002 ,
3497 930 3603 992 sed

2065 1017 2401 1079 restrictum
2435 1018 2512 1080 ad
2547 1018 2733 1081 vitam
2763 1018 3091 1082 haeredum
3117 1065 3134 1094 ,
3166 1022 3341 1103 juxta
3372 1043 3605 1086 morem

2062 1110 2351 1190 scriptum
2401 1109 2518 1173 fuit
2560 1111 2851 1193 Episcopo
2880 1133 2989 1193 pro
3034 1113 3500 1191 informatione,
3547 1124 3608 1180 et

2064 1211 2205 1266 voto
2228 1247 2244 1263 .

2179 1298 2545 1378 Supervenit
2599 1299 2873 1380 Episcopi
2924 1299 3271 1365 informatio
3294 1348 3313 1375 ,
3366 1303 3429 1365 in
3481 1324 3605 1385 qua

2062 1399 2193 1471 post
2218 1399 2570 1455 enarratum
2612 1392 2836 1457 factum
2887 1413 3026 1457 mox
3075 1396 3433 1459 recensitum
3455 1443 3472 1467 ,
3518 1400 3605 1461 sic

2059 1485 2392 1547 concludit:
2437 1485 2593 1547 Licet
2634 1498 2823 1549 autem
2866 1491 2930 1548 in
2979 1491 3261 1568 praesenti
3311 1490 3604 1554 Testatriae

2059 1581 2411 1641 mandaverit
2439 1580 2652 1643 Missas
2681 1584 2952 1645 celebrari
2975 1584 3102 1665 fieri
3138 1586 3203 1645 in
3223 1597 3556 1666 perpetuum
3577 1633 3595 1662 ,

2056 1675 2428 1734 nihilominus
2470 1694 2609 1736 onus
2635 1679 2996 1739 restria-visse
3030 1679 3255 1740 videtur
3292 1681 3370 1741 ad
3406 1683 3599 1760 infra-

2056 1769 2289 1847 scriptos
2311 1768 2567 1831 haeredes
2593 1813 2612 1841 ,
2646 1772 2748 1847 qui
2772 1772 3056 1833 nonunati
3081 1772 3353 1850 fuerunt,
3383 1783 3435 1834 st
3466 1777 3601 1854 qui·

2054 1860 2155 1921 bus
2175 1864 2374 1922 nullus
2396 1863 2563 1925 datus
2584 1864 2699 1941 fuit
2719 1865 3078 1934 substitutus,-
3100 1867 3247 1928 unde
3278 1868 3405 1929 lieet
3430 1868 3595 1947 lavor

2054 1956 2182 2034 piae
2209 1975 2410 2017 causae
2434 1957 2544 2018 late
2573 1958 2746 2020 soleat
2772 1960 3140 2039 interpretari
3160 2004 3180 2033 ,
3223 1961 3596 2024 nihilominus

2050 2050 2187 2125 quia
2208 2049 2495 2129 dispositio
2515 2052 2775 2112 restricta
2790 2051 2904 2130 suit
2920 2052 2997 2113 ad
3014 2071 3276 2132 perenm
3293 2055 3596 2118 haeredum

2047 2144 2489 2218 nominatorum,
2510 2145 2807 2223 expectabo
2826 2147 3126 2208 oraculum
3146 2144 3287 2209 ER.
3323 2144 3445 2209 Vr.
3467 2152 3594 2228 qui-

2048 2238 2149 2297 bus
2175 2247 2416 2317 potestas
2457 2248 2535 2300 est
2575 2239 2992 2321 interpretandi
3018 2259 3305 2321 supremas
3328 2244 3600 2306 volunta-⁶

2050 2339 2158 2392 tes.

2164 2425 2409 2488 Praeter
2429 2424 2915 2490 informationem
2942 2426 3251 2491 Ordinarii
3269 2469 3288 2502 ,
3319 2447 3427 2509 per
3467 2438 3594 2495 ma·‘

2048 2537 2165 2580 nus
2182 2517 2605 2582 circumfertur
2631 2520 2952 2600 scriptura,
2980 2520 3048 2583 in
3074 2540 3199 2602 qua
3225 2523 3585 2596 ostenditur,

2048 2613 2235 2675 verba
2259 2613 2600 2676 Testatricis
2625 2612 2807 2677 fuisse
2827 2614 3052 2679 directa
3075 2615 3155 2678 ad
3184 2614 3493 2691 heredes,
3525 2626 3589 2681 et

2044 2706 2130 2769 sic
2179 2707 2467 2771 denotare
2511 2708 2996 2790 personalitatem
3017 2754 3037 2786 ,
3081 2716 3144 2774 et
3190 2711 3576 2776 Testatricem

2045 2799 2348 2881 loquendo
2364 2803 2430 2864 de
2445 2803 2829 2885 infrascriptis
2851 2804 3198 2880 Maudio-rs,
3219 2805 3584 2870 intellexisse

2046 2894 2122 2956 de
2173 2893 2336 2969 illis,
2378 2896 2484 2977 qui
2516 2896 2707 2960 oculis
2732 2898 3036 2979 corporeis
3062 2898 3182 2980 legi
3208 2906 3484 2981 poterant
3517 2902 3585 2965 in

2045 3007 2154 3049 suo
2190 2990 2602 3065 Testamento‚
2653 2991 2797 3055 hinc
2842 2991 3153 3056 inferendo
3180 3038 3199 3066 ,
3251 3013 3583 3076 numquam

2043 3081 2158 3144 dici
2186 3102 2375 3165 posse,
2396 3086 2559 3166 quod
2581 3104 2734 3148 onus
2754 3084 3073 3149 Missarum
3098 3086 3177 3149 sit
3199 3097 3576 3169 perpetuum,

2042 3198 2181 3243 cum
2215 3181 2471 3243 verbum
2496 3180 2647 3242 illud
2689 3183 2756 3242 in
2790 3191 3121 3261 perpetuum
3145 3190 3477 3244 coarctetur
3502 3185 3582 3246 ab

2043 3274 2181 3337 aliis
2206 3293 2309 3356 per
2333 3276 2729 3355 infrascriptos
2755 3277 2875 3351 ejus
2901 3275 3189 3346 haeredes,
3232 3275 3296 3338 in
3330 3295 3454 3357 quo
3495 3296 3587 3340 re-

2041 3389 2179 3431 rum
2209 3367 2471 3430 themate
2497 3366 2862 3448 perpetuitas
2889 3384 3012 3427 nou
3050 3368 3396 3430 extenditur
3421 3369 3582 3433 ultra

2039 3462 2231 3524 vitam
2279 3459 2606 3523 haeredum
2651 3459 3007 3540 scriptorum
3036 3480 3054 3533 3
3100 3459 3445 3525 nullatenus
3476 3481 3583 3525 ur-

2038 3562 2215 3636 gente
2241 3553 2446 3616 favore
2474 3554 2611 3634 piae
2636 3571 2872 3624 causae,
2902 3573 3041 3616 cum
3070 3553 3173 3617 ille
3199 3565 3481 3637 operetur
3505 3558 3585 3619 ad

2035 3667 2342 3710 summum
2362 3647 2429 3709 in
2458 3646 2661 3724 dubiis
2683 3692 2701 3721 ,
2735 3666 2857 3708 non
2883 3647 2948 3709 in
2967 3647 3149 3711 claris
3168 3694 3186 3723 ‚
3215 3657 3276 3711 et
3298 3649 3457 3731 juris
3487 3669 3586 3711 so-

2033 3741 2373 3804 lemnitates
2390 3739 2688 3822 suppleat,
2718 3740 2818 3802 sed
2850 3740 3219 3804 intellectum
3251 3743 3580 3805 verborum

2035 3855 2158 3898 non
2192 3836 2549 3916 detorqueat
2586 3834 2663 3898 ad
2694 3854 2934 3898 sensum
2962 3854 2999 3898 a
3030 3844 3228 3898 mente
3258 3837 3582 3900 Testatoris

2033 3928 2306 3993 alienum
2327 3971 2345 3990 .

2145 4023 2383 4098 Quibus
2412 4023 2744 4095 stantibus,
2774 4022 3130 4103 quaeritur:

2148 4117 2246 4176 An
2298 4115 2573 4195 Leqatum
2605 4116 2894 4177 duodecim
2918 4116 3240 4179 Missurum
3284 4117 3361 4176 sit
3385 4117 3585 4177 restri-

2029 4219 2182 4271 etum
2203 4210 2280 4272 ad
2305 4212 2484 4271 vitam
2513 4210 2813 4272 hanedum
2832 4257 2851 4281 ,
2883 4211 2972 4272 vel
2990 4228 3184 4270 eorum
3204 4210 3381 4271 vitam
3412 4229 3581 4290 prae·

2028 4306 2412 4385 eerqrediatur
2435 4352 2454 4376 ,
2486 4314 2538 4366 et
2558 4305 2634 4366 sit
2658 4323 2853 4366 revera
2875 4315 3208 4386 perpetuum
3235 4305 3301 4365 in
3318 4323 3455 4366 casu
3475 4315 3577 4367 ete.

2140 4496 2293 4547 Sacra
2313 4494 2514 4563 congr.
2532 4493 2620 4547 die
2644 4493 2728 4546 18.
2753 4493 3082 4564 Septembris
3103 4493 3265 4549 172³.
3291 4494 3586 4563 respondi&

2214 4582 2310 4637 Ad
2326 4581 2567 4652 primam
2587 4581 2744 4635 dubii
2760 4594 2975 4652 partem
3001 4581 3264 4651 negative.
3293 4581 3390 4635 Ad
3406 4599 3593 4636 saeua·

2037 4668 2163 4724 dam
2189 4668 2527 4739 qfflnnative
2539 4710 2551 4722 .

2410 4862 2770 4937 QUAESTIO
2828 4861 3218 4927 CCCXLVII.

2188 5049 2262 5112 In
2297 5047 2492 5114 Causa
2522 5049 2866 5111 Bononiensi
2891 5047 3115 5111 Indulti
3137 5094 3157 5124 ,
3202 5050 3292 5111 die
3333 5054 3428 5111 18.

2538 5145 2880 5226 Septembris
2914 5149 3087 5207 1723.

2024 5279 2332 5396 Celebris
2375 5333 2650 5415 quaestio
2696 5334 2771 5394 de
2815 5332 3135 5395 Canonicis
3183 5330 3593 5414 Regularibus

376 5420 421 5483 ti
450 5468 468 5492 ,
515 5440 634 5483 non
661 5423 934 5486 obstante
957 5472 973 5498 ,
1008 5428 1169 5507 quod
1200 5428 1368 5509 pium
1409 5429 1523 5504 sit,
1548 5437 1607 5492 ct
1635 5431 1911 5511 respiciat
2021 5426 2292 5492 Ordinis
2325 5425 2758 5492 Lateranensis
2786 5426 3160 5491 assumendis
3181 5473 3201 5499 ,
3229 5425 3323 5490 vel
3355 5444 3475 5487 nou
3497 5442 3594 5487 as-

784 5546 989 5587 nnnnn.
1031 5548 1146 5589 xxv.
1184 5549 1329 5588 rou.
1369 5538 1479 5593 ΧΠ.

3113 5539 3186 5591 88
