4393 6299
1612 539 2081 609 QUAESTIO
2142 536 2301 595 xvn.
3325 540 3395 593 ιτ

376 702 487 757 tam
513 693 971 767 Saecularium,
1002 712 1184 775 quam
1228 692 1617 774 Regularium
1652 693 1922 755 suturam

370 810 488 851 esse
522 809 646 850 non
689 789 971 850 inutilem
1000 807 1109 867 pro
1150 788 1491 849 animorum
1523 787 1751 848 unione
1774 788 1920 869 jux-

2144 693 2241 753 An
2266 694 2332 752 in
2372 710 2541 763 casu,
2573 691 2638 753 de
2686 711 2795 771 quo
2838 693 3067 771 aqitur,
3105 692 3438 773 permissum
3466 710 3576 753 esse

2024 789 2210 848 valeat
2229 787 2505 868 Episcopo
2525 788 2839 847 concedenti
2862 784 3257 847 Sacerdotibus
3281 786 3580 864 Requlari-

330 948 340 957 ,
371 894 427 945 ta
460 903 528 944 ea
548 932 565 954 ,
625 902 786 963 quae
816 882 1117 943 habentur
1168 881 1228 942 in
1257 881 1405 943 actis
1447 879 1745 944 Ecclesiae
1800 881 1921 943 Me-
2028 883 2126 941 hus
2148 883 2476 958 sancitatem
2498 882 2771 942 audiendi
2795 880 3153 958 consessiones
3173 882 3575 954 saecularium,

368 976 736 1038 diolanensis
775 984 937 1037 tomo
976 980 1030 1036 1.
1082 995 1210 1055 par.
1249 980 1307 1035 4.
1345 976 1409 1035 in
1443 975 1722 1036 instruct.
1762 975 1917 1037 Con-

368 1070 503 1130 feSS.
538 1090 677 1150 pag.
703 1074 842 1130 647.
866 1070 996 1129 Ideo
1016 1070 1386 1147 Reqularium
1415 1066 1744 1148 Superiores
1767 1068 1916 1128 Con-

365 1165 588 1240 fessores
614 1185 741 1224 suos
772 1168 993 1244 saepius
1019 1175 1307 1233 moneant,
1334 1174 1385 1224 et
1425 1165 1500 1224 ad
1533 1165 1677 1225 hanc
1696 1166 1918 1225 animo-

366 1280 495 1319 rum
518 1263 785 1321 unionem
809 1261 873 1319 in
895 1259 947 1319 F
944 1260 1175 1319 idatium
1212 1259 1594 1339 aedificatione
1617 1258 1916 1319 adhorten-

368 1365 464 1414 tur
482 1403 496 1425 ,
544 1365 850 1433 curentque
874 1356 938 1413 in
958 1356 1158 1434 primis
1183 1402 1201 1425 ,
1233 1365 1295 1414 ut
1322 1356 1457 1415 dum
1482 1357 1546 1413 in
1567 1373 1799 1414 casuum
1836 1373 1920 1415 re·

365 1450 640 1507 solutione
669 1449 893 1507 diversa
925 1449 1074 1508 inter
1112 1467 1228 1518 eos,
1260 1458 1312 1508 et
1341 1447 1622 1509 Parachos
1646 1449 1920 1509 sententia

366 1542 543 1614 [uerit
557 1585 575 1615 ,
597 1542 905 1621 prudenter
923 1543 988 1601 in
1009 1561 1093 1603 eos
1113 1561 1168 1602 se
1188 1553 1386 1620 qerant
1403 1588 1421 1616 ,
1445 1544 1588 1603 etad
1617 1541 1920 1604 Laicorum

366 1641 633 1700 notitiam
659 1638 723 1697 id
753 1657 868 1697 non
892 1639 1111 1708 veniat,
1143 1639 1237 1699 sed
1265 1638 1342 1698 ad
1372 1657 1471 1698 nos
1513 1658 1616 1718 pro
1650 1639 1920 1699 decisione

365 1744 690 1796 recurrant.

486 1828 814 1909 Negativae
831 1837 1093 1891 econtra
1111 1827 1317 1891 favent
1342 1827 1613 1908 opinioni
1637 1847 1707 1889 ea
1724 1875 1737 1896 ,
1766 1847 1922 1907 quae

374 1933 748 2005 sequuntur-3
780 1924 977 2004 primo
999 1922 1162 2003 quod
1182 1922 1509 2003 Episcopus
1526 1922 1922 1986 Confessario-

377 2039 515 2079 rum
541 2017 930 2098 Regularium
953 2017 1289 2079 doctrinam
1310 2026 1675 2098 perspectam
1699 2018 1923 2079 babere

376 2121 561 2191 potest
576 2112 641 2171 in
664 2111 964 2184 examine,
983 2110 1143 2191 quod
1169 2111 1414 2171 illorum
1427 2109 1923 2190 approbationem

380 2207 678 2287 praecedit
697 2207 773 2268 ad
806 2205 1095 2268 terminos
1121 2205 1288 2268 Sacri
1312 2205 1563 2267 Concilii
1586 2205 1924 2268 Tridentini

371 2323 500 2363 sess.
533 2307 632 2363 23.
676 2322 802 2382 cap.
837 2307 931 2363 15.
966 2302 1031 2362 de
1066 2302 1292 2378 reform.
1329 2301 1632 2381 Secundo,
1665 2300 1828 2381 quod
1860 2300 1922 2361 in

376 2399 642 2460 Decretis
672 2416 781 2478 pro
809 2396 1255 2459 Reformatione
1289 2396 1678 2478 Regularium
1703 2441 1719 2468 ,
1752 2395 1927 2457 editis

376 2513 412 2554 a
440 2492 744 2554 Clemente
765 2488 936 2552 VIII.
961 2492 1423 2572 praescribitur,
1449 2491 1610 2571 quod
1638 2491 1697 2551 in
1728 2491 1927 2570 singu-

372 2588 451 2650 lis
490 2587 903 2660 Monasteriis,
937 2598 996 2649 et
1022 2586 1431 2648 Conventibus
1455 2585 1561 2654 ⁴bis
1592 2585 1655 2646 in
1701 2584 1927 2646 bebdo-

376 2684 553 2745 mada
586 2683 885 2745 habeatur
924 2681 1099 2745 lectio
1136 2682 1355 2744 Sacrae
1392 2680 1736 2760 Scripturae
1759 2725 1776 2753 ,
1832 2681 1922 2743 vel

374 2777 639 2840 Casuum
667 2775 1106 2849 Conscientiae,
1139 2776 1213 2838 ad
1235 2793 1419 2855 quam
1445 2774 1685 2836 Fratres
1722 2794 1929 2836 omnes

372 2873 703 2935 convenire
727 2878 1009 2933 tenentur
1034 2916 1050 2931 .
1083 2870 1309 2942 Tertio,
1340 2869 1503 2950 quod
1525 2869 1624 2931 hic
1647 2868 1712 2930 in
1742 2869 1925 2945 Urbe,

376 2968 440 3029 in
474 2968 677 3029 decem
702 2975 761 3028 et
793 2976 1017 3046 septem
1051 2964 1460 3027 Conventibus
1486 2962 1641 3028 fiunt
1668 2965 1928 3045 Congre-

372 3063 645 3143 gationes
675 3063 935 3123 Casuum
965 3060 1376 3122 Conscientiae
1397 3106 1416 3133 ,
1463 3059 1707 3140 illisque
1740 3060 1927 3121 inter-

373 3159 633 3220 veniunt
684 3156 931 3218 Pau-ochi
986 3156 1400 3218 tantummodo
1423 3205 1440 3228 ‚
1473 3163 1534 3218 et
1570 3155 1926 3218 Confessarii

374 3272 452 3315 ex
486 3252 663 3315 Clero
695 3250 1033 3323 Saeculari,
1065 3259 1123 3312 et
1156 3249 1482 3331 Regulares
1505 3295 1521 3323 ‚
1566 3249 1629 3310 in
1668 3269 1956 3336 quorum·

374 3346 788 3409 Conventibus
814 3345 1153 3425 praedictae
1180 3343 1438 3406 Casuum
1483 3343 1791 3405 Lectiones
1818 3343 1927 3406 ha·

374 3442 630 3506 bentur.
677 3441 909 3515 Quarto
937 3440 1177 3502 tandem
1206 3488 1222 3511 ‚
1266 3439 1428 3519 quod
1479 3438 1558 3499 ab
1598 3439 1711 3501 hac
1749 3440 1929 3502 Sacra

378 3537 564 3618 Cong.
598 3537 698 3599 die
731 3541 824 3597 12.
859 3535 1003 3617 Maji
1033 3539 1206 3595 1688.
1257 3534 1345 3594 uti
1371 3532 1630 3595 habetur
1657 3534 1766 3595 lib.
1810 3536 1927 3596 De-

378 3638 682 3693 cretorum
704 3635 801 3690 35.
836 3628 941 3691 fol.
975 3633 1114 3689 238.
1141 3626 1366 3708 prodiit
1387 3626 1533 3688 haec
1557 3627 1840 3689 resolutio
1865 3628 1929 3688 in

383 3725 647 3804 quadam
689 3723 879 3785 Causa
936 3722 1497 3801 Forosempronien.
1549 3740 1814 3782 accessus
1852 3722 1927 3783 ad

384 3818 912 3899 Congregationem
938 3817 1195 3879 Casuum
1221 3817 1648 3878 Conscientiae.

498 3914 813 3992 Episcopus
827 3913 1060 3990 exponit
1073 3913 1137 3970 in
1158 3911 1403 3972 Ciuitate
1420 3910 1467 3970 F
1463 3913 1926 3993 orosempronicn.

384 4009 491 4068 duo
514 4009 701 4069 adesse
750 4007 1125 4084 Reqularium
1157 4004 1465 4077 Coenobia‚
1514 4026 1693 4067 unum
1721 4009 1931 4068 scilicet

384 4102 682 4163 Minorum
710 4100 1183 4161 Conventualium
1206 4099 1412 4161 Sancti
1436 4100 1727 4162 Francisci
1740 4148 1757 4173 ,
1785 4103 1932 4163 alte-

384 4216 509 4256 rum
547 4216 677 4257 cero
716 4196 1172 4256 Barnabitarum
1190 4243 1204 4265 ‚
1236 4216 1378 4270 quae
1406 4206 1630 4274 propter
1659 4199 1931 4274 antiquum

384 4290 791 4369 Reliqiosorum
816 4308 1113 4349 numerum
1138 4291 1285 4348 inibi
1312 4291 1626 4368 degentium
1644 4338 1658 4359 ,
1686 4292 1933 4370 subjecta

382 4394 514 4445 sunt
541 4383 937 4462 jurisdictioni
973 4380 1280 4443 Ordiuorii
1318 4402 1392 4443 ex
1431 4382 1659 4444 Decreto
1709 4394 1933 4446 sanctae

380 4499 545 4539 mem.
591 4477 907 4537 Innocentii
935 4476 1042 4537 XI.
1097 4477 1363 4556 incipien,
1400 4485 1468 4538 ut
1513 4476 1577 4538 in
1611 4478 1843 4558 parvis,
1881 4489 1934 4540 et

385 4573 512 4632 iicet
537 4571 678 4632 dicti
702 4571 973 4648 Reliqiosi
1001 4571 1321 4649 hujusmodi
1346 4571 1734 4647 subjectionem
1756 4592 1932 4651 aquo-

380 4675 540 4725 scant
561 4712 577 4735 ,
608 4674 775 4742 atque
791 4667 1093 4744 patiantur
1109 4712 1126 4734 ,
1157 4666 1259 4743 qui
1282 4675 1467 4725 tamen
1486 4682 1560 4725 ex
1582 4666 1658 4725 eis
1678 4668 1933 4728 saecula-

382 4762 537 4819 rium
568 4757 976 4836 Confessiones,
1010 4760 1191 4819 eodem
1217 4756 1534 4820 Ordinario
1552 4761 1893 4839 approbante
1912 4806 1929 4834 ,

380 4855 716 4932 excipiunt,
742 4854 818 4915 ad
844 4852 892 4913 C
891 4855 1339 4932 onqreqationem
1369 4851 1622 4915 Casuum
1643 4851 1933 4916 Conscien-

385 4950 498 5007 tiae
519 4992 537 5019 ‚
562 4966 705 5025 quae
721 4949 961 5025 sinqulis
986 4947 1259 5007 mensibus
1279 4947 1515 5007 habetur
1531 4994 1547 5017 ,
1569 4947 1769 5025 cuique
1790 4945 1934 5008 Con-

382 5042 608 5119 fessarii
635 5060 817 5101 omnes
844 5043 1157 5110 intersunt,
1207 5039 1457 5100 accedere
1500 5048 1783 5107 renuunt:
1826 5061 1935 5118 quo

382 5138 535 5197 circa
575 5138 715 5216 petit
744 5137 1058 5204 declarari,
1089 5154 1167 5194 an
1210 5134 1518 5212 praedictos
1553 5131 1933 5212 Confessarios

385 5230 691 5310 Regulares
711 5250 896 5309 coqere
912 5232 1083 5310 possit
1103 5229 1179 5290 ad
1198 5228 1631 5288 interessendum
1643 5228 1933 5307 praefatae

389 5323 826 5404 Conqreqationi
856 5323 1109 5386 Casuum
1153 5321 1567 5393 Conscientiae,·
1609 5319 1796 5383 Sacra
1828 5331 1929 5382 etc.

384 5421 666 5500 respondit
694 5421 966 5497 neqatite.

499 5513 612 5575 His
639 5513 875 5594 positiS,
902 5510 1217 5593 quaeritur

2026 977 2318 1054 injunqere
2369 985 2435 1036 ut
2476 978 2739 1037 intersint
2764 973 3299 1055 Conqreqationibus
3328 974 3581 1037 Casuum

2028 1069 2433 1132 Conscientiae.

2134 1263 2277 1313 Sacr.
2305 1262 2497 1329 Congr.
2528 1260 2806 1329 respoudit
2826 1299 2839 1324 ,

2206 1350 2468 1418 Negatioe
2491 1387 2505 1412 ,
2532 1362 2584 1400 et
2607 1349 2766 1401 detur
2788 1352 3081 1403 Decretum
3109 1350 3165 1402 in
3194 1353 3579 1421 Forosempro·

2022 1438 2167 1491 nien.
2200 1439 2288 1492 ¹2.
2316 1436 2464 1506 Masi
2489 1438 2646 1490 1688.

2496 1647 2857 1723 QUAESTIO
2889 1648 3120 1711 XVIII.

2028 1837 2099 1899 In
2122 1837 2318 1900 Causa
2335 1834 2599 1909 Nullius,
2621 1858 2717 1899 seu
2743 1838 3105 1918 Vesprimien.
3128 1838 3581 1910 Jurisdictione’s,

2484 1933 2576 1994 die
2606 1936 2701 1993 12.
2732 1932 2923 1994 Mart.
2954 1936 3128 1994 17¹8.

2032 2057 2397 2200 collegiata
2424 2120 2685 2182 Ecclesia
2710 2122 2927 2182 Beatae
2947 2121 3178 2183 Mariae
3205 2120 3476 2204 Virginis
3508 2121 3585 2182 de

2032 2212 2186 2278 Alba
2217 2214 2422 2294 Regali
2474 2216 2766 2278 Dioccesis
2794 2215 3195 2295 vesprimien.
3228 2216 3346 2279 fuit
3392 2217 3580 2280 variis

2034 2310 2311 2372 decorata
2334 2310 2672 2391 Privilegiis
2695 2330 2728 2372 a
2759 2311 3023 2373 Summis
3048 2311 3442 2373 Pontificibus
3459 2358 3476 2384 ,
3505 2319 3576 2375 ut

2032 2422 2109 2465 ex
2148 2404 2245 2465 bis
2264 2451 2279 2474 ,
2310 2422 2468 2483 quae
2503 2424 2643 2465 mox
2663 2405 2938 2466 dicentur
2964 2450 2981 2479 ,
3009 2404 3210 2487 colligi
3234 2414 3445 2486 potest.

2150 2496 2424 2558 Clemens
2451 2498 2672 2569 etenim
2705 2498 2864 2577 Papa
2905 2499 3143 2560 Tertius
3185 2519 3319 2561 eam
3358 2497 3584 2579 recepit

2033 2590 2147 2650 sub
2196 2590 2565 2669 protectione
2614 2591 2810 2652 Sancti
2851 2591 3007 2652 Petri
3035 2637 3050 2663 ,
3093 2593 3424 2672 statuitque
3450 2640 3465 2663 ,
3514 2598 3584 2654 ut

2034 2684 2190 2746 bona
2216 2731 2231 2755 ,
2258 2691 2318 2746 et
2329 2685 2468 2767 jura
2488 2704 2525 2747 a
2549 2685 2892 2766 Praeposito
2917 2731 2933 2757 ,
2959 2695 3018 2748 et
3038 2686 3356 2750 Canonicis
3381 2686 3585 2768 acqui-

2034 2778 2146 2840 sita
2172 2826 2188 2848 ‚
2227 2784 2287 2839 et
2313 2777 2677 2859 acquirenda
2696 2825 2713 2850 ,
2737 2777 2914 2841 firma
2934 2780 3095 2859 apud
3127 2780 3285 2860 ipsos
3311 2798 3584 2843 remane-

2035 2881 2206 2946 rent,
2264 2884 2334 2935 ut
2385 2882 2622 2955 praeter
2666 2876 2931 2957 Papam,
2973 2876 3223 2956 ejusque
3253 2876 3328 2938 de
3371 2877 3586 2939 Latere

2039 2968 2360 3050 Legatum,
2395 2989 2570 3031 nemo
2596 2969 2833 3031 eosdem
2877 2970 3296 3050 suspenderet,
3331 2969 3586 3032 interdi·

2034 3072 2224 3138 ceret,
2253 3071 2360 3126 aut
2384 3065 2959 3135 excommunicaret,
2991 3072 3060 3127 ut
3086 3066 3293 3128 nullus
3334 3066 3586 3128 Archie-

2038 3158 2334 3238 piscopus,
2367 3159 2463 3220 vel
2491 3159 2838 3241 EpiscopuS‚
2869 3161 3079 3222 Missas
3105 3161 3171 3221 in
3198 3161 3354 3223 dicta
3382 3160 3589 3223 Eccle·
3665 3213 3674 3222 .

2034 3252 2121 3315 sia
2142 3252 2447 3315 celebrare
2468 3262 2684 3333 posset,
2707 3253 2821 3314 nisi
2842 3273 2878 3315 a
2902 3254 3246 3333 Praeposito
3268 3252 3583 3328 invitatus,

2037 3353 2105 3408 ut
2132 3347 2374 3408 demum
2401 3347 2780 3427 Praepositus
2797 3393 2813 3419 ,
2838 3356 2897 3408 et
2923 3347 3137 3408 Clerici
3168 3346 3432 3409 chrisma
3455 3395 3471 3417 ‚
3524 3352 3588 3408 et

2036 3440 2253 3502 Oleum
2298 3440 2581 3504 Sanctum
2602 3449 2629 3513 ,“
2657 3440 3141 3504 Consecrationes
3158 3441 3458 3503 Altarium
3478 3486 3495 3515 ,
3526 3451 3588 3505 et
3658 3448 3661 3451 ’

2036 3532 2430 3597 Basilicarum
2460 3581 2475 3607 ,
2518 3547 2576 3596 et
2600 3535 2811 3597 Sacros
2838 3535 3096 3597 Ordines
3122 3556 3158 3598 a
3188 3536 3405 3616 quovis
3432 3535 3587 3599 reci-

2035 3648 2178 3707 pere
2212 3630 2450 3692 valeant
2473 3629 2782 3702 Antistite‚
2808 3630 2914 3710 qui
2963 3630 3447 3695 communionem
3474 3630 3588 3694 ha·
3665 3637 3674 3648 '

2035 3724 2205 3786 beret
2229 3744 2365 3786 cum
2390 3724 2541 3786 Sede
2565 3724 2924 3804 Apostolica.

2157 3817 2427 3897 Insignia
2454 3817 2601 3879 haec
2634 3817 2954 3899 privilegia
2988 3824 3229 3899 propter
3258 3818 3587 3881 nonnullo·

2039 3931 2174 3973 rum
2198 3910 2664 3973 Ordinatiorum
2705 3912 3016 3974 audaciam
3042 3958 3058 3983 ,
3090 3913 3197 3993 qui
3221 3913 3585 3993 jurisdictio·

2037 4026 2172 4066 nem
2198 4025 2475 4067 exercere
2499 4015 3027 4085 praesumpserunt
3048 4007 3112 4068 in
3136 4006 3548 4086 Praepositum
3567 4055 3583 4078 ,

2040 4108 2099 4161 et
2142 4098 2508 4173 Canonicos,
2540 4098 2887 4179 aliqualiter
2918 4099 3270 4163 labefactata
3298 4099 3585 4175 fuerunt3

2037 4192 2340 4273 hujusque
2374 4192 2460 4253 rei
2510 4192 2851 4274 cognitione
2896 4193 3093 4256 delata
3144 4194 3219 4256 ad
3269 4193 3591 4255 Summum

2039 4285 2384 4348 Pontificem
2429 4285 2801 4348 Bonifacium
2838 4285 3170 4361 Octavum,
3216 4287 3437 4349 nedum
3480 4287 3588 4350 ille

2040 4381 2423 4443 confirmavit
2448 4380 2838 4460 Privilegium
2868 4382 3223 4457 Clementis,
3245 4381 3347 4444 sed
3372 4381 3595 4443 clarius

2039 4472 2188 4535 illud
2216 4475 2570 4555 explicando
2593 4520 2609 4548 ,
2639 4475 2925 4538 liberavit
2947 4476 3272 4539 Ecclesiam
3296 4523 3316 4551 ,
3359 4478 3594 4538 Posses·

2037 4569 2255 4642 sioneS,
2278 4568 2503 4642 villas,
2525 4578 2585 4630 et
2607 4568 2810 4631 Castra
2832 4569 2904 4630 ad
2930 4570 3182 4631 eandem
3203 4569 3592 4650 pertinentia,

2039 4664 2118 4724 ab
2159 4663 2322 4724 omni
2355 4663 2494 4744 jure
2536 4663 2980 4745 Archiepiscopi
3013 4663 3440 4746 strigoniensis
3463 4712 3480 4734 ,
3528 4672 3590 4726 et

2040 4758 2317 4838 Episcopi
2353 4757 2816 4837 vesprimiensis
2838 4803 2855 4832 ‚
2882 4777 3074 4840 eaque
3116 4758 3447 4820 declaravit
3476 4758 3593 4819 im-

2040 4850 2298 4911 mediate
2344 4852 2610 4932 subjecta
2653 4851 2881 4931 Papae,
2929 4859 3037 4913 aut
3081 4852 3210 4932 ejus
3260 4849 3334 4911 de
3380 4852 3596 4913 Latere

2044 4945 2264 5026 Legato
2282 4992 2299 5016 ,
2325 4944 2584 5007 exclusis
2604 4945 2739 5007 aliis
2762 4946 3011 5007 caeteris
3027 4994 3043 5016 ‚
3064 4953 3123 5007 et
3142 4945 3450 5026 signanter
3472 4944 3590 5019 bis,

2040 5037 2145 5117 qui
2171 5039 2585 5119 praerogativa
2615 5039 2820 5120 Legati
2850 5040 2984 5102 Nati
3018 5039 3378 5119 potirentur.

2158 5133 2395 5195 Similia
2417 5153 2556 5214 erga
2583 5133 2972 5215 Collegiatam
3003 5134 3329 5195 Ecclesiam
3377 5135 3595 5198 Beatae

2039 5226 2269 5289 Mariae
2290 5225 2563 5306 Virginis
2589 5226 2663 5287 de
2712 5227 2866 5288 Alba
2899 5227 3106 5308 Regali
3137 5229 3420 5306 praestita
3463 5227 3594 5289 fue-

2040 5330 2184 5382 runt
2215 5339 2252 5382 a
2287 5319 2551 5381 Martino
2585 5321 2815 5394 Quinto
2844 5321 3095 5382 Summo
3136 5320 3462 5382 Pontifice.
3491 5323 3596 5384 In-

2038 5422 2231 5478 stante
2246 5421 2448 5476 autem
2470 5414 2701 5476 Mathia
2722 5417 2880 5496 Rege
2909 5415 3263 5497 Hungariae
3286 5463 3301 5486 ,
3328 5424 3396 5476 ut
3418 5417 3592 5479 Prae-

2040 5510 2287 5590 positus,
2308 5508 2662 5570 etCanonici
2689 5509 2772 5570 uti
2796 5518 3033 5590 possent
3057 5509 3397 5591 Privilegiis
3411 5511 3592 5573 etiam
