4393 6299
943 519 1049 571 148

762 666 1281 755 quadragenariae
1310 688 1448 731 cum
1484 668 1666 735 titulo
1707 669 2002 746 colorato,
2031 689 2192 733 unus
2219 677 2311 734 ta-

763 785 903 829 men
951 784 1030 829 ex
1073 764 1349 827 Dominis
1382 764 1554 826 illam
1595 762 1832 827 fortiter
1879 764 2305 847 impugnavit,

757 863 935 944 juxta
952 880 1022 924 ea
1038 906 1054 932 ,
1085 878 1244 940 quae
1262 859 1566 922 habentur
1584 859 1651 942 3.
1679 865 1774 922 18.
1797 871 1849 921 st
1867 862 2130 941 pluribus
2157 880 2307 940 seqq.

761 969 815 1018 et
840 957 905 1039 3.
945 961 1079 1019 101.
1111 966 1163 1016 et
1190 974 1339 1034 seqq.
1387 965 1439 1015 et
1484 954 1550 1037 3.
1587 959 1720 1016 131.
1756 965 1809 1016 st
1834 975 1981 1034 seqq.
2015 973 2207 1035 usque
2246 955 2312 1016 in

760 1050 946 1114 finem
983 1049 1298 1113 decisionis
1324 1051 1438 1110 diei
1481 1054 1538 1111 1.
1569 1049 1744 1111 lunii
1773 1055 1944 1111 1708.
1992 1069 2182 1112 coram
2223 1069 2313 1110 eo-

762 1147 885 1207 dem
905 1145 1189 1217 ansaldo,
1215 1146 1363 1224 quod
1381 1156 1459 1205 est
1486 1146 1651 1206 decis.
1676 1148 1775 1205 24.
1800 1155 1919 1225 post
1940 1154 2312 1206 memoratum

763 1238 1106 1320 Prosperum
1132 1239 1198 1298 de
1229 1237 1539 1298 Ter-vitorio
1561 1249 1819 1320 separato
1838 1260 1860 1307 ,·
1902 1247 1962 1299 et
1999 1257 2137 1300 cum
2181 1244 2313 1318 post

761 1334 911 1396 haec
930 1333 1140 1396 fuisset
1160 1334 1240 1395 ab
1255 1333 1550 1414 Episcopo
1570 1332 1754 1415 petita
1772 1377 1789 1406 ,
1810 1341 1870 1394 et
1887 1333 2132 1394 obtenta
2153 1350 2310 1394 nova

760 1428 1103 1499 audientia,
1133 1435 1192 1489 et
1226 1428 1302 1489 ad
1331 1428 1599 1490 tramites
1625 1426 1856 1489 ordinis
1875 1426 2180 1510 judicialis
2208 1427 2306 1487 fu-

758 1524 902 1585 isset
948 1521 1321 1604 propositum
1366 1521 1623 1584 dubium
1645 1567 1662 1594 ,
1705 1541 1785 1584 aa
1831 1530 1964 1582 esset
2002 1521 2303 1593 standum,

758 1620 848 1680 cel
870 1617 1231 1679 recedendum
1256 1637 1295 1677 a
1320 1617 1546 1688 decisis,
1572 1617 1886 1696 perstitum
1916 1613 2035 1676 fuit
2060 1615 2122 1675 in
2148 1614 2309 1676 deci·

760 1710 878 1783 sis,
912 1717 972 1773 et
993 1711 1116 1772 duo
1138 1728 1217 1771 ex
1243 1710 1372 1771 DD.
1406 1708 1731 1789 amplexati
1759 1717 1902 1770 sunt
1932 1707 2137 1770 omnia
2166 1707 2307 1769 fun-

761 1806 1041 1867 damenta
1085 1804 1338 1866 deducta
1376 1823 1489 1884 pro
1528 1812 1698 1884 parte
1736 1802 2016 1874 Abbatis,
2054 1802 2307 1884 jurisdi-

759 1900 976 1963 ctionis
1017 1898 1242 1961 scilicet
1272 1898 1559 1970 Nativae‚
1598 1897 1878 1971 Dativae,
1912 1906 1973 1959 et
2005 1897 2306 1959 Praescri-

761 1995 994 2076 ptivae3
1022 1993 1174 2055 alter
1202 1992 1459 2072 perstitit
1484 1992 1549 2052 in
1583 1992 1794 2054 decisis
1820 2012 1895 2054 ex
1929 1991 2057 2054 solo
2087 1990 2306 2053 funda-

764 2095 965 2152 mento
988 2087 1425 2170 jurisdictionis
1456 2086 1740 2160 Dativae;
1787 2093 2050 2167 quatuor
2088 2104 2307 2148 conve·

757 2183 920 2247 nisse
944 2182 1228 2243 videntur
1249 2181 1315 2241 in
1338 2180 1804 2261 praescriptione
1826 2179 2309 2262 quadragenaria

760 2295 898 2337 cum
945 2274 1124 2336 titulo
1153 2272 1450 2347 colorat03
1479 2281 1540 2334 et
1577 2292 1737 2334 unns
1761 2272 2038 2334 dissensit
2069 2273 2149 2334 ab
2174 2290 2306 2333 om-

762 2368 977 2440 nibus,
1008 2375 1070 2429 et
1102 2366 1506 2448 Jurisdictioni
1534 2366 2006 2446 Praescriptivae
2043 2385 2180 2427 cum
2227 2364 2303 2426 ti-

761 2461 889 2524 tulo
910 2460 1175 2523 colorato
1205 2459 1440 2521 fortiter
1458 2459 1721 2532 obstitit,
1747 2458 1841 2520 cui
1867 2459 2123 2520 subinde
2144 2476 2305 2519 unus

759 2554 1036 2627 acceoeit,
1079 2562 1139 2615 et
1169 2553 1324 2615 alter
1348 2571 1421 2614 eo
1462 2554 1700 2627 audito,
1736 2553 1802 2612 in
1844 2572 1975 2615 eam
2004 2552 2306 2614 descendit

759 2648 1107 2728 opinionem
1123 2693 1140 2720 ,
1162 2654 1233 2708 ut
1257 2645 1604 2708 differretur
1626 2645 1939 2720 resolutio,
1964 2655 2023 2707 et
2047 2654 2115 2707 ut
2139 2654 2307 2708 actus

760 2740 1151 2822 particulares
1176 2738 1671 2801 examinarentur
1689 2787 1704 2808 ,
1735 2757 1888 2818 quos
1915 2740 2117 2801 Abbas
2141 2757 2306 2820 prae-

763 2835 1009 2897 tendere
1043 2842 1277 2914 poterat
1308 2852 1373 2894 se
1420 2833 1901 2913 praescripsisse,
1950 2833 2039 2895 uti
2085 2833 2308 2916 legitur

763 2932 830 2989 in
855 2930 1022 2988 decis.
1057 2929 1210 2987 edita
1238 2928 1328 2986 die
1354 2930 1413 2985 2.
1444 2926 1618 2987 lunii
1650 2931 1822 2987 1710.
1854 2926 1919 3009 3.
1953 2932 2010 2989 3.
2044 2927 2108 3009 3.
2142 2934 2200 2988 9.
2230 2927 2300 3010 3.

765 3027 863 3082 33.
896 3021 961 3102 3.
1013 3025 1108 3080 35.
1147 3037 1337 3079 coram
1361 3020 1534 3079 citato
1581 3018 1653 3078 R.
1701 3017 1775 3078 P.
1827 3018 1903 3079 1).
1935 3021 2220 3091 Amaldo,
2250 3028 2311 3081 et

762 3135 883 3178 non
913 3115 1187 3176 obstante
1212 3112 1325 3175 bac
1353 3123 1628 3174 votorum
1656 3111 1912 3175 scissura
1939 3112 2002 3174 in
2031 3112 2176 3194 ipsis
2203 3112 2309 3175 de-

762 3208 1090 3272 cisionibus
1135 3206 1450 3269 Rotalibns
1492 3204 1813 3287 patefacta,
1856 3207 2178 3269 deventum
2219 3213 2309 3269 est

762 3303 839 3366 ad
871 3322 1086 3365 causae
1107 3300 1578 3381 expeditionem3
1608 3311 1668 3362 et
1694 3301 1779 3362 sic
1804 3302 1879 3362 ad
1911 3300 2306 3381 prolationem

759 3397 1055 3459 secundae
1080 3394 1409 3456 sententiae
1436 3393 1642 3456 favore
1668 3393 1941 3454 Abbatis.

880 3488 1140 3550 Habitus
1164 3496 1253 3548 est
1278 3486 1358 3548 ab
1401 3485 1694 3566 Episcopo
1732 3504 2007 3548 recursus
2034 3486 2111 3548 ad
2138 3486 2308 3548 Emi-

761 3581 1178 3644 nentissimum
1202 3579 1603 3642 Corradinum
1633 3587 1776 3640 tunc
1798 3598 1931 3640 san.
1960 3599 2140 3642 mem.
2171 3580 2306 3644 Cle-

760 3676 980 3738 mentis
1001 3676 1114 3736 XI.
1143 3672 1494 3736 Auditorem
1510 3719 1528 3748 ,
1555 3673 1929 3754 deductoque
1950 3692 2151 3737 coram
2175 3675 2306 3755 ipso

759 3770 1032 3851 sequenti
1062 3769 1490 3842 fundamento,
1522 3768 1840 3849 quod-dici
1886 3787 2004 3830 nou
2038 3776 2302 3849 poterat,

758 3863 1045 3945 suffragia
1077 3863 1657 3925 Auditorum-Rotae
1682 3881 1759 3924 ex
1787 3862 2039 3924 diversis
2067 3862 2305 3924 motivis

759 3958 825 4019 in
856 3976 1048 4019 unum
1072 3956 1257 4019 finem
1287 3956 1668 4036 conspirare,
1702 3958 1801 4018 sed
1830 3976 1957 4018 esse
1983 3956 2181 4037 potius
2207 3957 2303 4017 iu-

760 4062 853 4115 ter
881 4071 945 4114 se
983 4050 1185 4114 taliter
1225 4051 1658 4124 discordantia,
1689 4058 1759 4112 ut
1784 4070 1972 4111 unum
2000 4050 2167 4113 aliud
2198 4052 2303 4113 de-

758 4151 1049 4216 strueret,
1077 4143 1304 4226 placuit
1329 4146 1524 4206 eidem
1554 4145 1865 4206 insinuare
1890 4146 2016 4205 DD.
2050 4145 2302 4207 Audito-

758 4238 933 4300 ribus
980 4238 1198 4309 Rotae,
1242 4236 1403 4317 quod
1437 4237 1499 4298 in
1547 4256 1726 4299 causa
1769 4238 2160 4318 Herbipolen.
2196 4257 2300 4300 seu

759 4331 1014 4394 Fulden.
1046 4330 1489 4392 Jurisdictiouis
1526 4331 1882 4412 expediebat
1906 4331 2090 4393 dubia
2129 4352 2301 4414 sepa-

760 4443 929 4498 rare,
961 4424 1114 4486 itaut
1139 4443 1330 4486 unum
1358 4423 1669 4499 Nativam,
1699 4425 1958 4488 alterum
1986 4426 2263 4490 Dativam
2281 4473 2299 4501 ,

760 4526 821 4581 et
863 4517 1110 4579 tertium
1154 4517 1652 4598 Praescriptivam
1685 4518 2166 4600 jurisdictionem
2210 4539 2306 4581 re-

758 4611 1042 4693 spiceret,
1078 4611 1360 4693 editaque
1403 4611 1625 4674 idcirco
1662 4613 1741 4673 ab
1766 4612 1976 4674 eadem
2012 4616 2162 4676 Rota
2208 4633 2306 4675 re·

759 4723 977 4785 sponso
1002 4704 1101 4767 die
1130 4709 1225 4765 13.
1257 4704 1484 4784 Aprilis
1516 4709 1690 4766 1711.
1726 4724 1835 4785 pro
1862 4705 2156 4767 dictorum
2192 4707 2305 4767 du-

760 4798 1002 4859 biorum
1036 4797 1442 4877 separatione,
1475 4797 1658 4859 unius
1677 4797 1955 4859 videlicet
1978 4817 2158 4879 super
2186 4800 2306 4860 Na·

760 4891 922 4966 tiva,
972 4890 1222 4953 alterius
1263 4910 1444 4970 super
1489 4890 1707 4953 Dativa
1728 4935 1744 4963 ,
1795 4901 1855 4952 et
1909 4890 2070 4958 tertii
2124 4911 2304 4972 super

759 4984 1196 5064 Praescriptiva
1245 5003 1384 5045 cum
1428 4983 1605 5045 titulo
1652 4985 1916 5046 colorato
1937 5031 1954 5059 ‚
2002 4987 2305 5066 proposita

762 5079 882 5141 fun
905 5097 1081 5142 causa
1111 5098 1292 5158 super
1326 5079 1543 5140 Nativa
1576 5080 1674 5140 die
1706 5085 1799 5140 12.
1828 5080 1995 5140 Junii
2029 5085 2204 5141 1701.
2248 5089 2307 5141 et

761 5192 1115 5254 responsum
1145 5172 1294 5246 fuit,
1327 5172 1695 5235 Sententiam
1742 5173 2013 5236 Rotalem
2047 5194 2173 5236 esse
2211 5194 2304 5235 re·

761 5267 1138 5329 formandam
1172 5267 1372 5346 quoad
1407 5268 1685 5330 Nativam
1710 5314 1727 5341 ,
1770 5269 1858 5330 uti
1899 5268 2203 5351 colligitur
2231 5288 2305 5330 ea:

758 5362 1029 5422 decisione
1053 5361 1206 5422 edita
1230 5362 1383 5423 dicta
1412 5362 1503 5422 dic
1526 5381 1717 5423 coram
1744 5363 1869 5422 bon.
1901 5383 2063 5424 mem.
2101 5364 2175 5424 R.
2227 5362 2299 5422 P.

763 5453 838 5517 D.
868 5453 1209 5539 Consulto,-
1231 5474 1493 5538 cumque
1521 5455 1620 5518 die
1643 5461 1737 5518 15.
1765 5458 2028 5539 ejusdem
2059 5457 2302 5533 mensis,

1957 518 2403 587 Quffisrtom-:s
2436 515 2794 575 cmomcas

2422 678 2484 733 et
2522 671 2668 734 anni
2712 668 3017 752 proposita
3064 668 3292 751 pariter
3332 666 3540 730 fuisset
3578 686 3759 732 causa
3788 688 3972 751 super

2421 763 2559 826 aliis
2580 765 2816 825 duobus
2840 763 3042 825 dubiis
3069 763 3322 825 Dativae
3338 806 3356 835 ,
3385 771 3445 822 et
3473 762 3967 843 Praescriptivae,

2421 877 2772 939 responsum
2802 857 2920 919 fuit
2962 856 3160 938 quoad
3189 856 3502 928 nativam,
3534 857 3699 936 qnod
3745 857 3971 919 iterum

2422 959 2857 1033 proponeretur
2873 997 2889 1025 ,
2914 959 2974 1014 et
2993 951 3362 1013 Sententiam
3383 949 3654 1012 Rotalem
3678 970 3805 1013 esse
3825 971 3969 1013 con-

2421 1046 2782 1108 firmandam
2808 1044 3003 1126 quoad
3037 1043 3568 1124 Praescriptivam‚
3604 1052 3972 1125 extensaque

2422 1139 2721 1201 decisione
2750 1158 2930 1220 super
2960 1137 3394 1219 Praescriptiva
3436 1136 3515 1198 ab
3541 1138 3746 1199 eodem
3786 1140 3857 1199 R.
3893 1139 3963 1199 P.

2422 1237 2495 1297 D.
2525 1234 2874 1307 Cafl'arello,
2903 1233 3225 1295 deventum
3255 1232 3372 1293 fuit
3400 1232 3478 1293 ad
3524 1231 3968 1312 expeditionem

2416 1348 2660 1400 causae,
2691 1338 2752 1391 et
2776 1329 2861 1390 sic
2884 1328 2963 1390 ad
2991 1328 3227 1390 tertiam
3254 1324 3649 1388 Sententiam.
3973 1390 3978 1393 .

2531 1424 2622 1485 Ad
2646 1423 2924 1485 evitanda
2944 1420 3311 1503 praejudicia
3328 1439 3404 1480 ex
3423 1418 3760 1499 prolatione
3779 1417 3965 1481 trium

2412 1518 2857 1579 Sententiarum
2889 1516 3193 1579 Rotalium
3222 1514 3284 1575 in
3313 1534 3377 1576 se
3408 1512 3748 1575 derivantia
3772 1561 3789 1585 ,
3822 1531 3967 1594 sup-

2414 1612 2596 1691 plices
2636 1631 2837 1692 preces
2874 1612 2954 1675 ab
2982 1610 3272 1691 Episcopo
3298 1608 3610 1669 exhibitae
3651 1616 3795 1669 sunt
3828 1626 3960 1668 san.

2413 1727 2592 1768 mem.
2621 1705 2907 1768 Clementi
2933 1707 3126 1786 Papae
3148 1705 3261 1765 XI.
3294 1703 3400 1783 qui
3427 1701 3967 1783 Congregationem

2412 1799 2843 1863 Particularem
2889 1799 3200 1880 deputavit
3244 1798 3377 1860 loco
3419 1796 3780 1878 Signaturae
3815 1796 3971 1858 Gra·

2414 1895 2552 1967 tiae,
2585 1906 2975 1975 promotaque
3000 1893 3063 1954 in
3089 1892 3203 1953 bac
3234 1889 3709 1971 Congregatione
3742 1889 3970 1953 instau-

2415 1988 2495 2050 tia
2520 2008 2629 2068 pro
2651 1988 2997 2050 avocatione
3028 2004 3242 2048 causae
3260 2003 3296 2046 a
3329 1982 3648 2045 Tribunali
3671 1985 3859 2045 Rotae
3892 1983 3970 2046 ad

2411 2084 2567 2145 banc
2588 2084 2826 2145 Sacram
2851 2080 3386 2168 congregationem
3418 2076 3671 2139 Concilii
3692 2124 3709 2151 ,
3740 2097 3876 2139 cum
3901 2077 3970 2139 in

2411 2177 2565 2240 dicta
2622 2176 2973 2239 particulari
3032 2173 3506 2257 Congregatione
3565 2172 3966 2253 ponderatum

2412 2272 2620 2333 fuisset
2642 2318 2659 2345 ,
2693 2281 2876 2333 totam
2904 2269 3214 2332 decidendi
3252 2267 3688 2346 rationempro
3728 2267 3970 2330 Abbate

2412 2367 2692 2428 Fuldensi
2723 2366 3104 2426 constitutam
3156 2363 3338 2425 fnisse
3366 2362 3431 2423 in
3469 2361 3968 2443 Quadragenaria

2410 2480 2545 2522 cum
2585 2461 2759 2521 titulo
2807 2461 3072 2521 colorato
3098 2505 3115 2532 ,
3156 2467 3216 2519 et
3258 2475 3385 2518 esse
3421 2455 3750 2518 articulum
3801 2456 3969 2516 Juris

2410 2553 2762 2616 Conciliaris
2783 2600 2800 2627 ,
2849 2573 2926 2616 an
2977 2561 3105 2633 post
3151 2550 3485 2613 Concilium
3535 2547 3963 2610 Tridentinum

2408 2649 2903 2730 Quadragenaria
2922 2668 3057 2710 cum
3084 2645 3260 2708 titulo
3282 2644 3544 2706 colorato
3566 2642 3821 2704 sufficiat
3852 2662 3966 2723 pro
4061 2658 4070 2663 ·

2409 2742 2774 2823 acquirenda
2795 2740 3213 2824 jurisdictione
3233 2737 3536 2800 Activain
3578 2736 3856 2804 clerum,
3904 2744 3967 2797 et

2410 2836 2707 2916 Populum
2734 2855 2853 2898 una
2880 2855 3015 2897 cum
3049 2832 3380 2896 Territorio
3403 2841 3697 2912 separato,
3726 2849 3967 2910 respon-

2410 2948 2542 2991 sum
2565 2929 2679 2990 fuit
2708 2929 2807 2991 die
2828 2934 2927 2991 29.
2962 2927 3212 3010 Augusti
3241 2930 3414 2988 1714.
3441 2927 3616 2987 sidem
3641 2926 3815 2986 Rotae
3833 2946 3963 2985 cum

2411 3026 2681 3103 facultate
2707 3024 3104 3084 manutenendi
3126 3041 3289 3101 quem
3319 3022 3386 3081 de
3409 3020 3540 3098 jure
3565 3063 3584 3093 ‚
3630 3038 3698 3081 ac
3732 3024 3967 3079 constitu

2411 3118 2477 3179 dc
2505 3120 2683 3179 tribus
2707 3168 2723 3190 ,
2755 3119 2996 3180 discusso
3027 3127 3214 3178 tamen
3239 3118 3401 3197 prius
3442 3116 3694 3177 articulo
3732 3117 3796 3175 in
3824 3114 3962 3177 Soc.

2418 3210 2857 3291 Conqreqatione
2899 3212 3144 3273 Concilii
3169 3258 3183 3280 ,
3213 3231 3290 3273 an
3318 3209 3802 3289 Quadraqenaria
3842 3230 3971 3271 cum

2414 3307 2583 3366 titulo
2609 3308 2854 3367 colorato
2870 3309 2944 3366 sit
2965 3305 3238 3386 sufficiens
3259 3306 3335 3367 ad
3352 3305 3803 3365 constituendum
3829 3306 3969 3366 Ter-

2409 3401 2678 3459 ritorium
2704 3410 3028 3481 separatum
3051 3390 3087 3470 ,·’
3109 3418 3219 3462 nec
3250 3398 3506 3473 mirum,
3557 3418 3694 3461 cum
3739 3400 3968 3461 etenim

2411 3492 2617 3553 Sixtus
2637 3494 2715 3554 V.
2742 3498 2809 3554 in
2827 3514 2932 3557 suo
2966 3494 3377 3555 Constitutione
3402 3497 3502 3554 74.
3533 3492 3868 3572 Conqreqat.
3898 3499 3964 3555 8.

2410 3584 2477 3668 3.
2509 3591 2563 3647 1.
2592 3586 2824 3650 Bullar.
2852 3599 2982 3649 tom.
3010 3594 3070 3649 2.
3097 3589 3460 3669 privativam
3484 3587 3801 3649 indulserit
3820 3587 3970 3650 hnic

2410 3680 2540 3743 Sac.
2572 3681 3027 3765 congregationi
3057 3682 3472 3744 auctoritatem
3519 3682 3962 3761 interpretandi

2408 3774 2642 3837 decreta
2662 3776 2793 3835 Sac.
2825 3775 3101 3847 Concilii,
3126 3775 3271 3837 hinc
3295 3773 3521 3836 factum
3548 3784 3636 3835 est
3663 3819 3680 3846 ,
3720 3782 3786 3834 ut
3814 3793 3963 3854 quo-

2414 3867 2522 3929 ties
2550 3868 2759 3929 incidit
2782 3869 3054 3947 quaestio
3076 3886 3255 3948 super
3285 3865 3684 3948 intelligentia
3713 3867 3973 3947 alicujus

2407 3961 2624 4022 decreti
2651 3960 2899 4022 Concilii
2920 4006 2937 4034 ‚
2973 3961 3019 4021 si
3046 3979 3216 4022 casus
3242 3958 3319 4020 sit
3348 3959 3603 4032 dubius,
3634 3968 3696 4022 et
3724 3957 3877 4021 alias
3924 3978 3963 4021 a

2409 4052 2878 4135 Congregatione
2932 4071 3051 4113 non
3102 4041 3332 4114 decisus
3356 4097 3373 4125 ‚
3424 4053 3573 4113 Rota
3633 4052 3763 4132 ipsa
3797 4098 3814 4124 ,
3861 4060 3969 4117 aut

2409 4147 2941 4229 Congregationem
2970 4146 3241 4208 consulat
3262 4191 3279 4220 ,
3309 4154 3414 4207 aut
3434 4145 3730 4227 significet
3765 4147 3964 4208 Parti-

2408 4241 2561 4314 bus,
2611 4249 2680 4302 ut
2710 4241 2998 4320 ipsaemet
3040 4240 3258 4302 adeant
3304 4239 3883 4322 Congregationem,
3928 4258 3968 4303 a

2408 4352 2531 4414 qua
2557 4333 2661 4394 ubi
2695 4332 3121 4395 resolutionem
3147 4332 3524 4394 obtinuerint
3551 4378 3569 4406 ,
3591 4332 3845 4395 >redeant
3869 4351 3968 4413 po-

2407 4434 2531 4490 stea
2552 4446 2690 4489 cum
2713 4427 2840 4508 ipsa
2859 4428 2932 4489 ad
2954 4430 3167 4489 Rotam
3184 4445 3294 4507 pro
3310 4425 3538 4489 Causae
3555 4428 3961 4508 expeditione,

2410 4521 2917 4603 quemadmodum
2942 4522 3188 4583 totidem
3212 4522 3415 4582 verbis
3436 4530 3684 4585 testatur
3700 4521 3962 4601 Faqaan.

2410 4618 2474 4675 in
2499 4634 2623 4694 cap.
2660 4614 2948 4690 Quoniam
2988 4635 3147 4675 num.
3185 4620 3283 4676 38.
3315 4614 3382 4674 de
3413 4614 3922 4675 Comtitutionibus
3943 4662 3963 4686 ,

2411 4717 2471 4770 et
2512 4706 2632 4769 late
2660 4709 2842 4769 etiam
2883 4709 3266 4788 prosequitur
3309 4708 3383 4769 R.
3433 4708 3507 4769 P.
3560 4708 3636 4768 D.
3676 4710 3847 4770 Petra
3887 4709 3967 4769 ad

2414 4801 2849 4862 Constitutione„
2899 4803 3246 4881 Apostolicas
3300 4813 3429 4862 tom.
3478 4807 3538 4864 4.
3596 4806 3663 4863 in
3690 4805 3836 4863 noeis
3881 4801 3963 4862 ad

2415 4893 2720 4956 Commta.
2757 4901 2852 4957 10.
2885 4896 3141 4957 Martini
3163 4896 3371 4970 Quinti
3396 4917 3556 4956 narn.
3591 4902 3688 4958 31.
3714 4905 3765 4956 et
3789 4899 3886 4956 32.

2528 4989 2927 5051 Cohaerenter
2958 4989 3032 5050 ad
3061 4989 3208 5051 baec
3243 4991 3302 5048 in
3333 4991 3513 5052 Sacra
3531 4988 3963 5071 congregatio-

2412 5101 2486 5142 ne
2534 5083 2782 5144 Concilii
2836 5083 3041 5143 habita
3083 5084 3172 5143 die
3202 5089 3258 5144 3.
3294 5082 3549 5143 Octobris
3593 5086 3769 5143 1716.
3819 5100 3966 5162 pro·

2413 5176 2669 5256 positum
2708 5176 2823 5236 suit
2866 5177 3119 5237 dubium
3147 5225 3164 5247 ,
3201 5198 3278 5238 an
3322 5176 3801 5255 Qcmdraqenaria
3832 5196 3963 5236 cum

2411 5272 2578 5336 titulo
2630 5272 2874 5331 colorato
2893 5273 2990 5330 ‘sit
3040 5271 3310 5350 sufficiens
3357 5274 3433 5332 ad
3475 5271 3966 5350 praescribendum

2418 5365 2790 5425 Ten-iterium
2830 5375 3151 5445 separatum
3201 5367 3264 5424 in
3302 5385 3469 5433 casu:
3508 5384 3769 5444 cumque
3818 5372 3964 5424 tuuc

2411 5458 2582 5523 nulla
2634 5457 2842 5522 fuisset
2871 5467 3044 5541 capta
3099 5458 3383 5522 resolutio
3407 5503 3425 5533 ,
3473 5458 3575 5522 sed
3624 5455 3966 5521 Secretario
