4393 6299
938 512 1041 563 15³8

1937 506 2384 579 QUAESTtoNss
2428 509 2788 565 CANoNtCAE

751 672 812 727 et
832 681 950 725 non
972 664 1371 744 praeelectum
1391 663 1775 727 contenderet
1794 662 2133 743 praeditum
2155 676 2306 735 esse,
2418 669 2785 724 memoratus
2820 659 3120 723 Sacerdos
3137 659 3233 722 Uo.
3266 655 3441 722 Felix
3476 659 3788 722 contendit
3815 707 3831 733 ,
3861 662 3979 725 Ec-

751 768 1058 822 teneretnr
1099 760 1313 821 docere
1340 761 1417 822 de
1441 758 1797 841 gravamine
1820 804 1835 828 ,

752 853 935 934 primi
969 853 1306 915 Concursus
1333 901 1348 925 ,
1373 861 1481 916 aut
1517 874 1594 914 ex
1625 853 1761 915 aliis
1787 852 2162 913 documentis
2187 849 2308 911 sal-

752 955 872 1008 tem
893 946 1453 1028 extrajudicialibus
1480 947 1559 1009 ab
1588 946 1717 1026 ipso
1740 944 2122 1005 exhibendis:
2146 964 2316 1006 cum-

752 1060 873 1123 que
898 1043 1290 1103 resolutiones
1317 1041 1430 1102 bae
1454 1040 1681 1102 fuerint
1715 1048 1922 1120 captae
1952 1041 2016 1099 in
2047 1039 2309 1120 Congre-

749 1135 1221 1218 gationebabita
1246 1137 1333 1195 die
1357 1141 1452 1196 16.
1477 1135 1804 1198 Novembris
1831 1138 2002 1195 1720.
2031 1152 2309 1195 annuen-

751 1237 812 1291 te
838 1228 996 1291 felic.
1028 1230 1260 1291 record.
1286 1229 1593 1291 Clemente
1619 1230 1775 1309 Papa
1800 1230 1910 1290 xt.
1936 1228 2158 1308 scripta
2184 1226 2305 1289 fuit

748 1325 1185 1405 subsequenter
1229 1323 1506 1403 Epistola
1546 1322 1871 1385 Circnlar‘is
1911 1323 1986 1383 ad
2041 1322 2309 1384 Patriar-

749 1417 927 1489 chas,
964 1418 1464 1499 Archiepiscopos
1493 1465 1510 1492 ,
1550 1424 1611 1479 et
1657 1418 1979 1499 Episcopos
2006 1462 2022 1488 ,
2067 1426 2133 1478 ut
2164 1416 2314 1497 ipsis

764 1521 905 1574 nota
938 1522 1091 1574 esset
1130 1532 1301 1574 mens
1323 1513 1453 1575 Sac.
1488 1512 1979 1595 Congregationis
2005 1521 2132 1574 tum
2166 1531 2320 1592 quo·

758 1608 836 1675 ad
881 1611 1127 1668 modum
1166 1607 1448 1689 explendi
1497 1608 1834 1670 Concursus
1857 1655 1874 1677 ,
1932 1615 2057 1669 tum
2104 1607 2307 1688 quoad

751 1700 1265 1771 circumstantias,
1303 1720 1456 1782 quas
1478 1701 1608 1781 ipsa
1629 1706 1921 1762 statuerat
1945 1719 2072 1761 esse
2108 1719 2312 1762 neces-

750 1794 971 1864 sarias,
1004 1803 1071 1855 ut
1095 1794 1260 1855 locus
1288 1814 1415 1856 esse
1442 1801 1634 1874 posset
1655 1793 2047 1874 appellationi
2076 1811 2113 1856 a
2142 1792 2306 1855 mala

754 1887 1065 1950 Relatione
1094 1888 1593 1950 Examinatorum
1616 1935 1632 1959 ,
1662 1887 1757 1950 vel
1789 1888 1869 1949 ab
1892 1886 2303 1950 irrationabili

746 1983 980 2064 judicio
1008 1982 1310 2063 Episcopi.

874 2077 943 2139 In
969 2077 1176 2139 eadem
1201 2076 1676 2159 Congregatione
1701 2076 1933 2150 habita,
1966 2077 2054 2138 uti
2078 2077 2308 2139 dictum

754 2177 844 2231 est
868 2217 884 2241 ,
915 2172 1004 2230 die
1040 2175 1136 2230 16.
1171 2169 1501 2232 Novembris
1549 2175 1723 2232 1720.
1780 2170 2082 2250 proposita
2123 2172 2308 2234 etiam

752 2262 872 2325 fuit
905 2264 1050 2326 baec
1091 2266 1299 2326 eadem
1345 2264 1539 2327 Causa
1565 2265 1868 2327 Nucerina
1895 2264 2304 2340 Parocbialis,

752 2359 945 2421 necin
974 2361 1104 2441 ejus
1129 2362 1409 2421 examine
1434 2378 1588 2439 opus
1616 2360 1731 2421 fuit
1766 2361 2177 2441 quaestionem
2209 2379 2305 2419 as-

752 2469 992 2513 sumere
1014 2499 1031 2526 ,
1064 2472 1143 2515 an
1188 2454 1265 2515 ad
1295 2453 1573 2514 effectum
1602 2454 2010 2517 admittendae
2038 2454 2308 2534 appella-

754 2545 938 2607 tionis
958 2566 1062 2608 seu
1086 2547 1531 2627 provocationis
1557 2547 1635 2610 ad
1660 2568 1886 2609 novum
1904 2568 2159 2610 examen
2187 2548 2304 2609 sibi

755 2638 1094 2702 vindicaret
1115 2640 1309 2703 locum
1336 2642 1565 2723 Regula
1594 2652 2094 2723 contemporanee
2118 2651 2312 2704 statu-

758 2740 823 2797 ta
849 2735 925 2797 de
964 2736 1319 2816 gravamine
1358 2756 1433 2798 ex
1467 2737 1619 2799 actis
1648 2736 1985 2799 Concursus
2028 2756 2306 2818 compro-

752 2827 987 2903 band03
1015 2830 1254 2891 Marcus
1280 2831 1445 2892 enim
1484 2830 1560 2891 de
1588 2830 1987 2912 Evangelistis
2010 2876 2026 2903 ,
2060 2832 2165 2912 qui
2196 2851 2306 2912 ap-

752 2921 1140 3001 pellationem
1164 2923 1622 3003 interposuerat,
1645 2924 1857 2986 docere
1880 2926 2311 3006 praetendebat

755 3014 831 3075 de
854 3016 1208 3095 gravamine
1234 3035 1309 3076 ex
1333 3016 1477 3095 ipsis
1498 3016 1643 3077 actis
1666 3017 2023 3090 Concursus,
2051 3019 2151 3080 sed
2172 3039 2308 3080 cum

756 3106 929 3170 Paris
949 3109 1024 3171 de
1052 3109 1411 3171 Vimercatis
1433 3109 1767 3191 exciperet,
1800 3111 1964 3193 quod
1996 3121 2126 3175 acta
2153 3112 2311 3176 Con-

756 3223 969 3266 cursus
994 3204 1340 3266 transmissa
1363 3224 1481 3267 non
1506 3207 1659 3267 bene
1679 3205 1921 3268 fuerant
1947 3208 2308 3289 conscripta,

758 3297 889 3359 Sac.
918 3298 1317 3379 Congregatio
1360 3299 1700 3378 respondit,
1742 3302 1904 3381 quod
1939 3310 2312 3384 transporta·

759 3399 971 3453 rentur
996 3402 1129 3453 acta
1150 3392 1476 3473 originalia
1500 3393 1840 3454 Concursus
1856 3437 1873 3453 .

877 3485 1222 3567 Adimpleta
1250 3486 1369 3548 fuit
1400 3507 1568 3548 mens
1602 3488 1733 3549 Sac.
1775 3487 2269 3571 Congregationis
2290 3536 2310 3567 ,

756 3586 820 3641 et
846 3579 999 3641 sacta
1028 3590 1117 3642 est
1147 3581 1519 3643 transmissio
1545 3584 1831 3644 Actorum
1867 3584 2262 3665 originalium
2287 3630 2307 3661 ,

760 3673 1040 3755 quocirca
1070 3674 1420 3755 quaeritur:

876 3769 974 3828 An
1001 3772 1076 3829 sit
1104 3771 1507 3830 comedendam
1536 3791 1742 3830 nocam
1767 3791 2005 3832 mamm
2033 3820 2048 3843 ,
2079 3785 2129 3834 et
2165 3794 2313 3853 qua-

759 3872 919 3924 tenus
949 3866 1222 3942 amative,
1246 3884 1325 3924 an
1350 3866 1584 3925 aliunde
1602 3876 1807 3927 constet
1830 3868 1895 3927 do
1920 3870 2317 3932 irrationabili

753 3959 978 4037 judicio
1001 3958 1272 4039 Episcopi
1303 3960 1370 4019 in
1400 3978 1537 4021 casu
1575 3971 1678 4021 stc.

867 4150 1020 4201 Sacra
1054 4148 1250 4216 Congr.
1280 4150 1366 4204 dia
1391 4149 1448 4204 2.
1474 4151 1726 4204 Octobris
1766 4152 1924 4206 1721.
1966 4156 2272 4226 responditz

950 4237 1245 4304 Negotium..
1768 4257 1775 4278 ¹

1220 4429 1583 4522 QnAEs‘rlo
1645 4393 1867 4497 cmx.

880 4615 953 4677 In
980 4615 1174 4679 Causa
1206 4617 1501 4682 Uoesntina
1535 4620 1895 4686 Paron-hiala}
1916 4670 1935 4699 ,
1968 4627 2056 4690 die
2095 4632 2191 4689 11.

1356 4712 1518 4793 Haji
1553 4720 1727 4777 1720.

764 4844 1017 4960 Indicto
1042 4899 1351 4962 Concursn
1399 4904 1711 4967 occasione
1743 4909 2076 4972 vacationis
2125 4913 2310 4978 Paro·

757 4991 972 5054 chialis
993 4992 1293 5054 Ecclesiae
1318 4993 1380 5055 S.
1409 4995 1642 5059 Nicolai
1665 5000 1888 5063 Terrae
1914 5002 2076 5066 Salvi
2107 5006 2311 5070 Uxen-

760 5085 925 5147 tinae
951 5085 1288 5160 Dioecesis,
1324 5089 1690 5168 praeelectus
1734 5092 1853 5156 fuit
1898 5098 1978 5158 ab
2019 5099 2372 5182 Episcopo

758 5179 1044 5242 Sacerdos
1063 5181 1406 5257 Guarinus,
1433 5191 1494 5246 et
1520 5185 1807 5249 Sacerdos
1829 5189 1924 5250 Jo.
1957 5191 2125 5253 Felix
2164 5196 2309 5257 Lec-

759 5273 813 5335 ci
860 5273 1325 5352 appellationem
1367 5277 1725 5359 interposuit
1774 5284 1853 5344 ab
1901 5283 2306 5352 irrationabili

751 5367 982 5449 judicio
1009 5369 1285 5450 Episcopi
1312 5419 1327 5440 ,
1361 5374 1847 5456 transmissisque
1867 5380 2044 5460 juxta
2079 5402 2309 5446 morem

754 5461 834 5525 ad
858 5461 1014 5524 banc
1028 5461 1195 5524 Sacr.
1222 5464 1759 5549 Congregationem
1777 5473 1926 5534 actis
1942 5474 2304 5554 Concursus,

1883 767 1992 818 aut
2032 776 2109 819 ex
2153 756 2307 818 actis
2416 756 2656 818 clesiam
2686 755 3095 818 Parocbialem
3121 754 3237 816 sibi
3293 774 3420 816 esse
3464 755 3930 836 adjudicandam
3957 802 3977 831 ,

2420 852 2644 912 nedum
2667 852 2813 932 quia
2846 851 2971 930 ipse
2993 850 3177 912 etiam
3209 848 3327 910 fuit
3348 850 3427 911 ab
3454 850 3980 915 examinatoribus

2417 946 2784 1025 approbatus
2810 991 2827 1018 ‚
2860 946 2964 1007 sed
2995 945 3182 1007 etiam
3211 944 3360 1025 quia
3379 963 3521 1006 suas
3569 944 3784 1006 asserit
3821 965 3981 1027 qua-

2423 1037 2618 1100 litates
2640 1087 2657 1111 ,
2682 1046 2743 1101 et
2767 1038 3058 1119 requisita
3096 1038 3157 1100 id
3184 1057 3506 1118 exposcere
3529 1083 3546 1111 ,
3578 1038 3787 1100 habita
3815 1059 3985 1118 prae-

2421 1134 2627 1195 sertim
2656 1134 2891 1196 ratione
2915 1133 3349 1195 demeritorum
3386 1133 3981 1196 Sacerdotis‘Guari-

2423 1231 2529 1304 ni,
2574 1249 2731 1311 quae
2757 1229 3047 1291 latissime
3075 1228 3140 1289 in
3169 1228 3600 1291 informatione
3628 1248 3735 1309 per
3767 1248 3983 1292 manus

2421 1322 2900 1387 circumferenda
2931 1322 3047 1402 legi
3085 1330 3370 1402 possunt.

2544 1420 2730 1483 Addit
2771 1421 3060 1502 majorem
3085 1437 3257 1480 suam
3295 1418 3361 1479 in
3383 1417 3655 1480 doctrina
3679 1417 3978 1481 idoneita-

2423 1522 2543 1578 tem
2572 1514 2803 1577 desumi
2835 1532 3007 1595 posse
3029 1532 3105 1575 ex
3137 1513 3631 1594 responsionibus
3661 1519 3785 1573 tam
3816 1533 3852 1575 a
3874 1532 3938 1575 se
3958 1558 3978 1587 ,

2422 1629 2608 1692 quam
2630 1629 2665 1670 a
2686 1608 3003 1671 Sacerdote
3021 1606 3295 1679 Guarino
3316 1607 3473 1669 datis
3498 1607 3573 1669 ad
3596 1607 3871 1689 quaesita
3896 1608 3978 1671 ab

2420 1703 2941 1767 examinatoribus
2968 1702 3271 1783 proposita
3291 1745 3312 1762 .

2542 1798 2812 1859 Primum
2831 1796 3171 1878 quaesitum
3192 1794 3309 1857 fuit
3328 1794 3485 1857 circa
3510 1793 3978 1876 intelligentiam

2417 1893 2747 1955 verborum
2766 1890 3207 1954 Sacri·Concilii
3239 1889 3583 1952 Tridentini
3615 1888 3766 1951 Soss.
3818 1894 3879 1951 6.
3910 1890 3980 1951 ds

2415 1987 2728 2068 Jnstificat.
2758 1986 2906 2048 Can.
2937 1991 3034 2047 10.
3060 1985 3147 2046 ibi
3170 1988 3223 2046 si
3243 1987 3372 2066 qais
3395 1986 3614 2045 dixerit
3633 1986 3881 2045 homines
3901 1985 3979 2045 sie

2415 2103 2486 2143 ns
2521 2081 2742 2144 Christi
2765 2083 2992 2159 iustitia
3017 2126 3034 2155 ,
3063 2100 3167 2161 per
3183 2100 3357 2161 quam
3380 2081 3537 2139 nobis
3567 2082 3776 2140 meruit
3790 2079 3972 2158 justi-

2417 2179 2586 2260 ficari
2601 2222 2619 2249 ,
2663 2186 2766 2237 aut
2788 2194 2890 2257 per
2916 2195 3039 2238 eam
3064 2177 3260 2258 ipsam'
3269 2175 3589 2254 formaliter
3608 2174 3791 2253 justos
3832 2191 3979 2245 osse,

2417 2272 2721 2334 anathema
2752 2273 2849 2332 sit.

2533 2365 2875 2427 Secundum
2901 2364 3040 2435 fuit,
3067 2365 3163 2426 An
3187 2362 3518 2434 Parochus,
3539 2360 3810 2443 quicum
3829 2361 3977 2423 Poe-

2418 2461 2648 2522 nitente
2678 2469 2985 2541 peccatum
3015 2458 3336 2533 commisit,
3372 2457 3558 2538 possit
3582 2457 3860 2537 excipere
3892 2455 3982 2519 di·

2416 2556 2495 2619 cti
2534 2555 2897 2618 Poenitentis
2923 2553 3402 2627 Confessionem,
3431 2560 3493 2614 et
3525 2569 3644 2623 an,
3675 2551 3981 2633 excipien-

2419 2651 2498 2713 do
2526 2670 2708 2723 eam,
2741 2649 2943 2710 valida
2968 2648 3084 2710 sit.

2533 2745 2847 2813 Tertium,
2887 2745 2980 2804 An
3001 2741 3453 2813 Confessarius,
3485 2740 3591 2822 qui
3653 2720 3975 2801 Poeniten-

2419 2848 2537 2900 tem
2568 2838 2988 2919 indispositum
3027 2835 3367 2918 cognoscit,
3418 2835 3598 2916 eique
3639 2834 3977 2897 absolutio-

2419 2953 2556 2994 nem
2577 2934 2723 2995 dare
2756 2933 2965 3013 nequit
2991 2979 3006 3004 ‚
3050 2932 3232 3013 possit
3276 2930 3674 2991 nibilominus
3700 2929 3976 3009 proferre

2412 3028 2597 3088 verba
2622 3048 2639 3099 ς
2671 3047 2764 3105 eqo
2795 3038 2844 3087 to
2870 3027 3092 3087 absolvo
3113 3074 3127 3096 ,
3157 3024 3600 3087 communicata
3626 3024 3795 3104 prius
3827 3023 3977 3085 Poe·

2422 3121 2634 3184 nitenti
2658 3119 2990 3183 intentione
3016 3139 3156 3183 eum
3187 3134 3312 3182 non
3335 3118 3717 3183 absolvendi.

2540 3216 2630 3279 Ad
2663 3216 2927 3296 primum
2950 3224 3152 3277 autem
3195 3215 3483 3277 Sacerdos
3515 3215 3609 3274 Jo.
3662 3213 3831 3274 Felix
3869 3230 3969 3275 re-

2420 3311 2703 3391 spondit,
2744 3311 2958 3372 merita
3004 3309 3226 3372 Cbristi
3250 3329 3378 3371 esse
3400 3309 3654 3370 Causam
3683 3305 3977 3369 moralem

2423 3413 2661 3465 nostrae
2694 3403 3185 3485 justificationis3
3222 3411 3282 3465 et
3306 3403 3561 3483 gratiam
3596 3398 3980 3462 sanctifican-

2420 3507 2537 3560 tem
2559 3518 2684 3560 esse
2703 3497 2960 3560 Causam
2993 3498 3308 3560 formalem
3333 3504 3571 3557 nostrae
3592 3493 3974 3576 justificatio-

2421 3593 2549 3664 nis3
2578 3602 2639 3653 et
2683 3594 2970 3654 Sacerdos
2997 3592 3307 3654 Guarinus
3341 3590 3648 3670 respondit
3699 3588 3979 3651 homines

2413 3684 2733 3767 justificari
2752 3686 3078 3767 exjustitia
3095 3684 3316 3747 Christi
3342 3703 3458 3744 non
3483 3702 3605 3764 qua
3634 3682 3760 3763 ipse
3776 3684 3978 3765 justus
4017 3691 4022 3698 '

2421 3788 2509 3841 est
2536 3825 2552 3851 ‚
2579 3779 2681 3841 sed
2709 3798 2832 3860 qua
2857 3798 2964 3840 nos
2974 3780 3169 3861 justos
3192 3777 3334 3840 facit
3359 3823 3376 3851 ,
3411 3796 3626 3856 nempe
3668 3794 3814 3837 suae
3842 3777 3980 3838 Pas·

2418 3873 2605 3934 sionis
2649 3873 2897 3944 merito,
2928 3893 3039 3935 nec
3079 3891 3186 3953 per
3211 3890 3344 3933 eam
3394 3871 3586 3951 ipsam
3636 3869 3976 3932 formaliter

2415 3969 2609 4050 justos
2634 3967 2765 4029 fieri
2794 4013 2811 4042 ,
2845 3968 2959 4029 nisi
2982 3973 3347 4030 concurrant
3371 3984 3558 4046 opera
3588 3965 3750 4028 bona
3781 3963 3974 4046 ipsius

2416 4061 2828 4147 justificandi.

2540 4159 2632 4220 Ad
2672 4157 3001 4219 secundum
3034 4155 3322 4217 Sacerdos
3353 4154 3617 4216 Ioannes
3667 4152 3840 4215 Felix
3878 4170 3977 4215 re-

2418 4252 2661 4333 spondit
2687 4270 2857 4331 posse
2887 4250 3220 4314 Parocbum
3244 4248 3693 4310 Confessionem
3728 4247 3968 4322 audire,

2419 4357 2480 4410 et
2502 4345 2947 4409 Confessionem
2972 4363 3100 4406 esse
3122 4343 3410 4417 validam,
3432 4352 3492 4405 et
3512 4342 3797 4405 Sacerdos
3821 4340 3981 4405 Gua-

2420 4442 2594 4505 rinus
2618 4439 2924 4522 respondit
2950 4485 2966 4512 ‚
3008 4458 3175 4519 posse
3200 4437 3537 4500 Parochum
3569 4437 3783 4499 audire
3812 4436 3973 4498 Con·

2419 4536 2759 4605 sessionem,
2790 4533 2894 4595 sed
2920 4531 3365 4595 Confessionem
3399 4550 3525 4592 esse
3546 4529 3875 4592 invalidam
3895 4546 3975 4590 ex

2418 4630 2651 4693 defectu
2676 4626 3145 4699 erubescentiae,
3182 4633 3243 4688 et
3268 4632 3699 4705 consequenter
3722 4621 3969 4683 doloris.

2542 4725 2631 4787 Ad
2659 4724 2904 4786 tertium
2927 4721 3217 4784 Sacerdos
3233 4721 3496 4782 Joannes
3526 4716 3698 4779 Felix
3732 4734 3974 4796 respon-

2418 4819 2509 4881 dit
2547 4837 2674 4880 esse
2701 4815 3169 4898 propositionem
3199 4814 3548 4875 damnatam
3587 4830 3623 4872 a
3650 4811 3712 4870 S.
3746 4810 3828 4870 M.
3866 4809 3974 4870 In-

2420 4913 2700 4974 nocentio
2723 4911 2835 4973 XI.
2862 4919 2922 4971 et
2949 4908 3219 4971 scribens
3241 4925 3351 4987 pro
3383 4907 3477 4966 Jo.
3507 4904 3704 4966 Felice
3726 4911 3975 4965 conten-

2420 5007 2511 5069 dit
2535 5007 2694 5069 hanc
2725 5003 3173 5085 responsionem
3216 4999 3540 5062 subsistere
3563 5043 3582 5072 ,
3628 5017 3765 5060 cum
3813 4996 3975 5060 inter

2366 5085 2707 5183 allegatas
2753 5098 3190 5180 propositiones
3237 5094 3691 5177 vigesimanona
3737 5091 3816 5154 sit
3855 5111 3926 5155 ea
3950 5136 3972 5168 ,

2366 5187 2371 5245 ἔ
2419 5214 2577 5277 quae
2626 5195 2935 5276 seqnitur,
2985 5211 3191 5272 arqens
3240 5203 3416 5250 metus
3456 5188 3647 5268 pravis
3690 5199 3767 5248 est
3809 5188 3976 5266 justa

2421 5290 2614 5353 Causa
2656 5288 3157 5352 Sat-ramentorum
3199 5285 3751 5346 administrationem
3793 5284 3978 5345 simn-

2420 5387 2582 5447 landi
2603 5430 2619 5458 ,
2669 5394 2729 5447 et
2776 5384 3064 5446 Sacerdos
3108 5378 3415 5442 Guarinus
3453 5377 3762 5457 respondit
3798 5394 3970 5457 posse

2417 5478 2858 5546 Confessarinm
2882 5476 3154 5558 proferre
3179 5472 3287 5536 illa
3307 5472 3495 5536 verba
3517 5491 3613 5552 eqo
3642 5482 3694 5533 ts
3726 5473 3970 5547 absolvo,
