4393 6299
1746 489 2207 565 ouaeasrm
2261 498 2324 553 x.
3367 507 3432 558 ιι

411 666 539 712 cum
560 644 950 729 expressione
983 647 1151 713 Juris
1197 651 1558 715 patronatus
1590 650 1906 714 Laicorum
1927 698 1946 726 ,
2001 687 2008 723 μ

2063 651 2140 713 tis
2169 650 2270 714 die
2300 657 2395 714 18.
2427 652 2707 716 Ianuarii
2744 658 2918 718 1718.
2949 663 3007 719 et
3048 655 3112 718 in
3141 655 3478 721 secretaria
3497 678 3604 720 ex·-

409 743 659 806 eontulit
687 744 789 806 die
820 750 917 805 18.
939 744 1086 806 Julii
1114 764 1279 809 anno
1305 751 1480 809 1701.
1504 746 1736 810 Clerico
1769 750 1954 812 Lucio
2001 726 2008 760 ³
2058 744 2292 807 bibitis·

407 838 671 901 Antonio
705 840 1090 914 Moscatello,
1122 841 1212 905 uti
1245 841 1433 906 refert
1460 844 1786 906 modernus
1807 843 1952 926 Epi·

403 948 615 1014 scopus
637 934 1010 999 Tudertinus
1036 935 1099 997 in
1124 957 1233 1001 sua
1254 937 1684 1003 informatione
1698 940 1775 1002 ad
1797 940 1953 1013 hanc

400 1028 527 1091 Sec.
558 1030 852 1111 congreg.
881 1032 1258 1095 transmissa.

514 1123 919 1194 Moscatellus,
950 1136 1082 1207 post
1111 1128 1342 1209 lapsum
1378 1130 1810 1193 nonnullorum
1837 1153 1949 1197 an-

398 1236 644 1290 norum,
671 1220 1101 1300 cappellaniae
1126 1225 1519 1296 renuntiavit,
1536 1224 1816 1307 factaque
1838 1248 1948 1290 no·

401 1328 476 1375 va
505 1314 925 1376 nominatione
951 1337 987 1379 a
1006 1317 1426 1381 Confratribus
1446 1319 1511 1381 in
1536 1321 1796 1382 Persona
1824 1323 1949 1385 Cle-

398 1405 508 1468 rici
555 1406 827 1488 Cajetani
874 1410 1125 1472 Corsetti
1160 1457 1179 1486 ,
1248 1432 1385 1475 cum
1458 1415 1950 1495 superadditione

399 1504 841 1565 nonnullorum
881 1504 1143 1566 aliorum
1165 1525 1453 1582 onerum,
1485 1528 1745 1590 quorum
1777 1510 1946 1573 nulla

398 1598 627 1660 mentio
678 1597 941 1661 babetur
1008 1601 1072 1661 in
1119 1601 1544 1683 Cappellaniae
1610 1606 1944 1668 Institutio-

391 1708 508 1763 ne,
538 1699 596 1753 et
646 1690 957 1773 signanter
1003 1693 1286 1757 audiendi
1327 1695 1738 1759 Confessiones
1786 1698 1943 1762 Con-

398 1782 660 1845 fratrum
688 1829 707 1859 ‚
764 1795 824 1847 et
866 1786 1195 1862 Sororum;
1246 1789 1332 1850 uti
1381 1789 1557 1868 plene
1607 1790 1720 1871 legi
1760 1800 1947 1871 potest

388 1875 456 1937 in
502 1878 655 1939 Actu
714 1879 1148 1943 nominationis
1201 1882 1587 1957 transmisso,
1640 1892 1701 1946 et
1747 1886 1942 1948 relato

354 2044 357 2045 7
392 1971 457 2032 in
536 1973 882 2037 Summario
952 1976 1300 2058 Scripturae
1379 1979 1936 2055 circumferendae,

393 2065 922 2131 Eminentissimus
963 2070 1263 2132 Dominus
1310 2069 1652 2135 Cardinalis
1699 2073 1943 2137 Gualte-

392 2159 550 2233 rius,
593 2171 739 2225 tunc
776 2163 1106 2245 Episcopus
1127 2166 1527 2241 Tudertinus,
1570 2169 1939 2231 nominatio-

390 2272 525 2315 nem
556 2275 590 2317 a
630 2255 1054 2320 Confratribus
1099 2257 1317 2322 factam
1347 2261 1628 2335 admisit3
1670 2263 1772 2325 sed
1800 2283 1938 2326 cum

388 2346 761 2423 honoribus,
797 2359 857 2413 et
883 2353 1172 2415 oneribus
1201 2354 1264 2415 in
1292 2355 1645 2418 fundatione
1666 2403 1683 2430 ,
1718 2365 1777 2420 et
1806 2377 1940 2420 ere-

385 2442 588 2505 ctione
608 2447 929 2524 expressis,
961 2448 1050 2509 uti
1077 2448 1416 2511 desumitur
1439 2471 1515 2512 ex
1535 2452 1801 2529 ejusdem
1845 2452 1943 2515 lit-

386 2538 536 2599 teris
564 2540 932 2604 authenticis
976 2543 1271 2624 expeditis
1315 2564 1476 2605 anno
1520 2548 1693 2607 1714.
1728 2546 1791 2607 in
1833 2546 1939 2609 Se-

380 2632 640 2696 cretaria
679 2634 867 2718 hujus
887 2637 1017 2700 Sac.
1046 2637 1542 2720 congregationis
1570 2639 1893 2703 exhibitis.

502 2728 737 2810 Adepta
778 2751 890 2811 per
949 2732 1247 2795 Clericum
1306 2734 1658 2816 Cajetanum
1684 2736 1935 2799 Corsetti

376 2822 749 2901 possessione
767 2822 1210 2905 cappellaniae,
1224 2825 1343 2889 fuit
1358 2827 1657 2890 abeodem
1676 2829 1938 2893 excitata

382 2918 749 2995 praetensio,
800 2938 865 2980 se
914 2919 1195 2983 videlicet
1245 2940 1369 2983 non
1423 2922 1618 2985 teneri
1642 2968 1660 2994 ,
1709 2923 1824 2985 nisi
1856 2925 1933 2986 ad

378 3029 564 3073 onera
594 3012 662 3073 in
687 3012 1046 3077 fundatione
1071 3035 1375 3096 expressa,
1401 3024 1528 3078 tum
1559 3017 1705 3098 quia
1733 3017 1933 3079 nomi-

378 3105 546 3168 natio
590 3127 628 3170 a
654 3107 1078 3172 confratribus
1128 3110 1284 3174 facta
1315 3158 1331 3183 ,
1383 3111 1543 3174 dicto
1585 3112 1763 3174 modo
1811 3111 1932 3176 fuit

376 3200 640 3264 admissa
661 3204 744 3267 ab
767 3205 1257 3276 Eminentissimo
1273 3206 1607 3280 Gualterio‚
1636 3214 1763 3270 tum
1786 3208 1933 3288 quia

374 3313 499 3355 non
529 3304 664 3357 erat
701 3296 764 3358 in
807 3296 1093 3360 facultate
1123 3299 1510 3362 Confratrum
1547 3320 1704 3362 nova
1744 3320 1930 3365 onera

373 3389 806 3465 superaddere,
836 3410 994 3472 quae
1021 3392 1083 3452 in
1109 3392 1493 3455 Fundatione
1526 3413 1646 3455 non
1684 3395 1930 3457 fuerant

372 3483 674 3562 apposita,
704 3492 765 3546 et
796 3484 1052 3548 ulterius
1077 3486 1282 3560 simul,
1313 3496 1369 3550 et
1410 3489 1590 3551 semel
1624 3489 1767 3552 huic
1792 3490 1923 3551 Sac.

374 3577 844 3660 Congregationi
869 3579 1233 3660 supplicavit
1258 3602 1366 3662 pro
1388 3582 1794 3646 declaratione
1819 3633 1833 3654 ‚
1859 3592 1927 3646 ut

371 3673 449 3735 ad
482 3673 730 3734 titulum
754 3693 932 3754 saepe
957 3682 1320 3738 memoratae
1343 3678 1765 3757 Cappellaniae
1791 3698 1926 3757 per-

373 3776 592 3848 petuae
614 3767 801 3829 sacris
821 3768 1155 3831 Ordinibus
1179 3771 1410 3832 initiari
1447 3771 1671 3834 valeret
1697 3793 1714 3840 ς
1749 3773 1925 3834 Cum·

372 3879 496 3941 que
520 3881 596 3923 ex
626 3862 1056 3925 informatione
1078 3866 1352 3928 moderni
1386 3867 1661 3947 Episcopi
1690 3868 1921 3932 Tuder-

370 3954 486 4016 tini
514 3955 841 4031 colligatur
886 3958 1166 4020 eumdem
1191 4005 1208 4029 ‚
1235 3960 1412 4042 juxta
1456 3961 1647 4043 legem
1676 3963 1921 4023 Funda-

368 4047 557 4112 tionis
587 4050 1036 4130 cappellaniae,
1059 4072 1186 4115 esse
1204 4054 1539 4136 obligatum
1565 4057 1640 4118 ad
1662 4057 1925 4119 celebra·

367 4143 602 4206 tionem
652 4153 986 4207 tercentum
1024 4148 1263 4210 circiter
1302 4150 1623 4213 Missarum
1648 4151 1925 4231 quolibet

365 4254 558 4311 anno,
583 4246 643 4299 et
666 4237 1090 4318 Cappellaniae
1109 4241 1335 4304 reditus
1355 4245 1676 4306 consistere
1704 4245 1765 4306 in
1787 4264 1920 4307 scu-

372 4329 456 4392 tis
481 4331 926 4416 quinquaginta
958 4335 1220 4408 circiter,
1242 4337 1418 4409 itaut,
1449 4339 1690 4419 dempto
1714 4341 1920 4403 Missa·

370 4442 516 4486 rum
539 4444 727 4489 onere
745 4472 762 4500 ,
790 4429 891 4490 vix
913 4428 1107 4491 eidem
1132 4432 1436 4512 supersint
1461 4444 1628 4496 scuta
1655 4434 1869 4517 viginti
1898 4479 1915 4507 ,

365 4526 433 4579 et
454 4518 585 4599 ipse
623 4540 689 4582 se
719 4529 1066 4603 promptum
1092 4525 1379 4588 exhibeat
1404 4528 1480 4590 ad
1515 4528 1917 4607 supplendum

358 4610 443 4674 de
481 4614 729 4693 proprio
748 4616 871 4679 alia
890 4617 1092 4679 decem
1115 4629 1281 4682 scuta
1308 4640 1534 4695 annua,
1570 4640 1728 4703 quae
1744 4624 1917 4685 unita

358 4724 506 4768 cum
552 4708 691 4771 aliis
736 4710 978 4793 viginti,
1034 4730 1192 4793 quae
1218 4722 1581 4795 supersunt,
1632 4715 1915 4779 detractis

357 4801 655 4865 oneribus
684 4804 1002 4867 Missurum
1026 4850 1045 4880 ‚
1076 4809 1451 4870 constituunt
1466 4828 1740 4873 annuum
1755 4809 1916 4871 redi-

359 4903 499 4957 tum
519 4905 829 4961 scutorum
854 4899 1122 4983 triginta,
1148 4922 1306 4982 quae
1326 4914 1416 4965 est
1461 4923 1696 4965 summa
1740 4923 1915 4984 prae-

359 4987 514 5064 fixa,
543 5001 605 5054 et
625 5002 851 5058 statuta
872 5014 981 5076 pro
1009 4997 1404 5078 suscipiendis
1438 4998 1624 5061 sacris
1663 4998 1914 5061 Ordini-

358 5083 483 5146 bus
501 5085 565 5147 in
586 5086 844 5150 Civitate
859 5133 876 5161 ,
899 5097 960 5151 et
979 5090 1179 5151 Dioec.
1222 5091 1552 5155 Tudertina
1565 5138 1586 5169 ,
1625 5092 1753 5155 sive
1773 5092 1913 5173 quis

358 5177 685 5243 ordinetur
710 5181 790 5244 ad
810 5181 1056 5244 titulum
1075 5183 1384 5261 Beneficii,
1413 5186 1544 5249 sive
1567 5187 1643 5248 ad
1667 5186 1911 5248 titulum

361 5273 825 5347 Patrimonii,et
842 5277 971 5338 sive
992 5278 1066 5339 ad
1093 5278 1335 5342 titulum
1361 5281 1578 5360 partim
1600 5279 1906 5351 Beneficii,

362 5377 423 5431 et
464 5369 690 5448 partim
724 5369 1115 5447 Patrimonii,
1165 5374 1254 5437 uti
1300 5383 1553 5439 testatur
1583 5376 1908 5437 modernus

362 5463 1068 5544 EpiscopusTudertinus
1091 5468 1154 5530 in
1170 5468 1251 5531 ali
1259 5470 1309 5530 is
1327 5467 1454 5531 suis
1474 5469 1691 5532 litteris
1711 5469 1907 5552 signa·

773 5588 977 5629 nauso.
1020 5593 1134 5631 xiv.
1173 5592 1318 5632 ross.
1358 5581 1470 5635 Xll.

2174 840 2505 913 Quaeritur

2173 931 2225 993 I.
2273 935 2368 994 An
2406 932 2663 996 Clericus
2709 933 3019 1013 cajetanus
3068 935 3313 1000 Corsetti
3340 947 3604 1001 teneatur

2054 1026 2131 1088 ad
2168 1047 2340 1089 onera
2383 1028 2450 1089 de
2486 1048 2627 1089 novo
2673 1032 2933 1110 apposita
2953 1032 3018 1091 ia
3039 1033 3420 1095 nominatione
3443 1034 3507 1094 de
3545 1054 3600 1095 se

2055 1123 2210 1199 saeta
2232 1142 2271 1184 a
2295 1121 2696 1201 Confratribus
2718 1135 2770 1186 et
2803 1145 2917 1185 non
2944 1138 3252 1190 memorata
3280 1129 3346 1187 in
3367 1128 3415 1188 F
3416 1130 3602 1190 unda-

2054 1219 2205 1277 tione
2228 1259 2245 1277 .

2172 1311 2256 1372 ΙΙ.
2302 1312 2399 1374 Aa
2420 1314 2569 1374 idem
2596 1315 2862 1375 ordinari
2884 1317 3056 1396 possit
3076 1316 3153 1378 ad
3177 1318 3410 1376 titulum
3447 1320 3597 1396 ejus-

2053 1406 2177 1468 dem
2222 1405 2659 1489 Coppellaaiae,
2688 1410 3049 1489 superaddito
3076 1430 3151 1470 ex
3195 1412 3349 1471 bonis
3396 1411 3596 1473 Patri-

2053 1503 2395 1563 monialibas
2418 1504 2537 1564 alio
2556 1523 2750 1565 annuo
2769 1504 2961 1565 reditu
2979 1516 3266 1565 mutorum
3294 1507 3472 1568 decem
3495 1549 3511 1567 .

2158 1679 2299 1729 Sacr.
2326 1677 2523 1745 congr.
2553 1677 2641 1732 die
2665 1677 2750 1732 12.
2780 1682 2933 1732 Mart.
2962 1681 3112 1732 17¹8.
3149 1681 3453 1747 respondit,

2230 1765 2336 1817 Ad.
2371 1770 2418 1819 1.
2457 1767 2738 1834 Negaeive,
2767 1778 2823 1819 es
2869 1767 3123 1837 amplius.
3158 1770 3264 1821 Ad.
3318 1770 3371 1820 2.
3424 1767 3598 1839 Affir-

2045 1851 2245 1905 maet‘ue
2274 1891 2287 1904 .

2561 2002 2922 2078 QUAESTto
2965 2005 3079 2066 xl.

2162 2177 2235 2238 ln
2259 2177 2450 2240 Causa
2480 2176 2807 2242 Cremonen.
2839 2181 2930 2241 die
2961 2183 3056 2240 19.
3091 2178 3251 2242 Febr.
3293 2186 3466 2244 1718.

2049 2295 2088 2406 l
2102 2369 2136 2409 n
2158 2350 2598 2416 Constitutione
2616 2372 2745 2415 san.
2771 2373 2949 2414 mem.
2975 2354 3204 2416 Urbani
3232 2354 3402 2416 vlu.
3429 2356 3590 2420 edita

2045 2445 2144 2507 die
2191 2449 2285 2509 12.
2325 2448 2670 2509 Decembris
2699 2453 2873 2510 ¹634.
2924 2468 3084 2529 quae
3109 2458 3198 2510 est
3245 2450 3303 2510 la
3339 2455 3470 2510 190.
3519 2450 3537 2511 i
3549 2472 3583 2511 o

2045 2539 2207 2601 Bull.
2253 2542 2423 2602 Tom.
2460 2547 2518 2601 5.
2554 2548 2615 2603 et
2645 2561 2753 2622 pro
2778 2543 2950 2624 cujus
2974 2542 3328 2604 executione
3363 2542 3479 2607 fuit
3506 2555 3585 2607 at)

2042 2634 2252 2697 eodem
2280 2635 2529 2697 Summo
2560 2634 2847 2699 Pontifice
2894 2636 2993 2698 die
3024 2642 3123 2697 20.
3156 2638 3363 2699 Martii
3409 2644 3583 2701 1635.

2042 2728 2324 2810 deputata
2353 2729 2499 2792 haec
2523 2730 2702 2792 Sacra
2743 2730 3173 2812 congregatio,
3228 2732 3583 2809 praescribi-

2044 2831 2165 2895 tur,
2199 2833 2265 2885 ut
2292 2823 2397 2904 qui
2423 2843 2457 2885 a
2481 2823 2746 2885 Summis
2767 2843 2877 2903 pro
2901 2832 3167 2904 tempore
3196 2824 3586 2887 Pontificibus

2043 2916 2322 2997 praefecti
2345 2917 2572 2980 fuerint
2589 2917 3044 2999 Episcopalibus
3063 2920 3364 2989 Ecclesiis,
3390 2921 3439 2981 si
3460 2919 3584 2982 sint

2039 3012 2101 3071 in
2120 3012 2302 3083 Urbe,
2318 3012 2577 3075 debeant
2594 3021 2726 3093 post
2750 3032 3010 3075 mensem
3031 3031 3066 3074 a
3091 3013 3190 3074 die
3207 3031 3418 3075 eorum
3439 3033 3579 3095 pro-

2039 3106 2357 3183 motionis,
2389 3106 2503 3170 hoc
2534 3116 2681 3170 esta
2720 3107 2820 3170 die
2847 3107 3365 3189 pronunciationis
3391 3106 3581 3171 factae

2038 3220 2145 3281 per
2173 3202 2399 3282 Papam
2426 3202 2487 3262 in
2518 3202 2883 3279 Consistorio
2907 3247 2924 3274 ,
2950 3202 3038 3265 uti
3069 3202 3191 3263 late
3214 3202 3455 3264 Bullam
3483 3202 3578 3263 in-

2040 3294 2422 3374 terpretando
2441 3295 2610 3380 docet
2629 3294 2887 3373 Foynan.
2911 3297 2976 3354 in
2997 3293 3141 3374 Cap.
3168 3293 3320 3355 Eam
3343 3305 3392 3354 te
3414 3314 3571 3355 nam.

2036 3392 2094 3449 4.
2132 3400 2184 3450 et
2204 3410 2353 3469 seqq.
2392 3399 2444 3449 et
2470 3391 2796 3469 praesertim
2818 3409 2974 3448 aum.
3014 3393 3113 3450 23.
3156 3390 3398 3467 aliisque
3423 3409 3569 3468 seqq.

2036 3486 2125 3544 tit.
2158 3485 2226 3545 de
2262 3485 2585 3563 rescriptis,
2620 3482 2823 3544 itineri
2864 3501 2929 3544 se
2957 3482 3333 3544 committere
3355 3527 3372 3554 ,
3403 3492 3462 3544 et
3496 3483 3571 3545 ad

2031 3577 2360 3640 Ecclesiam
2395 3576 2512 3638 sibi
2546 3577 2955 3650 commissam,
2980 3576 3055 3639 ad
3088 3575 3481 3658 personaliter
3511 3577 3571 3637 in

2029 3689 2100 3732 ea
2129 3671 2511 3734 residendum
2532 3670 2827 3742 conferre,
2858 3671 2973 3733 sub
2999 3670 3310 3732 nonnullis
3333 3671 3566 3753 gravis-

2029 3765 2199 3826 simis
2229 3765 2440 3846 poenis
2479 3785 2551 3827 eo
2585 3764 2714 3846 ipso
2741 3764 3153 3839 incurrendis,
3218 3764 3308 3826 uti
3374 3764 3570 3834 videri

2029 3867 2220 3940 potest
2245 3879 2279 3922 a
2300 3858 2367 3942 §-
2393 3865 2451 3920 7.
2484 3850 2676 3941 usque
2696 3860 2776 3923 ad
2805 3863 2901 3921 11.
2926 3859 3141 3922 citatae
3168 3858 3381 3924 Bullae
3397 3863 3427 3920 ‘t

2026 3988 2410 4111 Alexander
2430 4048 2589 4109 Litta
2612 4047 2943 4128 praefectus
2961 4066 2998 4110 a
3016 4047 3120 4108 SS.
3146 4048 3221 4109 D.
3239 4046 3316 4107 N.
3336 4046 3573 4127 Episco-

2026 4144 2148 4225 pali
2172 4143 2471 4207 Ecclesiae
2492 4142 2877 4206 Cremonensi
2905 4150 3049 4206 ante
3069 4141 3392 4204 terminum
3419 4149 3571 4204 tem-

2026 4238 2191 4319 poris
2211 4238 2415 4302 statuti
2447 4237 2526 4298 ab
2561 4237 2803 4300 Urbana
2829 4236 3291 4310 Constitutione,
3342 4236 3573 4318 suppli·

2027 4353 2123 4395 ces
2144 4353 2349 4416 preces
2374 4331 2654 4393 exhibuit
2681 4350 2789 4411 pro
2811 4332 2942 4413 ejus
2963 4329 3405 4412 prorogatione,
3429 4350 3569 4392 cum

2024 4428 2186 4489 enim
2209 4426 2409 4489 adhuc
2435 4426 2510 4487 ad
2537 4444 2706 4485 suam
2732 4424 3056 4486 Ecclesiam
3088 4444 3207 4484 non
3232 4424 3563 4498 accesserit,

2026 4523 2111 4584 uti
2137 4521 2349 4602 nequit
2370 4519 2678 4582 mensibus
2705 4538 2740 4580 a
2767 4519 2949 4581 Sacro
2971 4518 3240 4581 Concilio
3261 4517 3568 4581 Tridenti-

2023 4636 2105 4678 no
2131 4615 2418 4689 indultis,
2454 4613 2961 4695 quemadmodum
2990 4614 3327 4675 desumitur
3352 4633 3427 4675 ex
3469 4632 3566 4674 re·

2023 4711 2322 4773 solutione
2349 4709 2532 4791 hujus
2557 4708 2774 4771 Sacrae
2813 4705 3305 4790 Congregationis
3330 4706 3428 4768 die
3467 4711 3559 4767 12.

2021 4804 2370 4868 Decembris
2396 4807 2569 4865 1707.
2601 4801 2666 4864 in
2694 4819 2817 4882 qua
2850 4821 2986 4864 cum
3016 4799 3388 4881 propositum
3417 4800 3563 4862 fuis-

2020 4908 2107 4962 set
2128 4899 2383 4961 dubium
2410 4918 2425 4958 :
2455 4897 2551 4957 An
2571 4897 2839 4977 Episcopi
2857 4897 3073 4957 noviter
3092 4897 3335 4975 promoti
3347 4897 3562 4975 possint

2019 4998 2111 5056 ati
2139 4996 2411 5055 trimestri
2425 4991 2744 5055 Conciliari
2764 4992 3047 5052 absentiae
3074 5010 3113 5051 a
3139 4989 3444 5049 residentia
3466 4991 3560 5049 ai-

2016 5099 2113 5152 tra
2132 5077 2367 5149 mensem
2392 5105 2700 5147 concessam
2717 5107 2753 5147 a
2772 5105 2900 5145 san.
2931 5103 3093 5145 mem.
3129 5082 3358 5144 Urbano
3392 5081 3554 5144 Vm.

2014 5187 2078 5245 in
2098 5186 2217 5263 ejus
2231 5182 2422 5245 Bulla
2448 5192 2750 5261 antequam
2771 5181 2848 5241 ad
2868 5180 3232 5241 residentiam
3248 5179 3436 5260 prim
3456 5196 3556 5238 ae·

2023 5277 2225 5338 cedant
2240 5319 2263 5355 ,
2287 5270 2480 5370 ,0171
2500 5305 2526 5336 0
2600 5293 2672 5344 ‘1⁴⁸
2689 5251 3092 5368 &Qut-VC!
3123 5310 3150 5344 ο

2130 5369 2597 5452 Supplicationis
2616 5365 3075 5431 fundamentum
3088 5365 3402 5447 reponitur
3424 5373 3550 5426 tum

2015 5466 2079 5528 in
2106 5464 2343 5548 hyemis
2364 5465 2591 5545 rigore,
2617 5462 2724 5544 qui
2770 5481 2893 5524 non
2923 5460 3223 5523 modicum
3250 5459 3423 5524 affert
3451 5457 3551 5520 iti·

3120 5571 3152 5622 3
