<?xml version="1.0" encoding="UTF-8"?>
<!DOCTYPE html PUBLIC "-//W3C//DTD XHTML 1.0 Transitional//EN"
    "http://www.w3.org/TR/xhtml1/DTD/xhtml1-transitional.dtd">
<html xmlns="http://www.w3.org/1999/xhtml" xml:lang="en" lang="en">
 <head>
  <title>
</title>
<meta http-equiv="Content-Type" content="text/html;charset=utf-8" />
  <meta name='ocr-system' content='tesseract 3.04.00' />
  <meta name='ocr-capabilities' content='ocr_page ocr_carea ocr_par ocr_line ocrx_word'/>
</head>
<body>
  <div class='ocr_page' id='page_1' title='image "benedictixivpon01xivgoog_0409.png"; bbox 0 0 4393 6299; ppageno 0'>
   <div class='ocr_carea' id='block_1_1' title="bbox 1763 531 2417 619">
    <p class='ocr_par' dir='ltr' id='par_1_1' title="bbox 1763 531 2417 619">
     <span class='ocr_line' id='line_1_1' title="bbox 1763 531 2417 619; baseline 0.002 -17"><span class='ocrx_word' id='word_1_1' title='bbox 1763 531 2228 619; x_wconf 73' lang='lat' dir='ltr'><strong>Qu&#39;AEsTm</strong></span> <span class='ocrx_word' id='word_1_2' title='bbox 2287 548 2417 603; x_wconf 84' lang='lat' dir='ltr'><strong>ccc</strong></span> 
     </span>
    </p>
   </div>
   <div class='ocr_carea' id='block_1_2' title="bbox 427 699 2001 5480">
    <p class='ocr_par' dir='ltr' id='par_1_2' title="bbox 427 699 2001 3979">
     <span class='ocr_line' id='line_1_2' title="bbox 459 699 2001 781; baseline -0.008 -7"><span class='ocrx_word' id='word_1_3' title='bbox 459 701 691 774; x_wconf 71' lang='lat' dir='ltr'><strong>bundas</strong></span> <span class='ocrx_word' id='word_1_4' title='bbox 714 750 731 781; x_wconf 88' lang='lat'><strong>,</strong></span> <span class='ocrx_word' id='word_1_5' title='bbox 761 724 866 768; x_wconf 88' lang='lat' dir='ltr'><strong>seu</strong></span> <span class='ocrx_word' id='word_1_6' title='bbox 889 702 1139 767; x_wconf 88' lang='lat' dir='ltr'><strong>alterius</strong></span> <span class='ocrx_word' id='word_1_7' title='bbox 1165 702 1359 767; x_wconf 81' lang='lat' dir='ltr'><strong>Officii</strong></span> <span class='ocrx_word' id='word_1_8' title='bbox 1383 699 1759 777; x_wconf 84' lang='lat' dir='ltr'><strong>ecclesiastici</strong></span> <span class='ocrx_word' id='word_1_9' title='bbox 1790 704 1854 763; x_wconf 89' lang='lat' dir='ltr'><strong>in</strong></span> <span class='ocrx_word' id='word_1_10' title='bbox 1888 700 2001 765; x_wconf 88' lang='lat' dir='ltr'><strong>ali-</strong></span> 
     </span>
     <span class='ocr_line' id='line_1_3' title="bbox 453 795 2001 883; baseline -0.004 -20"><span class='ocrx_word' id='word_1_11' title='bbox 453 821 578 883; x_wconf 88' lang='lat' dir='ltr'><strong>qua</strong></span> <span class='ocrx_word' id='word_1_12' title='bbox 611 799 874 875; x_wconf 74' lang='lat' dir='ltr'><strong>Ecclesia</strong></span> <span class='ocrx_word' id='word_1_13' title='bbox 914 799 1279 873; x_wconf 85' lang='lat' dir='ltr'><strong>exercendi,</strong></span> <span class='ocrx_word' id='word_1_14' title='bbox 1310 796 1550 860; x_wconf 85' lang='lat' dir='ltr'><strong>eaedem</strong></span> <span class='ocrx_word' id='word_1_15' title='bbox 1588 804 1875 877; x_wconf 88' lang='lat' dir='ltr'><strong>tanquam</strong></span> <span class='ocrx_word' id='word_1_16' title='bbox 1919 795 2001 858; x_wconf 91' lang='lat' dir='ltr'><strong>si-</strong></span> 
     </span>
     <span class='ocr_line' id='line_1_4' title="bbox 450 889 1995 974; baseline -0.003 -18"><span class='ocrx_word' id='word_1_17' title='bbox 450 895 759 960; x_wconf 81' lang='lat' dir='ltr'><strong>moniacae</strong></span> <span class='ocrx_word' id='word_1_18' title='bbox 789 893 1192 974; x_wconf 74' lang='lat' dir='ltr'>reprobantur</span> <span class='ocrx_word' id='word_1_19' title='bbox 1215 940 1233 964; x_wconf 87' lang='lat'><strong>,</strong></span> <span class='ocrx_word' id='word_1_20' title='bbox 1263 892 1313 954; x_wconf 90' lang='lat' dir='ltr'><strong>si</strong></span> <span class='ocrx_word' id='word_1_21' title='bbox 1348 892 1448 964; x_wconf 91' lang='lat' dir='ltr'><strong>id,</strong></span> <span class='ocrx_word' id='word_1_22' title='bbox 1480 889 1643 971; x_wconf 90' lang='lat' dir='ltr'><strong>quod</strong></span> <span class='ocrx_word' id='word_1_23' title='bbox 1687 890 1995 972; x_wconf 75' lang='lat' dir='ltr'><strong>exigitur,</strong></span> 
     </span>
     <span class='ocr_line' id='line_1_5' title="bbox 445 984 1999 1070; baseline -0.003 -19"><span class='ocrx_word' id='word_1_24' title='bbox 445 1008 552 1051; x_wconf 89' lang='lat' dir='ltr'><strong>seu</strong></span> <span class='ocrx_word' id='word_1_25' title='bbox 577 986 939 1070; x_wconf 75' lang='lat' dir='ltr'><strong>persolvitur</strong></span> <span class='ocrx_word' id='word_1_26' title='bbox 967 1034 983 1058; x_wconf 90' lang='lat'><strong>,</strong></span> <span class='ocrx_word' id='word_1_27' title='bbox 1008 986 1167 1048; x_wconf 82' lang='lat' dir='ltr'><strong>cedit</strong></span> <span class='ocrx_word' id='word_1_28' title='bbox 1199 986 1263 1047; x_wconf 91' lang='lat' dir='ltr'><strong>in</strong></span> <span class='ocrx_word' id='word_1_29' title='bbox 1290 985 1609 1062; x_wconf 77' lang='lat' dir='ltr'><strong>utilitatem</strong></span> <span class='ocrx_word' id='word_1_30' title='bbox 1640 1032 1654 1055; x_wconf 91' lang='lat'><strong>,</strong></span> <span class='ocrx_word' id='word_1_31' title='bbox 1703 991 1764 1046; x_wconf 91' lang='lat' dir='ltr'><strong>et</strong></span> <span class='ocrx_word' id='word_1_32' title='bbox 1794 984 1999 1065; x_wconf 85' lang='lat' dir='ltr'><strong>priva-</strong></span> 
     </span>
     <span class='ocr_line' id='line_1_6' title="bbox 434 1078 1999 1152; baseline -0.004 -7"><span class='ocrx_word' id='word_1_33' title='bbox 434 1092 575 1145; x_wconf 89' lang='lat' dir='ltr'><strong>tum</strong></span> <span class='ocrx_word' id='word_1_34' title='bbox 615 1082 998 1146; x_wconf 85' lang='lat' dir='ltr'><strong>commodum</strong></span> <span class='ocrx_word' id='word_1_35' title='bbox 1040 1080 1305 1143; x_wconf 89' lang='lat' dir='ltr'><strong>aliorum</strong></span> <span class='ocrx_word' id='word_1_36' title='bbox 1330 1078 1783 1146; x_wconf 65' lang='lat' dir='ltr'><strong>,Canonicorum</strong></span> <span class='ocrx_word' id='word_1_37' title='bbox 1808 1123 1826 1152; x_wconf 99' lang='lat'><strong>,</strong></span> <span class='ocrx_word' id='word_1_38' title='bbox 1871 1078 1999 1140; x_wconf 89' lang='lat' dir='ltr'><strong>sive</strong></span> 
     </span>
     <span class='ocr_line' id='line_1_7' title="bbox 442 1173 1992 1251; baseline -0.005 -11"><span class='ocrx_word' id='word_1_39' title='bbox 442 1177 854 1251; x_wconf 86' lang='lat' dir='ltr'><strong>Sacerdotum,</strong></span> <span class='ocrx_word' id='word_1_40' title='bbox 878 1176 1215 1238; x_wconf 84' lang='lat' dir='ltr'><strong>aliorumve</strong></span> <span class='ocrx_word' id='word_1_41' title='bbox 1234 1174 1531 1237; x_wconf 80' lang='lat' dir='ltr'><strong>Ecclesiae</strong></span> <span class='ocrx_word' id='word_1_42' title='bbox 1550 1173 1992 1247; x_wconf 82' lang='lat' dir='ltr'><strong>Ministrorum3</strong></span> 
     </span>
     <span class='ocr_line' id='line_1_8' title="bbox 428 1265 1998 1351; baseline -0.005 -17"><span class='ocrx_word' id='word_1_43' title='bbox 428 1291 612 1334; x_wconf 82' lang='lat' dir='ltr'><strong>secus</strong></span> <span class='ocrx_word' id='word_1_44' title='bbox 640 1280 872 1341; x_wconf 87' lang='lat' dir='ltr'><strong>autem,</strong></span> <span class='ocrx_word' id='word_1_45' title='bbox 904 1270 952 1331; x_wconf 92' lang='lat' dir='ltr'><strong>si</strong></span> <span class='ocrx_word' id='word_1_46' title='bbox 986 1269 1080 1342; x_wconf 87' lang='lat' dir='ltr'><strong>id,</strong></span> <span class='ocrx_word' id='word_1_47' title='bbox 1128 1269 1289 1351; x_wconf 89' lang='lat' dir='ltr'><strong>quod</strong></span> <span class='ocrx_word' id='word_1_48' title='bbox 1313 1268 1609 1350; x_wconf 77' lang='lat' dir='ltr'><strong>exigitur,</strong></span> <span class='ocrx_word' id='word_1_49' title='bbox 1643 1286 1746 1328; x_wconf 90' lang='lat' dir='ltr'><strong>seu</strong></span> <span class='ocrx_word' id='word_1_50' title='bbox 1778 1265 1998 1346; x_wconf 88' lang='lat' dir='ltr'><strong>persol-</strong></span> 
     </span>
     <span class='ocr_line' id='line_1_9' title="bbox 444 1360 1990 1445; baseline -0.005 -18"><span class='ocrx_word' id='word_1_51' title='bbox 444 1365 610 1427; x_wconf 76' lang='lat' dir='ltr'><strong>vitur</strong></span> <span class='ocrx_word' id='word_1_52' title='bbox 638 1413 653 1436; x_wconf 88' lang='lat'><strong>,</strong></span> <span class='ocrx_word' id='word_1_53' title='bbox 678 1374 962 1445; x_wconf 84' lang='lat' dir='ltr'><strong>erogatur</strong></span> <span class='ocrx_word' id='word_1_54' title='bbox 989 1409 1006 1438; x_wconf 86' lang='lat'><strong>,</strong></span> <span class='ocrx_word' id='word_1_55' title='bbox 1052 1372 1113 1426; x_wconf 85' lang='lat' dir='ltr'><strong>et</strong></span> <span class='ocrx_word' id='word_1_56' title='bbox 1141 1363 1512 1426; x_wconf 88' lang='lat' dir='ltr'><strong>convertitur</strong></span> <span class='ocrx_word' id='word_1_57' title='bbox 1542 1363 1603 1423; x_wconf 93' lang='lat' dir='ltr'><strong>in</strong></span> <span class='ocrx_word' id='word_1_58' title='bbox 1640 1380 1783 1422; x_wconf 87' lang='lat' dir='ltr'><strong>usus</strong></span> <span class='ocrx_word' id='word_1_59' title='bbox 1819 1360 1949 1439; x_wconf 88' lang='lat' dir='ltr'><strong>pios</strong></span> <span class='ocrx_word' id='word_1_60' title='bbox 1976 1408 1990 1431; x_wconf 91' lang='lat'><strong>,</strong></span> 
     </span>
     <span class='ocr_line' id='line_1_10' title="bbox 442 1449 1996 1540; baseline -0.003 -20"><span class='ocrx_word' id='word_1_61' title='bbox 442 1460 531 1520; x_wconf 90' lang='lat' dir='ltr'><strong>uti</strong></span> <span class='ocrx_word' id='word_1_62' title='bbox 563 1460 779 1540; x_wconf 86' lang='lat' dir='ltr'><strong>probat</strong></span> <span class='ocrx_word' id='word_1_63' title='bbox 804 1449 1017 1520; x_wconf 54' lang='lat' dir='ltr'><strong>Tantus</strong></span> <span class='ocrx_word' id='word_1_64' title='bbox 1040 1461 1103 1518; x_wconf 83' lang='lat' dir='ltr'><strong>in</strong></span> <span class='ocrx_word' id='word_1_65' title='bbox 1128 1478 1254 1537; x_wconf 85' lang='lat' dir='ltr'><strong>cap.</strong></span> <span class='ocrx_word' id='word_1_66' title='bbox 1289 1456 1533 1536; x_wconf 76' lang='lat' dir='ltr'><strong>Jacon</strong></span> <span class='ocrx_word' id='word_1_67' title='bbox 1557 1457 1622 1516; x_wconf 83' lang='lat' dir='ltr'><strong>de</strong></span> <span class='ocrx_word' id='word_1_68' title='bbox 1643 1456 1911 1525; x_wconf 79' lang='lat' dir='ltr'><strong>simonia,</strong></span> <span class='ocrx_word' id='word_1_69' title='bbox 1938 1463 1996 1517; x_wconf 90' lang='lat' dir='ltr'><strong>et</strong></span> 
     </span>
     <span class='ocr_line' id='line_1_11' title="bbox 442 1547 1997 1632; baseline -0.003 -18"><span class='ocrx_word' id='word_1_70' title='bbox 442 1550 702 1614; x_wconf 86' lang='lat' dir='ltr'><strong>hahetur</strong></span> <span class='ocrx_word' id='word_1_71' title='bbox 724 1573 849 1632; x_wconf 83' lang='lat' dir='ltr'><strong>cap.</strong></span> <span class='ocrx_word' id='word_1_72' title='bbox 881 1555 974 1613; x_wconf 81' lang='grc'><strong>14.</strong></span> <span class='ocrx_word' id='word_1_73' title='bbox 1006 1571 1132 1612; x_wconf 80' lang='lat' dir='ltr'><strong>sess.</strong></span> <span class='ocrx_word' id='word_1_74' title='bbox 1169 1554 1267 1611; x_wconf 62' lang='lat'><strong>24.</strong></span> <span class='ocrx_word' id='word_1_75' title='bbox 1303 1552 1367 1610; x_wconf 83' lang='lat' dir='ltr'><strong>de</strong></span> <span class='ocrx_word' id='word_1_76' title='bbox 1386 1551 1614 1629; x_wconf 70' lang='lat' dir='ltr'><strong>reform.</strong></span> <span class='ocrx_word' id='word_1_77' title='bbox 1643 1561 1695 1610; x_wconf 89' lang='lat' dir='ltr'><strong>et</strong></span> <span class='ocrx_word' id='word_1_78' title='bbox 1723 1551 1788 1609; x_wconf 80' lang='lat' dir='ltr'><strong>in</strong></span> <span class='ocrx_word' id='word_1_79' title='bbox 1813 1547 1997 1609; x_wconf 85' lang='lat' dir='ltr'><strong>Bulla</strong></span> 
     </span>
     <span class='ocr_line' id='line_1_12' title="bbox 451 1641 1994 1724; baseline -0.005 -15"><span class='ocrx_word' id='word_1_80' title='bbox 451 1650 589 1709; x_wconf 75' lang='grc'><strong>104.</strong></span> <span class='ocrx_word' id='word_1_81' title='bbox 624 1647 694 1708; x_wconf 88' lang='lat' dir='ltr'><strong>S.</strong></span> <span class='ocrx_word' id='word_1_82' title='bbox 739 1646 842 1707; x_wconf 84' lang='lat' dir='ltr'><strong>Pii</strong></span> <span class='ocrx_word' id='word_1_83' title='bbox 897 1645 961 1705; x_wconf 99' lang='lat' dir='ltr'><strong>V.</strong></span> <span class='ocrx_word' id='word_1_84' title='bbox 992 1645 1159 1705; x_wconf 80' lang='lat' dir='ltr'><strong>Ball.</strong></span> <span class='ocrx_word' id='word_1_85' title='bbox 1198 1657 1328 1706; x_wconf 85' lang='lat' dir='ltr'><strong>tom.</strong></span> <span class='ocrx_word' id='word_1_86' title='bbox 1361 1649 1421 1704; x_wconf 77' lang='lat'><strong>2.</strong></span> <span class='ocrx_word' id='word_1_87' title='bbox 1457 1644 1798 1724; x_wconf 88' lang='lat' dir='ltr'><strong>relictisque</strong></span> <span class='ocrx_word' id='word_1_88' title='bbox 1835 1641 1994 1705; x_wconf 89' lang='lat' dir='ltr'><strong>anti-</strong></span> 
     </span>
     <span class='ocr_line' id='line_1_13' title="bbox 441 1736 1993 1824; baseline -0.004 -21"><span class='ocrx_word' id='word_1_89' title='bbox 441 1740 763 1824; x_wconf 84' lang='lat' dir='ltr'><strong>quioribus</strong></span> <span class='ocrx_word' id='word_1_90' title='bbox 788 1740 967 1820; x_wconf 83' lang='lat' dir='ltr'><strong>hujus</strong></span> <span class='ocrx_word' id='word_1_91' title='bbox 988 1741 1119 1801; x_wconf 82' lang='lat' dir='ltr'><strong>Sao.</strong></span> <span class='ocrx_word' id='word_1_92' title='bbox 1148 1737 1638 1820; x_wconf 85' lang='lat' dir='ltr'><strong>Congregationis</strong></span> <span class='ocrx_word' id='word_1_93' title='bbox 1657 1736 1993 1800; x_wconf 86' lang='lat' dir='ltr'><strong>Resolutio-</strong></span> 
     </span>
     <span class='ocr_line' id='line_1_14' title="bbox 438 1830 1997 1913; baseline -0.003 -15"><span class='ocrx_word' id='word_1_94' title='bbox 438 1837 626 1898; x_wconf 51' lang='lat' dir='ltr'><strong>¹nibus</strong></span> <span class='ocrx_word' id='word_1_95' title='bbox 646 1881 663 1908; x_wconf 92' lang='lat'><strong>,</strong></span> <span class='ocrx_word' id='word_1_96' title='bbox 693 1837 758 1896; x_wconf 83' lang='lat' dir='ltr'><strong>in</strong></span> <span class='ocrx_word' id='word_1_97' title='bbox 794 1835 1041 1913; x_wconf 79' lang='lat' dir='ltr'><strong>quadam</strong></span> <span class='ocrx_word' id='word_1_98' title='bbox 1088 1853 1261 1897; x_wconf 86' lang='lat' dir='ltr'><strong>causa</strong></span> <span class='ocrx_word' id='word_1_99' title='bbox 1309 1832 1615 1894; x_wconf 71' lang='lat' dir='ltr'><strong>cassanen.</strong></span> <span class='ocrx_word' id='word_1_100' title='bbox 1669 1851 1826 1912; x_wconf 88' lang='lat' dir='ltr'><strong>quae</strong></span> <span class='ocrx_word' id='word_1_101' title='bbox 1879 1830 1997 1893; x_wconf 82' lang='lat' dir='ltr'><strong>fuit</strong></span> 
     </span>
     <span class='ocr_line' id='line_1_15' title="bbox 440 1922 1993 2011; baseline -0.004 -19"><span class='ocrx_word' id='word_1_102' title='bbox 440 1922 743 2011; x_wconf 69' lang='lat' dir='ltr'><strong>proposita</strong></span> <span class='ocrx_word' id='word_1_103' title='bbox 765 1931 853 1990; x_wconf 81' lang='lat' dir='ltr'><strong>die</strong></span> <span class='ocrx_word' id='word_1_104' title='bbox 886 1934 942 1989; x_wconf 83' lang='lat'><strong>3.</strong></span> <span class='ocrx_word' id='word_1_105' title='bbox 978 1928 1229 1989; x_wconf 87' lang='lat' dir='ltr'><strong>Decemb.</strong></span> <span class='ocrx_word' id='word_1_106' title='bbox 1268 1932 1441 1988; x_wconf 89' lang='grc'><strong>1718.</strong></span> <span class='ocrx_word' id='word_1_107' title='bbox 1469 1934 1529 1988; x_wconf 85' lang='grc' dir='ltr'><strong>οι</strong></span> <span class='ocrx_word' id='word_1_108' title='bbox 1559 1926 1621 1987; x_wconf 88' lang='lat' dir='ltr'><strong>in</strong></span> <span class='ocrx_word' id='word_1_109' title='bbox 1649 1945 1771 2006; x_wconf 89' lang='lat' dir='ltr'><strong>qua</strong></span> <span class='ocrx_word' id='word_1_110' title='bbox 1793 1933 1993 1987; x_wconf 89' lang='lat' dir='ltr'><strong>actum</strong></span> 
     </span>
     <span class='ocr_line' id='line_1_16' title="bbox 442 2020 1994 2103; baseline -0.003 -18"><span class='ocrx_word' id='word_1_111' title='bbox 442 2023 560 2086; x_wconf 75' lang='lat' dir='ltr'><strong>tuit</strong></span> <span class='ocrx_word' id='word_1_112' title='bbox 580 2023 655 2085; x_wconf 89' lang='lat' dir='ltr'><strong>de</strong></span> <span class='ocrx_word' id='word_1_113' title='bbox 678 2022 952 2103; x_wconf 88' lang='lat' dir='ltr'><strong>antiqua,</strong></span> <span class='ocrx_word' id='word_1_114' title='bbox 984 2030 1043 2084; x_wconf 89' lang='lat' dir='ltr'><strong>et</strong></span> <span class='ocrx_word' id='word_1_115' title='bbox 1068 2021 1534 2083; x_wconf 81' lang='lat' dir='ltr'><strong>immemorabili</strong></span> <span class='ocrx_word' id='word_1_116' title='bbox 1560 2020 1994 2082; x_wconf 87' lang='lat' dir='ltr'><strong>consuetudine</strong></span> 
     </span>
     <span class='ocr_line' id='line_1_17' title="bbox 440 2114 1994 2200; baseline -0.003 -20"><span class='ocrx_word' id='word_1_117' title='bbox 440 2116 683 2200; x_wconf 78' lang='lat' dir='ltr'><strong>vigente</strong></span> <span class='ocrx_word' id='word_1_118' title='bbox 707 2116 768 2177; x_wconf 91' lang='lat' dir='ltr'><strong>in</strong></span> <span class='ocrx_word' id='word_1_119' title='bbox 798 2115 1127 2196; x_wconf 85' lang='lat' dir='ltr'><strong>Receptitia</strong></span> <span class='ocrx_word' id='word_1_120' title='bbox 1155 2114 1420 2177; x_wconf 77' lang='lat' dir='ltr'><strong>Ecclesia</strong></span> <span class='ocrx_word' id='word_1_121' title='bbox 1447 2114 1509 2176; x_wconf 90' lang='lat' dir='ltr'><strong>S.</strong></span> <span class='ocrx_word' id='word_1_122' title='bbox 1550 2114 1783 2176; x_wconf 87' lang='lat' dir='ltr'><strong>Mariae</strong></span> <span class='ocrx_word' id='word_1_123' title='bbox 1810 2114 1994 2194; x_wconf 85' lang='lat' dir='ltr'><strong>Majo-</strong></span> 
     </span>
     <span class='ocr_line' id='line_1_18' title="bbox 436 2207 1990 2290; baseline -0.003 -18"><span class='ocrx_word' id='word_1_124' title='bbox 436 2210 526 2272; x_wconf 87' lang='lat' dir='ltr'><strong>ris</strong></span> <span class='ocrx_word' id='word_1_125' title='bbox 550 2208 822 2272; x_wconf 89' lang='lat' dir='ltr'><strong>Civitatis</strong></span> <span class='ocrx_word' id='word_1_126' title='bbox 845 2209 1115 2290; x_wconf 67' lang='lat' dir='ltr'><strong>Maratae</strong></span> <span class='ocrx_word' id='word_1_127' title='bbox 1137 2209 1359 2289; x_wconf 81' lang='lat' dir='ltr'><strong>,juxta</strong></span> <span class='ocrx_word' id='word_1_128' title='bbox 1388 2227 1573 2290; x_wconf 88' lang='lat' dir='ltr'><strong>quam</strong></span> <span class='ocrx_word' id='word_1_129' title='bbox 1605 2207 1990 2270; x_wconf 90' lang='lat' dir='ltr'><strong>consuetudi·</strong></span> 
     </span>
     <span class='ocr_line' id='line_1_19' title="bbox 438 2299 1987 2385; baseline -0.003 -19"><span class='ocrx_word' id='word_1_130' title='bbox 438 2322 577 2366; x_wconf 86' lang='lat' dir='ltr'><strong>nem</strong></span> <span class='ocrx_word' id='word_1_131' title='bbox 600 2303 951 2385; x_wconf 87' lang='lat' dir='ltr'><strong>quicunque</strong></span> <span class='ocrx_word' id='word_1_132' title='bbox 976 2303 1263 2365; x_wconf 81' lang='lat' dir='ltr'><strong>Sacerdos</strong></span> <span class='ocrx_word' id='word_1_133' title='bbox 1288 2311 1421 2365; x_wconf 87' lang='lat' dir='ltr'><strong>erat</strong></span> <span class='ocrx_word' id='word_1_134' title='bbox 1459 2300 1868 2364; x_wconf 85' lang='lat' dir='ltr'><strong>admittendus</strong></span> <span class='ocrx_word' id='word_1_135' title='bbox 1912 2299 1987 2363; x_wconf 89' lang='lat' dir='ltr'><strong>ad</strong></span> 
     </span>
     <span class='ocr_line' id='line_1_20' title="bbox 438 2391 1990 2475; baseline -0.002 -17"><span class='ocrx_word' id='word_1_136' title='bbox 438 2416 766 2459; x_wconf 89' lang='lat' dir='ltr'><strong>numerum</strong></span> <span class='ocrx_word' id='word_1_137' title='bbox 792 2395 1183 2460; x_wconf 86' lang='lat' dir='ltr'><strong>Sacerdotum</strong></span> <span class='ocrx_word' id='word_1_138' title='bbox 1231 2394 1761 2475; x_wconf 84' lang='lat' dir='ltr'><strong>participantium,</strong></span> <span class='ocrx_word' id='word_1_139' title='bbox 1795 2391 1990 2456; x_wconf 87' lang='lat' dir='ltr'><strong>solve-</strong></span> 
     </span>
     <span class='ocr_line' id='line_1_21' title="bbox 439 2487 1990 2571; baseline -0.003 -18"><span class='ocrx_word' id='word_1_140' title='bbox 439 2490 566 2571; x_wconf 71' lang='lat' dir='ltr'><strong>bat⁴</strong></span> <span class='ocrx_word' id='word_1_141' title='bbox 586 2489 916 2570; x_wconf 89' lang='lat' dir='ltr'><strong>unicuique</strong></span> <span class='ocrx_word' id='word_1_142' title='bbox 938 2510 1014 2551; x_wconf 79' lang='lat' dir='ltr'><strong>ex</strong></span> <span class='ocrx_word' id='word_1_143' title='bbox 1051 2488 1173 2550; x_wconf 85' lang='lat' dir='ltr'><strong>illis</strong></span> <span class='ocrx_word' id='word_1_144' title='bbox 1210 2489 1414 2551; x_wconf 89' lang='lat' dir='ltr'><strong>decem</strong></span> <span class='ocrx_word' id='word_1_145' title='bbox 1442 2488 1764 2550; x_wconf 88' lang='lat' dir='ltr'><strong>Carolenos</strong></span> <span class='ocrx_word' id='word_1_146' title='bbox 1786 2532 1804 2561; x_wconf 99' lang='lat'><strong>,</strong></span> <span class='ocrx_word' id='word_1_147' title='bbox 1829 2494 1891 2549; x_wconf 87' lang='lat' dir='ltr'><strong>et</strong></span> <span class='ocrx_word' id='word_1_148' title='bbox 1916 2487 1990 2548; x_wconf 88' lang='lat' dir='ltr'><strong>ii-</strong></span> 
     </span>
     <span class='ocr_line' id='line_1_22' title="bbox 440 2582 1993 2662; baseline -0.002 -15"><span class='ocrx_word' id='word_1_149' title='bbox 440 2583 578 2647; x_wconf 87' lang='lat' dir='ltr'><strong>dem</strong></span> <span class='ocrx_word' id='word_1_150' title='bbox 608 2584 882 2647; x_wconf 82' lang='lat' dir='ltr'><strong>ferebant</strong></span> <span class='ocrx_word' id='word_1_151' title='bbox 905 2593 1058 2645; x_wconf 85' lang='lat' dir='ltr'><strong>onus</strong></span> <span class='ocrx_word' id='word_1_152' title='bbox 1079 2582 1316 2645; x_wconf 87' lang='lat' dir='ltr'><strong>emendi</strong></span> <span class='ocrx_word' id='word_1_153' title='bbox 1346 2590 1717 2662; x_wconf 88' lang='lat' dir='ltr'><strong>paramenta,</strong></span> <span class='ocrx_word' id='word_1_154' title='bbox 1742 2600 1882 2644; x_wconf 84' lang='lat' dir='ltr'><strong>vasa</strong></span> <span class='ocrx_word' id='word_1_155' title='bbox 1903 2600 1993 2644; x_wconf 87' lang='lat' dir='ltr'><strong>sa-</strong></span> 
     </span>
     <span class='ocr_line' id='line_1_23' title="bbox 428 2673 1993 2756; baseline -0.004 -15"><span class='ocrx_word' id='word_1_156' title='bbox 428 2697 567 2751; x_wconf 85' lang='lat' dir='ltr'><strong>cra,</strong></span> <span class='ocrx_word' id='word_1_157' title='bbox 588 2686 648 2739; x_wconf 89' lang='lat' dir='ltr'><strong>et</strong></span> <span class='ocrx_word' id='word_1_158' title='bbox 666 2677 786 2739; x_wconf 89' lang='lat' dir='ltr'><strong>alia</strong></span> <span class='ocrx_word' id='word_1_159' title='bbox 816 2676 1149 2739; x_wconf 87' lang='lat' dir='ltr'><strong>necessaria</strong></span> <span class='ocrx_word' id='word_1_160' title='bbox 1173 2695 1281 2756; x_wconf 90' lang='lat' dir='ltr'><strong>pro</strong></span> <span class='ocrx_word' id='word_1_161' title='bbox 1305 2675 1611 2749; x_wconf 87' lang='lat' dir='ltr'><strong>Sacristia,</strong></span> <span class='ocrx_word' id='word_1_162' title='bbox 1636 2695 1773 2737; x_wconf 91' lang='lat' dir='ltr'><strong>cum</strong></span> <span class='ocrx_word' id='word_1_163' title='bbox 1794 2673 1993 2754; x_wconf 88' lang='lat' dir='ltr'><strong>dispu-</strong></span> 
     </span>
     <span class='ocr_line' id='line_1_24' title="bbox 438 2769 1987 2849; baseline -0.003 -14"><span class='ocrx_word' id='word_1_164' title='bbox 438 2778 630 2835; x_wconf 81' lang='lat' dir='ltr'><strong>tatum</strong></span> <span class='ocrx_word' id='word_1_165' title='bbox 650 2770 859 2833; x_wconf 85' lang='lat' dir='ltr'><strong>fuisset</strong></span> <span class='ocrx_word' id='word_1_166' title='bbox 881 2770 1159 2842; x_wconf 89' lang='lat' dir='ltr'><strong>dubium,</strong></span> <span class='ocrx_word' id='word_1_167' title='bbox 1181 2790 1260 2831; x_wconf 80' lang='lat' dir='ltr'><strong>an</strong></span> <span class='ocrx_word' id='word_1_168' title='bbox 1278 2770 1615 2831; x_wconf 81' lang='lat' dir='ltr'><strong>consuetudo</strong></span> <span class='ocrx_word' id='word_1_169' title='bbox 1642 2771 1830 2849; x_wconf 75' lang='lat' dir='ltr'><strong>viqens</strong></span> <span class='ocrx_word' id='word_1_170' title='bbox 1859 2769 1987 2830; x_wconf 75' lang='lat' dir='ltr'><strong>exi-</strong></span> 
     </span>
     <span class='ocr_line' id='line_1_25' title="bbox 432 2864 1990 2947; baseline -0.003 -19"><span class='ocrx_word' id='word_1_171' title='bbox 432 2867 604 2947; x_wconf 63' lang='lat' dir='ltr'><strong>gendi</strong></span> <span class='ocrx_word' id='word_1_172' title='bbox 631 2885 670 2927; x_wconf 87' lang='lat' dir='ltr'><strong>a</strong></span> <span class='ocrx_word' id='word_1_173' title='bbox 692 2867 936 2946; x_wconf 78' lang='lat' dir='ltr'><strong>quolibet</strong></span> <span class='ocrx_word' id='word_1_174' title='bbox 958 2864 1293 2944; x_wconf 75' lang='lat' dir='ltr'><strong>Presbytero</strong></span> <span class='ocrx_word' id='word_1_175' title='bbox 1323 2866 1671 2927; x_wconf 80' lang='lat' dir='ltr'><strong>admittendo</strong></span> <span class='ocrx_word' id='word_1_176' title='bbox 1699 2867 1776 2926; x_wconf 80' lang='lat' dir='ltr'><strong>ad</strong></span> <span class='ocrx_word' id='word_1_177' title='bbox 1805 2866 1990 2944; x_wconf 85' lang='lat' dir='ltr'><strong>parti-</strong></span> 
     </span>
     <span class='ocr_line' id='line_1_26' title="bbox 435 2957 1993 3045; baseline -0.001 -25"><span class='ocrx_word' id='word_1_178' title='bbox 435 2961 775 3045; x_wconf 78' lang='lat' dir='ltr'><strong>cipationem</strong></span> <span class='ocrx_word' id='word_1_179' title='bbox 818 2977 1032 3029; x_wconf 78' lang='lat' dir='ltr'><strong>massae</strong></span> <span class='ocrx_word' id='word_1_180' title='bbox 1077 2960 1384 3022; x_wconf 81' lang='lat' dir='ltr'><strong>communis</strong></span> <span class='ocrx_word' id='word_1_181' title='bbox 1427 2958 1669 3036; x_wconf 80' lang='lat' dir='ltr'><strong>ejusdem</strong></span> <span class='ocrx_word' id='word_1_182' title='bbox 1705 2957 1993 3019; x_wconf 75' lang='lat' dir='ltr'><strong>Ecclesiae</strong></span> 
     </span>
     <span class='ocr_line' id='line_1_27' title="bbox 439 3038 1989 3122; baseline -0.002 -8"><span class='ocrx_word' id='word_1_183' title='bbox 439 3050 745 3114; x_wconf 75' lang='lat' dir='ltr'><strong>Carolenos</strong></span> <span class='ocrx_word' id='word_1_184' title='bbox 769 3052 988 3122; x_wconf 85' lang='lat' dir='ltr'><strong>decem,</strong></span> <span class='ocrx_word' id='word_1_185' title='bbox 1016 3061 1151 3110; x_wconf 84' lang='lat' dir='ltr'><strong>esset</strong></span> <span class='ocrx_word' id='word_1_186' title='bbox 1190 3038 1467 3113; x_wconf 81' lang='lat' dir='ltr'><strong>servanda</strong></span> <span class='ocrx_word' id='word_1_187' title='bbox 1492 3052 1558 3110; x_wconf 81' lang='lat' dir='ltr'><strong>in</strong></span> <span class='ocrx_word' id='word_1_188' title='bbox 1580 3071 1716 3112; x_wconf 83' lang='lat' dir='ltr'><strong>casu</strong></span> <span class='ocrx_word' id='word_1_189' title='bbox 1741 3061 1843 3112; x_wconf 84' lang='lat' dir='ltr'><strong>etc.</strong></span> <span class='ocrx_word' id='word_1_190' title='bbox 1893 3069 1989 3111; x_wconf 87' lang='lat' dir='ltr'><strong>re-</strong></span> 
     </span>
     <span class='ocr_line' id='line_1_28' title="bbox 432 3143 1989 3227; baseline 0 -21"><span class='ocrx_word' id='word_1_191' title='bbox 432 3163 726 3227; x_wconf 86' lang='lat' dir='ltr'><strong>sponsum</strong></span> <span class='ocrx_word' id='word_1_192' title='bbox 763 3143 880 3206; x_wconf 85' lang='lat' dir='ltr'><strong>suit</strong></span> <span class='ocrx_word' id='word_1_193' title='bbox 905 3145 1272 3225; x_wconf 79' lang='lat' dir='ltr'><strong>affirmative,</strong></span> <span class='ocrx_word' id='word_1_194' title='bbox 1302 3145 1599 3206; x_wconf 81' lang='lat' dir='ltr'><strong>dummodo</strong></span> <span class='ocrx_word' id='word_1_195' title='bbox 1623 3145 1728 3227; x_wconf 79' lang='lat' dir='ltr'><strong>fiat</strong></span> <span class='ocrx_word' id='word_1_196' title='bbox 1776 3145 1989 3227; x_wconf 83' lang='lat' dir='ltr'><strong>deposi-</strong></span> 
     </span>
     <span class='ocr_line' id='line_1_29' title="bbox 438 3238 1987 3321; baseline -0.001 -19"><span class='ocrx_word' id='word_1_197' title='bbox 438 3250 563 3302; x_wconf 75' lang='lat' dir='ltr'><strong>tum</strong></span> <span class='ocrx_word' id='word_1_198' title='bbox 587 3243 653 3301; x_wconf 78' lang='lat' dir='ltr'><strong>in</strong></span> <span class='ocrx_word' id='word_1_199' title='bbox 692 3260 862 3321; x_wconf 85' lang='lat' dir='ltr'><strong>capsa</strong></span> <span class='ocrx_word' id='word_1_200' title='bbox 890 3238 1204 3300; x_wconf 74' lang='lat' dir='ltr'><strong>sacristiae</strong></span> <span class='ocrx_word' id='word_1_201' title='bbox 1228 3284 1245 3312; x_wconf 93' lang='lat'><strong>,</strong></span> <span class='ocrx_word' id='word_1_202' title='bbox 1280 3250 1329 3300; x_wconf 83' lang='lat' dir='ltr'><strong>et</strong></span> <span class='ocrx_word' id='word_1_203' title='bbox 1359 3240 1506 3318; x_wconf 80' lang='lat' dir='ltr'><strong>quod</strong></span> <span class='ocrx_word' id='word_1_204' title='bbox 1533 3241 1841 3320; x_wconf 82' lang='lat' dir='ltr'><strong>depositum</strong></span> <span class='ocrx_word' id='word_1_205' title='bbox 1868 3260 1987 3301; x_wconf 83' lang='lat' dir='ltr'><strong>ero-</strong></span> 
     </span>
     <span class='ocr_line' id='line_1_30' title="bbox 440 3332 1993 3414; baseline 0.001 -19"><span class='ocrx_word' id='word_1_206' title='bbox 440 3343 606 3414; x_wconf 64' lang='lat' dir='ltr'><strong>getur</strong></span> <span class='ocrx_word' id='word_1_207' title='bbox 626 3335 690 3394; x_wconf 78' lang='lat' dir='ltr'><strong>iu</strong></span> <span class='ocrx_word' id='word_1_208' title='bbox 718 3353 853 3394; x_wconf 84' lang='lat' dir='ltr'><strong>usus</strong></span> <span class='ocrx_word' id='word_1_209' title='bbox 878 3334 1118 3412; x_wconf 82' lang='lat' dir='ltr'><strong>ejusdem</strong></span> <span class='ocrx_word' id='word_1_210' title='bbox 1144 3332 1459 3401; x_wconf 85' lang='lat' dir='ltr'><strong>Sacristiae</strong></span> <span class='ocrx_word' id='word_1_211' title='bbox 1487 3344 1710 3397; x_wconf 76' lang='lat' dir='ltr'><strong>tantum</strong></span> <span class='ocrx_word' id='word_1_212' title='bbox 1728 3380 1745 3409; x_wconf 89' lang='lat'><strong>,</strong></span> <span class='ocrx_word' id='word_1_213' title='bbox 1772 3342 1831 3397; x_wconf 87' lang='lat' dir='ltr'><strong>et</strong></span> <span class='ocrx_word' id='word_1_214' title='bbox 1857 3354 1993 3396; x_wconf 87' lang='lat' dir='ltr'><strong>con·</strong></span> 
     </span>
     <span class='ocr_line' id='line_1_31' title="bbox 436 3426 1987 3501; baseline -0.002 -9"><span class='ocrx_word' id='word_1_215' title='bbox 436 3427 815 3501; x_wconf 77' lang='lat' dir='ltr'><strong>trasacientes</strong></span> <span class='ocrx_word' id='word_1_216' title='bbox 847 3426 1068 3489; x_wconf 89' lang='lat' dir='ltr'><strong>nedum</strong></span> <span class='ocrx_word' id='word_1_217' title='bbox 1113 3426 1475 3489; x_wconf 82' lang='lat' dir='ltr'><strong>restitutioni</strong></span> <span class='ocrx_word' id='word_1_218' title='bbox 1509 3438 1706 3491; x_wconf 84' lang='lat' dir='ltr'><strong>essent</strong></span> <span class='ocrx_word' id='word_1_219' title='bbox 1738 3428 1987 3491; x_wconf 81' lang='lat' dir='ltr'><strong>obnoxii</strong></span> 
     </span>
     <span class='ocr_line' id='line_1_32' title="bbox 427 3521 1990 3603; baseline 0 -19"><span class='ocrx_word' id='word_1_220' title='bbox 427 3523 613 3603; x_wconf 71' lang='lat' dir='ltr'><strong>juxta</strong></span> <span class='ocrx_word' id='word_1_221' title='bbox 659 3522 712 3583; x_wconf 82' lang='lat' dir='ltr'><em>T</em></span> <span class='ocrx_word' id='word_1_222' title='bbox 705 3534 902 3586; x_wconf 75' lang='lat' dir='ltr'><strong>extum</strong></span> <span class='ocrx_word' id='word_1_223' title='bbox 938 3525 1003 3582; x_wconf 80' lang='lat' dir='ltr'><strong>in</strong></span> <span class='ocrx_word' id='word_1_224' title='bbox 1043 3541 1168 3602; x_wconf 83' lang='lat' dir='ltr'><strong>cap.</strong></span> <span class='ocrx_word' id='word_1_225' title='bbox 1207 3521 1273 3583; x_wconf 83' lang='lat' dir='ltr'><strong>de</strong></span> <span class='ocrx_word' id='word_1_226' title='bbox 1300 3522 1399 3586; x_wconf 77' lang='lat' dir='ltr'><strong>hoc</strong></span> <span class='ocrx_word' id='word_1_227' title='bbox 1434 3523 1499 3583; x_wconf 81' lang='lat' dir='ltr'><strong>de</strong></span> <span class='ocrx_word' id='word_1_228' title='bbox 1545 3524 1792 3584; x_wconf 76' lang='lat' dir='ltr'><strong>simonia</strong></span> <span class='ocrx_word' id='word_1_229' title='bbox 1813 3570 1829 3594; x_wconf 89' lang='lat'><strong>,</strong></span> <span class='ocrx_word' id='word_1_230' title='bbox 1886 3522 1990 3584; x_wconf 90' lang='lat' dir='ltr'><strong>sed</strong></span> 
     </span>
     <span class='ocr_line' id='line_1_33' title="bbox 438 3608 1991 3697; baseline -0.001 -19"><span class='ocrx_word' id='word_1_231' title='bbox 438 3615 618 3679; x_wconf 88' lang='lat' dir='ltr'><strong>etiam</strong></span> <span class='ocrx_word' id='word_1_232' title='bbox 648 3623 1028 3679; x_wconf 86' lang='lat' dir='ltr'><strong>remanerent</strong></span> <span class='ocrx_word' id='word_1_233' title='bbox 1054 3608 1306 3697; x_wconf 83' lang='lat' dir='ltr'><strong>subjecti</strong></span> <span class='ocrx_word' id='word_1_234' title='bbox 1334 3613 1471 3693; x_wconf 82' lang='lat' dir='ltr'><strong>aliis</strong></span> <span class='ocrx_word' id='word_1_235' title='bbox 1500 3615 1732 3695; x_wconf 84' lang='lat' dir='ltr'><strong>poenis,</strong></span> <span class='ocrx_word' id='word_1_236' title='bbox 1762 3615 1837 3676; x_wconf 91' lang='lat' dir='ltr'><strong>de</strong></span> <span class='ocrx_word' id='word_1_237' title='bbox 1857 3615 1991 3695; x_wconf 91' lang='lat' dir='ltr'><strong>qui-</strong></span> 
     </span>
     <span class='ocr_line' id='line_1_34' title="bbox 436 3706 1990 3791; baseline -0.005 -16"><span class='ocrx_word' id='word_1_238' title='bbox 436 3711 557 3775; x_wconf 81' lang='lat' dir='ltr'><strong>hus</strong></span> <span class='ocrx_word' id='word_1_239' title='bbox 578 3713 645 3772; x_wconf 76' lang='lat' dir='ltr'><strong>in</strong></span> <span class='ocrx_word' id='word_1_240' title='bbox 670 3712 923 3791; x_wconf 62' lang='lat' dir='ltr'><strong>allegata</strong></span> <span class='ocrx_word' id='word_1_241' title='bbox 961 3712 1185 3770; x_wconf 81' lang='lat' dir='ltr'><strong>constit.</strong></span> <span class='ocrx_word' id='word_1_242' title='bbox 1232 3712 1366 3770; x_wconf 81' lang='grc'><strong>104.</strong></span> <span class='ocrx_word' id='word_1_243' title='bbox 1416 3706 1493 3769; x_wconf 91' lang='lat' dir='ltr'><strong>S.</strong></span> <span class='ocrx_word' id='word_1_244' title='bbox 1529 3709 1634 3779; x_wconf 87' lang='lat' dir='ltr'><strong>Pii</strong></span> <span class='ocrx_word' id='word_1_245' title='bbox 1677 3707 1742 3769; x_wconf 87' lang='lat' dir='ltr'><strong>V.</strong></span> <span class='ocrx_word' id='word_1_246' title='bbox 1766 3708 1837 3769; x_wconf 90' lang='lat' dir='ltr'><strong>in</strong></span> <span class='ocrx_word' id='word_1_247' title='bbox 1868 3727 1990 3790; x_wconf 81' lang='lat' dir='ltr'><strong>qua</strong></span> 
     </span>
     <span class='ocr_line' id='line_1_35' title="bbox 435 3796 1988 3883; baseline -0.001 -18"><span class='ocrx_word' id='word_1_248' title='bbox 435 3802 693 3866; x_wconf 89' lang='lat' dir='ltr'><strong>ulterius</strong></span> <span class='ocrx_word' id='word_1_249' title='bbox 718 3803 1006 3873; x_wconf 87' lang='lat' dir='ltr'><strong>irritum.</strong></span> <span class='ocrx_word' id='word_1_250' title='bbox 1026 3809 1092 3864; x_wconf 89' lang='lat' dir='ltr'><strong>et</strong></span> <span class='ocrx_word' id='word_1_251' title='bbox 1114 3801 1296 3865; x_wconf 84' lang='lat' dir='ltr'><strong>inane</strong></span> <span class='ocrx_word' id='word_1_252' title='bbox 1312 3800 1662 3864; x_wconf 87' lang='lat' dir='ltr'><strong>decernitur</strong></span> <span class='ocrx_word' id='word_1_253' title='bbox 1690 3796 1988 3883; x_wconf 89' lang='lat' dir='ltr'><strong>quidquid</strong></span> 
     </span>
     <span class='ocr_line' id='line_1_36' title="bbox 435 3884 1687 3979; baseline -0.001 -19"><span class='ocrx_word' id='word_1_254' title='bbox 435 3895 500 3960; x_wconf 87' lang='lat' dir='ltr'><strong>in</strong></span> <span class='ocrx_word' id='word_1_255' title='bbox 526 3896 846 3979; x_wconf 77' lang='lat' dir='ltr'><strong>praedictis</strong></span> <span class='ocrx_word' id='word_1_256' title='bbox 874 3884 1193 3978; x_wconf 88' lang='lat' dir='ltr'><strong>contigerit</strong></span> <span class='ocrx_word' id='word_1_257' title='bbox 1216 3884 1534 3958; x_wconf 86' lang='lat' dir='ltr'><strong>attentari.</strong></span> <span class='ocrx_word' id='word_1_258' title='bbox 1684 3956 1687 3959; x_wconf 87' lang='lat'><strong>.</strong></span> 
     </span>
    </p>

    <p class='ocr_par' dir='ltr' id='par_1_3' title="bbox 433 3989 1993 5480">
     <span class='ocr_line' id='line_1_37' title="bbox 559 3989 1990 4072; baseline 0 -20"><span class='ocrx_word' id='word_1_259' title='bbox 559 3990 749 4055; x_wconf 83' lang='lat' dir='ltr'><strong>Plana</strong></span> <span class='ocrx_word' id='word_1_260' title='bbox 778 3990 947 4053; x_wconf 84' lang='lat' dir='ltr'><strong>haec</strong></span> <span class='ocrx_word' id='word_1_261' title='bbox 954 4009 1083 4057; x_wconf 83' lang='lat' dir='ltr'><strong>esse</strong></span> <span class='ocrx_word' id='word_1_262' title='bbox 1111 3990 1437 4065; x_wconf 85' lang='lat' dir='ltr'><strong>videntur;</strong></span> <span class='ocrx_word' id='word_1_263' title='bbox 1466 3989 1763 4071; x_wconf 77' lang='lat' dir='ltr'><strong>quocirca.</strong></span> <span class='ocrx_word' id='word_1_264' title='bbox 1788 3989 1990 4072; x_wconf 88' lang='lat' dir='ltr'><strong>inqui-</strong></span> 
     </span>
     <span class='ocr_line' id='line_1_38' title="bbox 439 4083 1988 4167; baseline 0 -21"><span class='ocrx_word' id='word_1_265' title='bbox 439 4102 575 4147; x_wconf 87' lang='lat' dir='ltr'><strong>rere</strong></span> <span class='ocrx_word' id='word_1_266' title='bbox 588 4103 740 4164; x_wconf 88' lang='lat' dir='ltr'><strong>opus</strong></span> <span class='ocrx_word' id='word_1_267' title='bbox 765 4091 885 4157; x_wconf 87' lang='lat' dir='ltr'><strong>est,</strong></span> <span class='ocrx_word' id='word_1_268' title='bbox 916 4102 995 4145; x_wconf 89' lang='lat' dir='ltr'><strong>an</strong></span> <span class='ocrx_word' id='word_1_269' title='bbox 1023 4083 1471 4166; x_wconf 85' lang='lat' dir='ltr'><strong>Cappellaniae,</strong></span> <span class='ocrx_word' id='word_1_270' title='bbox 1510 4085 1586 4148; x_wconf 89' lang='lat' dir='ltr'><strong>de</strong></span> <span class='ocrx_word' id='word_1_271' title='bbox 1608 4085 1849 4167; x_wconf 89' lang='lat' dir='ltr'><strong>quibus</strong></span> <span class='ocrx_word' id='word_1_272' title='bbox 1859 4084 1988 4167; x_wconf 86' lang='lat' dir='ltr'><strong>agi-</strong></span> 
     </span>
     <span class='ocr_line' id='line_1_39' title="bbox 443 4177 1990 4259; baseline 0.002 -20"><span class='ocrx_word' id='word_1_273' title='bbox 443 4184 582 4249; x_wconf 88' lang='lat' dir='ltr'><strong>tur,</strong></span> <span class='ocrx_word' id='word_1_274' title='bbox 610 4177 838 4257; x_wconf 85' lang='lat' dir='ltr'><strong>possint</strong></span> <span class='ocrx_word' id='word_1_275' title='bbox 859 4195 985 4239; x_wconf 84' lang='lat' dir='ltr'><strong>esse</strong></span> <span class='ocrx_word' id='word_1_276' title='bbox 1004 4178 1337 4259; x_wconf 87' lang='lat' dir='ltr'><strong>subjectum</strong></span> <span class='ocrx_word' id='word_1_277' title='bbox 1365 4177 1679 4241; x_wconf 86' lang='lat' dir='ltr'><strong>simoniae.</strong></span> <span class='ocrx_word' id='word_1_278' title='bbox 1709 4179 1990 4242; x_wconf 82' lang='lat' dir='ltr'><strong>Affirma-</strong></span> 
     </span>
     <span class='ocr_line' id='line_1_40' title="bbox 440 4257 1990 4353; baseline 0.003 -20"><span class='ocrx_word' id='word_1_279' title='bbox 440 4269 568 4333; x_wconf 79' lang='lat' dir='ltr'><strong>tiva</strong></span> <span class='ocrx_word' id='word_1_280' title='bbox 586 4270 813 4352; x_wconf 80' lang='lat' dir='ltr'><strong>quippe</strong></span> <span class='ocrx_word' id='word_1_281' title='bbox 830 4271 1140 4347; x_wconf 71' lang='lat' dir='ltr'><strong>suadetur,</strong></span> <span class='ocrx_word' id='word_1_282' title='bbox 1171 4290 1249 4334; x_wconf 79' lang='lat' dir='ltr'><strong>ex.</strong></span> <span class='ocrx_word' id='word_1_283' title='bbox 1269 4290 1390 4353; x_wconf 86' lang='lat' dir='ltr'><strong>quo</strong></span> <span class='ocrx_word' id='word_1_284' title='bbox 1414 4272 1551 4334; x_wconf 92' lang='lat' dir='ltr'><strong>licet</strong></span> <span class='ocrx_word' id='word_1_285' title='bbox 1578 4257 1990 4337; x_wconf 83' lang='lat' dir='ltr'><strong>Ecclesiastica</strong></span> 
     </span>
     <span class='ocr_line' id='line_1_41' title="bbox 438 4352 1991 4447; baseline 0.003 -22"><span class='ocrx_word' id='word_1_286' title='bbox 438 4363 738 4429; x_wconf 83' lang='lat' dir='ltr'><strong>Beneficia</strong></span> <span class='ocrx_word' id='word_1_287' title='bbox 761 4364 881 4447; x_wconf 84' lang='lat' dir='ltr'><strong>dici</strong></span> <span class='ocrx_word' id='word_1_288' title='bbox 906 4384 1027 4433; x_wconf 83' lang='lat' dir='ltr'><strong>non</strong></span> <span class='ocrx_word' id='word_1_289' title='bbox 1047 4352 1310 4447; x_wconf 81' lang='lat' dir='ltr'><strong>valeant,</strong></span> <span class='ocrx_word' id='word_1_290' title='bbox 1330 4385 1638 4429; x_wconf 83' lang='lat' dir='ltr'><strong>annexum</strong></span> <span class='ocrx_word' id='word_1_291' title='bbox 1668 4377 1865 4430; x_wconf 89' lang='lat' dir='ltr'><strong>tamen</strong></span> <span class='ocrx_word' id='word_1_292' title='bbox 1887 4367 1991 4430; x_wconf 88' lang='lat' dir='ltr'><strong>ha-</strong></span> 
     </span>
     <span class='ocr_line' id='line_1_42' title="bbox 439 4440 1993 4567; baseline 0 -44"><span class='ocrx_word' id='word_1_293' title='bbox 439 4457 595 4539; x_wconf 76' lang='lat' dir='ltr'><strong>beat</strong></span> <span class='ocrx_word' id='word_1_294' title='bbox 605 4440 856 4545; x_wconf 84' lang='lat' dir='ltr'><strong>aliquod</strong></span> <span class='ocrx_word' id='word_1_295' title='bbox 874 4456 1333 4541; x_wconf 64' lang='lat' dir='ltr'><strong>ecclesiasticum</strong></span> <span class='ocrx_word' id='word_1_296' title='bbox 1354 4457 1639 4534; x_wconf 77' lang='lat' dir='ltr'><strong>officium,</strong></span> <span class='ocrx_word' id='word_1_297' title='bbox 1668 4461 1733 4522; x_wconf 88' lang='lat' dir='ltr'><strong>in</strong></span> <span class='ocrx_word' id='word_1_298' title='bbox 1755 4481 1901 4567; x_wconf 80' lang='lat' dir='ltr'><strong>quo</strong></span> <span class='ocrx_word' id='word_1_299' title='bbox 1903 4482 1993 4523; x_wconf 86' lang='lat' dir='ltr'><strong>re·</strong></span> 
     </span>
     <span class='ocr_line' id='line_1_43' title="bbox 440 4546 1991 4639; baseline 0.001 -23"><span class='ocrx_word' id='word_1_300' title='bbox 440 4573 579 4616; x_wconf 84' lang='lat' dir='ltr'><strong>rum</strong></span> <span class='ocrx_word' id='word_1_301' title='bbox 603 4559 763 4614; x_wconf 90' lang='lat' dir='ltr'><strong>statu</strong></span> <span class='ocrx_word' id='word_1_302' title='bbox 784 4551 1176 4639; x_wconf 80' lang='lat' dir='ltr'><strong>contrectatio</strong></span> <span class='ocrx_word' id='word_1_303' title='bbox 1209 4571 1399 4635; x_wconf 80' lang='lat' dir='ltr'><strong>super</strong></span> <span class='ocrx_word' id='word_1_304' title='bbox 1420 4552 1633 4629; x_wconf 79' lang='lat' dir='ltr'><strong>iisdem</strong></span> <span class='ocrx_word' id='word_1_305' title='bbox 1662 4546 1991 4619; x_wconf 83' lang='lat' dir='ltr'><strong>simoniaca</strong></span> 
     </span>
     <span class='ocr_line' id='line_1_44' title="bbox 440 4644 1991 4733; baseline 0.003 -27"><span class='ocrx_word' id='word_1_306' title='bbox 440 4665 568 4710; x_wconf 81' lang='lat' dir='ltr'><strong>esse</strong></span> <span class='ocrx_word' id='word_1_307' title='bbox 594 4652 825 4727; x_wconf 83' lang='lat' dir='ltr'><strong>potest,</strong></span> <span class='ocrx_word' id='word_1_308' title='bbox 844 4644 919 4707; x_wconf 88' lang='lat' dir='ltr'><strong>si</strong></span> <span class='ocrx_word' id='word_1_309' title='bbox 936 4663 1072 4725; x_wconf 77' lang='lat' dir='ltr'><strong>non</strong></span> <span class='ocrx_word' id='word_1_310' title='bbox 1094 4644 1171 4707; x_wconf 90' lang='lat' dir='ltr'><strong>de</strong></span> <span class='ocrx_word' id='word_1_311' title='bbox 1183 4645 1637 4733; x_wconf 54' lang='lat' dir='ltr'><strong>luwivino,</strong></span> <span class='ocrx_word' id='word_1_312' title='bbox 1672 4648 1884 4711; x_wconf 82' lang='lat' dir='ltr'><strong>saltem</strong></span> <span class='ocrx_word' id='word_1_313' title='bbox 1915 4649 1991 4710; x_wconf 90' lang='lat' dir='ltr'><strong>de</strong></span> 
     </span>
     <span class='ocr_line' id='line_1_45' title="bbox 438 4737 1987 4821; baseline 0.001 -19"><span class='ocrx_word' id='word_1_314' title='bbox 438 4738 591 4804; x_wconf 66' lang='lat' dir='ltr'><strong>Iure</strong></span> <span class='ocrx_word' id='word_1_315' title='bbox 612 4737 1028 4813; x_wconf 76' lang='lat' dir='ltr'><strong>ecclesiastico,</strong></span> <span class='ocrx_word' id='word_1_316' title='bbox 1048 4739 1241 4821; x_wconf 70' lang='lat' dir='ltr'><strong>juaeta</strong></span> <span class='ocrx_word' id='word_1_317' title='bbox 1254 4738 1419 4811; x_wconf 69' lang='lat' dir='ltr'><strong>Text.</strong></span> <span class='ocrx_word' id='word_1_318' title='bbox 1446 4742 1511 4817; x_wconf 82' lang='grc' dir='ltr'><strong>ιίι</strong></span> <span class='ocrx_word' id='word_1_319' title='bbox 1536 4760 1745 4804; x_wconf 77' lang='lat' dir='ltr'><strong>canone</strong></span> <span class='ocrx_word' id='word_1_320' title='bbox 1772 4742 1987 4805; x_wconf 81' lang='lat' dir='ltr'><strong>Salva-</strong></span> 
     </span>
     <span class='ocr_line' id='line_1_46' title="bbox 440 4814 1992 4921; baseline 0.001 -24"><span class='ocrx_word' id='word_1_321' title='bbox 440 4845 563 4921; x_wconf 70' lang='lat' dir='ltr'><strong>tor,</strong></span> <span class='ocrx_word' id='word_1_322' title='bbox 577 4836 766 4916; x_wconf 72' lang='lat' dir='ltr'><strong>ibique</strong></span> <span class='ocrx_word' id='word_1_323' title='bbox 783 4834 923 4914; x_wconf 74' lang='lat' dir='ltr'><strong>qlos.</strong></span> <span class='ocrx_word' id='word_1_324' title='bbox 946 4833 1011 4895; x_wconf 73' lang='lat' dir='ltr'><strong>ia</strong></span> <span class='ocrx_word' id='word_1_325' title='bbox 1032 4833 1181 4895; x_wconf 76' lang='lat' dir='ltr'><strong>verb.</strong></span> <span class='ocrx_word' id='word_1_326' title='bbox 1207 4842 1259 4894; x_wconf 80' lang='lat' dir='ltr'><strong>et</strong></span> <span class='ocrx_word' id='word_1_327' title='bbox 1281 4814 1512 4907; x_wconf 71' lang='lat' dir='ltr'><strong>Iudices</strong></span> <span class='ocrx_word' id='word_1_328' title='bbox 1530 4839 1728 4917; x_wconf 76' lang='lat' dir='ltr'><strong>prima</strong></span> <span class='ocrx_word' id='word_1_329' title='bbox 1752 4856 1808 4917; x_wconf 83' lang='lat' dir='ltr'><strong>q.</strong></span> <span class='ocrx_word' id='word_1_330' title='bbox 1839 4842 1896 4897; x_wconf 84' lang='lat'><strong>3.</strong></span> <span class='ocrx_word' id='word_1_331' title='bbox 1931 4844 1992 4899; x_wconf 85' lang='lat' dir='ltr'><strong>et</strong></span> 
     </span>
     <span class='ocr_line' id='line_1_47' title="bbox 438 4922 1988 5031; baseline 0.001 -42"><span class='ocrx_word' id='word_1_332' title='bbox 438 4925 683 4999; x_wconf 73' lang='lat' dir='ltr'><strong>iaciunt·</strong></span> <span class='ocrx_word' id='word_1_333' title='bbox 703 4926 954 5003; x_wconf 81' lang='lat' dir='ltr'><strong>deducta</strong></span> <span class='ocrx_word' id='word_1_334' title='bbox 977 4945 1095 5008; x_wconf 87' lang='grc' dir='ltr'><em>ρον</em></span> <span class='ocrx_word' id='word_1_335' title='bbox 1106 4922 1304 5009; x_wconf 74' lang='lat' dir='ltr'><strong>Faqu.</strong></span> <span class='ocrx_word' id='word_1_336' title='bbox 1320 4928 1403 4995; x_wconf 83' lang='grc' dir='ltr'><strong>ιἰι</strong></span> <span class='ocrx_word' id='word_1_337' title='bbox 1408 4946 1556 5031; x_wconf 71' lang='lat' dir='ltr'><strong>cap.</strong></span> <span class='ocrx_word' id='word_1_338' title='bbox 1602 4948 1730 4991; x_wconf 84' lang='lat' dir='ltr'><strong>cum</strong></span> <span class='ocrx_word' id='word_1_339' title='bbox 1768 4931 1988 5010; x_wconf 80' lang='lat' dir='ltr'><strong>pridem</strong></span> 
     </span>
     <span class='ocr_line' id='line_1_48' title="bbox 437 5014 1988 5113; baseline 0 -27"><span class='ocrx_word' id='word_1_340' title='bbox 437 5039 599 5087; x_wconf 78' lang='grc' dir='ltr'>ιιιιιιι.</span> <span class='ocrx_word' id='word_1_341' title='bbox 632 5026 729 5091; x_wconf 72' lang='grc'><strong>17.</strong></span> <span class='ocrx_word' id='word_1_342' title='bbox 764 5021 829 5083; x_wconf 78' lang='lat' dir='ltr'><strong>de</strong></span> <span class='ocrx_word' id='word_1_343' title='bbox 850 5021 1067 5103; x_wconf 83' lang='lat' dir='ltr'><strong>pactis..</strong></span> <span class='ocrx_word' id='word_1_344' title='bbox 1083 5018 1136 5082; x_wconf 86' lang='lat' dir='ltr'><strong>E</strong></span> <span class='ocrx_word' id='word_1_345' title='bbox 1154 5014 1363 5099; x_wconf 71' lang='lat' dir='ltr'><strong>contra</strong></span> <span class='ocrx_word' id='word_1_346' title='bbox 1368 5020 1539 5113; x_wconf 52' lang='lat' dir='ltr'><strong>§gero</strong></span> <span class='ocrx_word' id='word_1_347' title='bbox 1556 5022 1833 5104; x_wconf 87' lang='lat' dir='ltr'><strong>negativa</strong></span> <span class='ocrx_word' id='word_1_348' title='bbox 1857 5043 1988 5086; x_wconf 88' lang='lat' dir='ltr'><strong>sen-</strong></span> 
     </span>
     <span class='ocr_line' id='line_1_49' title="bbox 438 5076 1984 5201; baseline -0.003 -16"><span class='ocrx_word' id='word_1_349' title='bbox 438 5100 627 5187; x_wconf 70' lang='lat' dir='ltr'><strong>tenda</strong></span> <span class='ocrx_word' id='word_1_350' title='bbox 671 5114 1006 5197; x_wconf 62' lang='lat' dir='ltr'><strong>suadetur,</strong></span> <span class='ocrx_word' id='word_1_351' title='bbox 1049 5132 1143 5191; x_wconf 71' lang='lat' dir='ltr'><strong>ex</strong></span> <span class='ocrx_word' id='word_1_352' title='bbox 1162 5132 1288 5201; x_wconf 64' lang='lat' dir='ltr'><strong>‚quq</strong></span> <span class='ocrx_word' id='word_1_353' title='bbox 1316 5076 1754 5201; x_wconf 55' lang='lat' dir='ltr'><strong>§appellamus</strong></span> <span class='ocrx_word' id='word_1_354' title='bbox 1795 5117 1984 5191; x_wconf 89' lang='lat' dir='ltr'><strong>istae,</strong></span> 
     </span>
     <span class='ocr_line' id='line_1_50' title="bbox 438 5198 1983 5299; baseline -0.002 -23"><span class='ocrx_word' id='word_1_355' title='bbox 438 5215 647 5289; x_wconf 70' lang='lat' dir='ltr'><strong>utputa</strong></span> <span class='ocrx_word' id='word_1_356' title='bbox 666 5200 943 5295; x_wconf 67' lang='lat' dir='ltr'><strong>laicales,</strong></span> <span class='ocrx_word' id='word_1_357' title='bbox 975 5226 1097 5271; x_wconf 86' lang='lat' dir='ltr'><strong>non</strong></span> <span class='ocrx_word' id='word_1_358' title='bbox 1110 5198 1289 5293; x_wconf 58' lang='lat' dir='ltr'><strong>&#39;siantl</strong></span> <span class='ocrx_word' id='word_1_359' title='bbox 1314 5209 1650 5299; x_wconf 56' lang='lat' dir='ltr'><strong>subjectum</strong></span> <span class='ocrx_word' id='word_1_360' title='bbox 1680 5230 1872 5291; x_wconf 85' lang='lat' dir='ltr'><strong>capax</strong></span> <span class='ocrx_word' id='word_1_361' title='bbox 1903 5211 1983 5273; x_wconf 88' lang='lat' dir='ltr'><strong>si.-</strong></span> 
     </span>
     <span class='ocr_line' id='line_1_51' title="bbox 439 5284 1983 5387; baseline 0.003 -25"><span class='ocrx_word' id='word_1_362' title='bbox 439 5300 708 5375; x_wconf 85' lang='lat' dir='ltr'><strong>mouiae,</strong></span> <span class='ocrx_word' id='word_1_363' title='bbox 741 5300 881 5366; x_wconf 81' lang='lat' dir='ltr'><strong>licet</strong></span> <span class='ocrx_word' id='word_1_364' title='bbox 918 5284 1184 5371; x_wconf 56' lang='lat' dir='ltr'><strong>habant</strong></span> <span class='ocrx_word' id='word_1_365' title='bbox 1214 5320 1541 5387; x_wconf 52' lang='lat' dir='ltr'><strong>&amp;mimum</strong></span> <span class='ocrx_word' id='word_1_366' title='bbox 1572 5322 1727 5367; x_wconf 88' lang='lat' dir='ltr'><strong>onus</strong></span> <span class='ocrx_word' id='word_1_367' title='bbox 1770 5304 1983 5367; x_wconf 75' lang='lat' dir='ltr'><strong>Missa·</strong></span> 
     </span>
     <span class='ocr_line' id='line_1_52' title="bbox 433 5394 1981 5480; baseline 0.003 -25"><span class='ocrx_word' id='word_1_368' title='bbox 433 5412 572 5469; x_wconf 86' lang='lat' dir='ltr'><strong>rum</strong></span> <span class='ocrx_word' id='word_1_369' title='bbox 596 5439 614 5468; x_wconf 99' lang='lat'><strong>,</strong></span> <span class='ocrx_word' id='word_1_370' title='bbox 641 5396 703 5457; x_wconf 92' lang='lat' dir='ltr'><strong>in</strong></span> <span class='ocrx_word' id='word_1_371' title='bbox 728 5414 849 5477; x_wconf 86' lang='lat' dir='ltr'><strong>quo</strong></span> <span class='ocrx_word' id='word_1_372' title='bbox 893 5415 1097 5459; x_wconf 86' lang='lat' dir='ltr'><strong>rerum</strong></span> <span class='ocrx_word' id='word_1_373' title='bbox 1122 5394 1391 5460; x_wconf 68' lang='lat' dir='ltr'><strong>themate</strong></span> <span class='ocrx_word' id='word_1_374' title='bbox 1439 5398 1742 5477; x_wconf 85' lang='lat' dir='ltr'><strong>pactiones</strong></span> <span class='ocrx_word' id='word_1_375' title='bbox 1782 5398 1981 5480; x_wconf 86' lang='lat' dir='ltr'><strong>quoad</strong></span> 
     </span>
    </p>
   </div>
   <div class='ocr_carea' id='block_1_3' title="bbox 2099 698 3661 3133">
    <p class='ocr_par' dir='ltr' id='par_1_4' title="bbox 2099 698 3661 2272">
     <span class='ocr_line' id='line_1_53' title="bbox 2110 698 3647 783; baseline 0.003 -19"><span class='ocrx_word' id='word_1_376' title='bbox 2110 720 2230 764; x_wconf 93' lang='lat' dir='ltr'><strong>non</strong></span> <span class='ocrx_word' id='word_1_377' title='bbox 2261 699 2643 765; x_wconf 85' lang='lat' dir='ltr'><strong>simoniacae.</strong></span> <span class='ocrx_word' id='word_1_378' title='bbox 2677 698 2936 763; x_wconf 68' lang='lat' dir='ltr'><strong>Gibalivt.</strong></span> <span class='ocrx_word' id='word_1_379' title='bbox 2963 700 3291 765; x_wconf 70' lang='grc' dir='ltr'>ἀόιιιιιοιιιο</span> <span class='ocrx_word' id='word_1_380' title='bbox 3310 716 3525 783; x_wconf 75' lang='lat' dir='ltr'><strong>quaest</strong></span> <span class='ocrx_word' id='word_1_381' title='bbox 3547 710 3647 768; x_wconf 70' lang='lat'><strong>20.</strong></span> 
     </span>
     <span class='ocr_line' id='line_1_54' title="bbox 2108 775 3651 877; baseline 0.003 -19"><span class='ocrx_word' id='word_1_382' title='bbox 2108 808 2339 858; x_wconf 87' lang='lat' dir='ltr'><strong>consect.</strong></span> <span class='ocrx_word' id='word_1_383' title='bbox 2382 800 2442 857; x_wconf 89' lang='grc'><strong>7.</strong></span> <span class='ocrx_word' id='word_1_384' title='bbox 2477 803 2538 858; x_wconf 83' lang='grc' dir='ltr'><strong>οι</strong></span> <span class='ocrx_word' id='word_1_385' title='bbox 2559 792 2716 857; x_wconf 87' lang='lat' dir='ltr'><strong>latae</strong></span> <span class='ocrx_word' id='word_1_386' title='bbox 2744 775 3129 877; x_wconf 83' lang='lat' dir='ltr'><strong>prosequitur</strong></span> <span class='ocrx_word' id='word_1_387' title='bbox 3149 796 3223 858; x_wconf 97' lang='grc'><strong>11.</strong></span> <span class='ocrx_word' id='word_1_388' title='bbox 3267 796 3336 857; x_wconf 88' lang='lat' dir='ltr'><strong>P.</strong></span> <span class='ocrx_word' id='word_1_389' title='bbox 3372 797 3445 859; x_wconf 85' lang='lat' dir='ltr'><strong>D.</strong></span> <span class='ocrx_word' id='word_1_390' title='bbox 3473 799 3651 863; x_wconf 74' lang='lat' dir='ltr'><strong>Petra</strong></span> 
     </span>
     <span class='ocr_line' id='line_1_55' title="bbox 2106 889 3660 970; baseline 0.003 -17"><span class='ocrx_word' id='word_1_391' title='bbox 2106 893 2182 953; x_wconf 81' lang='lat' dir='ltr'><strong>ad</strong></span> <span class='ocrx_word' id='word_1_392' title='bbox 2208 890 2401 951; x_wconf 79' lang='lat' dir='ltr'><strong>Const.</strong></span> <span class='ocrx_word' id='word_1_393' title='bbox 2433 889 2629 970; x_wconf 83' lang='lat' dir='ltr'><strong>Apost.</strong></span> <span class='ocrx_word' id='word_1_394' title='bbox 2682 900 2813 950; x_wconf 82' lang='lat' dir='ltr'><strong>tom.</strong></span> <span class='ocrx_word' id='word_1_395' title='bbox 2841 894 2922 951; x_wconf 95' lang='grc'><strong>4.</strong></span> <span class='ocrx_word' id='word_1_396' title='bbox 2974 911 3108 970; x_wconf 71' lang='lat' dir='ltr'><strong>paq.</strong></span> <span class='ocrx_word' id='word_1_397' title='bbox 3141 897 3279 954; x_wconf 87' lang='grc'><strong>503.</strong></span> <span class='ocrx_word' id='word_1_398' title='bbox 3325 900 3384 954; x_wconf 88' lang='lat' dir='ltr'><strong>et</strong></span> <span class='ocrx_word' id='word_1_399' title='bbox 3428 894 3660 958; x_wconf 73' lang='lat' dir='ltr'><strong>confert</strong></span> 
     </span>
     <span class='ocr_line' id='line_1_56' title="bbox 2109 984 3660 1067; baseline 0.004 -20"><span class='ocrx_word' id='word_1_400' title='bbox 2109 985 2394 1048; x_wconf 77' lang='lat' dir='ltr'><strong>resolutio</strong></span> <span class='ocrx_word' id='word_1_401' title='bbox 2441 985 2622 1067; x_wconf 78' lang='lat' dir='ltr'><strong>huJus</strong></span> <span class='ocrx_word' id='word_1_402' title='bbox 2655 984 2787 1046; x_wconf 87' lang='lat' dir='ltr'><strong>Sac.</strong></span> <span class='ocrx_word' id='word_1_403' title='bbox 2832 984 3323 1066; x_wconf 85' lang='lat' dir='ltr'><strong>Congregationis</strong></span> <span class='ocrx_word' id='word_1_404' title='bbox 3370 987 3434 1048; x_wconf 89' lang='lat' dir='ltr'><strong>in</strong></span> <span class='ocrx_word' id='word_1_405' title='bbox 3480 1007 3660 1053; x_wconf 83' lang='lat' dir='ltr'><strong>causa</strong></span> 
     </span>
     <span class='ocr_line' id='line_1_57' title="bbox 2107 1079 3659 1161; baseline 0.002 -19"><span class='ocrx_word' id='word_1_406' title='bbox 2107 1081 2500 1161; x_wconf 85' lang='lat' dir='ltr'><strong>Neapolitana</strong></span> <span class='ocrx_word' id='word_1_407' title='bbox 2528 1081 2618 1140; x_wconf 82' lang='lat' dir='ltr'><strong>die</strong></span> <span class='ocrx_word' id='word_1_408' title='bbox 2640 1084 2740 1141; x_wconf 76' lang='lat'><strong>26.</strong></span> <span class='ocrx_word' id='word_1_409' title='bbox 2768 1079 3018 1158; x_wconf 75' lang='lat' dir='ltr'><strong>Auyusti</strong></span> <span class='ocrx_word' id='word_1_410' title='bbox 3047 1085 3220 1141; x_wconf 86' lang='grc'><strong>1719.</strong></span> <span class='ocrx_word' id='word_1_411' title='bbox 3254 1080 3317 1140; x_wconf 86' lang='grc' dir='ltr'><strong>ἰιι</strong></span> <span class='ocrx_word' id='word_1_412' title='bbox 3350 1099 3472 1161; x_wconf 90' lang='lat' dir='ltr'><strong>qua</strong></span> <span class='ocrx_word' id='word_1_413' title='bbox 3497 1082 3659 1145; x_wconf 81' lang='lat' dir='ltr'><strong>exci-</strong></span> 
     </span>
     <span class='ocr_line' id='line_1_58' title="bbox 2106 1173 3661 1240; baseline 0.001 -3"><span class='ocrx_word' id='word_1_414' title='bbox 2106 1185 2227 1237; x_wconf 88' lang='lat' dir='ltr'><strong>tata</strong></span> <span class='ocrx_word' id='word_1_415' title='bbox 2259 1173 2666 1237; x_wconf 86' lang='lat' dir='ltr'><strong>controversia</strong></span> <span class='ocrx_word' id='word_1_416' title='bbox 2710 1174 2785 1236; x_wconf 91' lang='lat' dir='ltr'><strong>de</strong></span> <span class='ocrx_word' id='word_1_417' title='bbox 2823 1173 3135 1235; x_wconf 87' lang='lat' dir='ltr'><strong>nonnullis</strong></span> <span class='ocrx_word' id='word_1_418' title='bbox 3160 1175 3661 1240; x_wconf 84' lang='lat' dir='ltr'><strong>conventionibus</strong></span> 
     </span>
     <span class='ocr_line' id='line_1_59' title="bbox 2103 1268 3659 1349; baseline 0.001 -19"><span class='ocrx_word' id='word_1_419' title='bbox 2103 1269 2273 1330; x_wconf 87' lang='lat' dir='ltr'><strong>initis</strong></span> <span class='ocrx_word' id='word_1_420' title='bbox 2294 1289 2474 1349; x_wconf 89' lang='lat' dir='ltr'><strong>super</strong></span> <span class='ocrx_word' id='word_1_421' title='bbox 2508 1269 2757 1349; x_wconf 72' lang='lat' dir='ltr'><strong>huiusce</strong></span> <span class='ocrx_word' id='word_1_422' title='bbox 2780 1268 3015 1348; x_wconf 84' lang='lat' dir='ltr'><strong>generis</strong></span> <span class='ocrx_word' id='word_1_423' title='bbox 3037 1268 3474 1349; x_wconf 89' lang='lat' dir='ltr'><strong>Cappellanias,</strong></span> <span class='ocrx_word' id='word_1_424' title='bbox 3502 1290 3659 1332; x_wconf 84' lang='lat' dir='ltr'><strong>reso-</strong></span> 
     </span>
     <span class='ocr_line' id='line_1_60' title="bbox 2104 1361 3659 1444; baseline 0.002 -20"><span class='ocrx_word' id='word_1_425' title='bbox 2104 1363 2305 1425; x_wconf 84' lang='lat' dir='ltr'><strong>lutum</strong></span> <span class='ocrx_word' id='word_1_426' title='bbox 2328 1363 2476 1433; x_wconf 83' lang='lat' dir='ltr'><strong>fuit,</strong></span> <span class='ocrx_word' id='word_1_427' title='bbox 2511 1381 2630 1424; x_wconf 90' lang='lat' dir='ltr'><strong>non</strong></span> <span class='ocrx_word' id='word_1_428' title='bbox 2654 1361 2916 1424; x_wconf 85' lang='lat' dir='ltr'><strong>adfuisse</strong></span> <span class='ocrx_word' id='word_1_429' title='bbox 2939 1361 3258 1423; x_wconf 88' lang='lat' dir='ltr'><strong>simoniam</strong></span> <span class='ocrx_word' id='word_1_430' title='bbox 3282 1408 3299 1434; x_wconf 97' lang='lat'><strong>,</strong></span> <span class='ocrx_word' id='word_1_431' title='bbox 3338 1382 3448 1425; x_wconf 91' lang='lat' dir='ltr'><strong>nec</strong></span> <span class='ocrx_word' id='word_1_432' title='bbox 3475 1364 3659 1444; x_wconf 87' lang='lat' dir='ltr'><strong>pacis·</strong></span> 
     </span>
     <span class='ocr_line' id='line_1_61' title="bbox 2101 1456 3655 1537; baseline 0.002 -19"><span class='ocrx_word' id='word_1_433' title='bbox 2101 1467 2330 1520; x_wconf 86' lang='lat' dir='ltr'><strong>centem</strong></span> <span class='ocrx_word' id='word_1_434' title='bbox 2364 1456 2691 1518; x_wconf 79' lang='lat' dir='ltr'><strong>incurrisse</strong></span> <span class='ocrx_word' id='word_1_435' title='bbox 2721 1475 2938 1537; x_wconf 87' lang='lat' dir='ltr'><strong>poenas</strong></span> <span class='ocrx_word' id='word_1_436' title='bbox 2960 1456 3285 1529; x_wconf 85' lang='lat' dir='ltr'><strong>simoniae,</strong></span> <span class='ocrx_word' id='word_1_437' title='bbox 3314 1456 3452 1519; x_wconf 81' lang='lat' dir='ltr'><strong>licet</strong></span> <span class='ocrx_word' id='word_1_438' title='bbox 3485 1467 3655 1537; x_wconf 88' lang='lat' dir='ltr'><strong>pacta</strong></span> 
     </span>
     <span class='ocr_line' id='line_1_62' title="bbox 2100 1550 3651 1625; baseline -0.001 -10"><span class='ocrx_word' id='word_1_439' title='bbox 2100 1561 2296 1615; x_wconf 87' lang='lat' dir='ltr'><strong>essent</strong></span> <span class='ocrx_word' id='word_1_440' title='bbox 2322 1551 2538 1614; x_wconf 87' lang='lat' dir='ltr'><strong>illicita</strong></span> <span class='ocrx_word' id='word_1_441' title='bbox 2561 1597 2576 1625; x_wconf 95' lang='lat'><strong>,</strong></span> <span class='ocrx_word' id='word_1_442' title='bbox 2611 1559 2670 1613; x_wconf 91' lang='lat' dir='ltr'><strong>et</strong></span> <span class='ocrx_word' id='word_1_443' title='bbox 2691 1551 2760 1611; x_wconf 68' lang='lat' dir='ltr'><strong>‘in</strong></span> <span class='ocrx_word' id='word_1_444' title='bbox 2793 1551 2905 1612; x_wconf 88' lang='lat' dir='ltr'><strong>hoc</strong></span> <span class='ocrx_word' id='word_1_445' title='bbox 2937 1550 3437 1613; x_wconf 82' lang='lat' dir='ltr'><strong>rerum&#39;themate</strong></span> <span class='ocrx_word' id='word_1_446' title='bbox 3463 1551 3651 1615; x_wconf 85' lang='lat' dir='ltr'><strong>dubia</strong></span> 
     </span>
     <span class='ocr_line' id='line_1_63' title="bbox 2103 1645 3657 1725; baseline 0.001 -17"><span class='ocrx_word' id='word_1_447' title='bbox 2103 1666 2240 1709; x_wconf 85' lang='lat' dir='ltr'><strong>mox</strong></span> <span class='ocrx_word' id='word_1_448' title='bbox 2265 1647 2625 1709; x_wconf 88' lang='lat' dir='ltr'><strong>recensenda</strong></span> <span class='ocrx_word' id='word_1_449' title='bbox 2651 1664 2768 1706; x_wconf 91' lang='lat' dir='ltr'><strong>non</strong></span> <span class='ocrx_word' id='word_1_450' title='bbox 2797 1654 3031 1725; x_wconf 83' lang='lat' dir='ltr'><strong>possent</strong></span> <span class='ocrx_word' id='word_1_451' title='bbox 3055 1645 3271 1708; x_wconf 87' lang='lat' dir='ltr'><strong>resolvi</strong></span> <span class='ocrx_word' id='word_1_452' title='bbox 3293 1657 3430 1708; x_wconf 85' lang='lat' dir='ltr'><strong>cum</strong></span> <span class='ocrx_word' id='word_1_453' title='bbox 3455 1647 3657 1709; x_wconf 85' lang='lat' dir='ltr'><strong>termi-</strong></span> 
     </span>
     <span class='ocr_line' id='line_1_64' title="bbox 2102 1739 3652 1821; baseline 0.001 -20"><span class='ocrx_word' id='word_1_454' title='bbox 2102 1740 2552 1812; x_wconf 64' lang='lat' dir='ltr'><strong>nis‘simoniae,</strong></span> <span class='ocrx_word' id='word_1_455' title='bbox 2590 1741 2693 1802; x_wconf 86' lang='lat' dir='ltr'><strong>sed</strong></span> <span class='ocrx_word' id='word_1_456' title='bbox 2730 1739 2812 1801; x_wconf 91' lang='lat' dir='ltr'><strong>ad</strong></span> <span class='ocrx_word' id='word_1_457' title='bbox 2837 1739 3125 1801; x_wconf 87' lang='lat' dir='ltr'><strong>terminos</strong></span> <span class='ocrx_word' id='word_1_458' title='bbox 3147 1740 3311 1821; x_wconf 87' lang='lat' dir='ltr'><strong>ejus,</strong></span> <span class='ocrx_word' id='word_1_459' title='bbox 3362 1740 3468 1819; x_wconf 89' lang='lat' dir='ltr'><strong>qui</strong></span> <span class='ocrx_word' id='word_1_460' title='bbox 3511 1749 3652 1802; x_wconf 79' lang='lat' dir='ltr'><strong>an&#39;te</strong></span> 
     </span>
     <span class='ocr_line' id='line_1_65' title="bbox 2100 1835 3652 1916; baseline 0 -19"><span class='ocrx_word' id='word_1_461' title='bbox 2100 1836 2451 1898; x_wconf 88' lang='lat' dir='ltr'><strong>electionem</strong></span> <span class='ocrx_word' id='word_1_462' title='bbox 2476 1881 2495 1908; x_wconf 93' lang='lat'><strong>,</strong></span> <span class='ocrx_word' id='word_1_463' title='bbox 2538 1835 2809 1916; x_wconf 88' lang='lat' dir='ltr'><strong>aliquam</strong></span> <span class='ocrx_word' id='word_1_464' title='bbox 2850 1853 3147 1896; x_wconf 88' lang='lat' dir='ltr'><strong>summam</strong></span> <span class='ocrx_word' id='word_1_465' title='bbox 3200 1835 3652 1916; x_wconf 87' lang='lat' dir='ltr'><strong>persolvendam</strong></span> 
     </span>
     <span class='ocr_line' id='line_1_66' title="bbox 2104 1925 3659 2009; baseline -0.001 -19"><span class='ocrx_word' id='word_1_466' title='bbox 2104 1929 2439 2009; x_wconf 89' lang='lat' dir='ltr'><strong>promittit,</strong></span> <span class='ocrx_word' id='word_1_467' title='bbox 2473 1927 2567 1988; x_wconf 86' lang='lat' dir='ltr'><strong>vel</strong></span> <span class='ocrx_word' id='word_1_468' title='bbox 2604 1927 2966 2009; x_wconf 78' lang='lat' dir='ltr'><strong>erogandam</strong></span> <span class='ocrx_word' id='word_1_469' title='bbox 2993 1925 3054 1987; x_wconf 88' lang='lat' dir='ltr'><strong>iu</strong></span> <span class='ocrx_word' id='word_1_470' title='bbox 3078 1945 3224 1988; x_wconf 85' lang='lat' dir='ltr'><strong>usus</strong></span> <span class='ocrx_word' id='word_1_471' title='bbox 3245 1928 3406 2006; x_wconf 86' lang='lat' dir='ltr'><strong>pios,</strong></span> <span class='ocrx_word' id='word_1_472' title='bbox 3434 1928 3528 1989; x_wconf 84' lang='lat' dir='ltr'><strong>vel</strong></span> <span class='ocrx_word' id='word_1_473' title='bbox 3557 1947 3659 2009; x_wconf 89' lang='lat' dir='ltr'><strong>ap-</strong></span> 
     </span>
     <span class='ocr_line' id='line_1_67' title="bbox 2102 2021 3657 2104; baseline 0 -20"><span class='ocrx_word' id='word_1_474' title='bbox 2102 2023 2443 2104; x_wconf 86' lang='lat' dir='ltr'><strong>plicandam</strong></span> <span class='ocrx_word' id='word_1_475' title='bbox 2474 2021 2658 2084; x_wconf 89' lang='lat' dir='ltr'><strong>alicui</strong></span> <span class='ocrx_word' id='word_1_476' title='bbox 2687 2042 2761 2083; x_wconf 86' lang='lat' dir='ltr'><strong>ex</strong></span> <span class='ocrx_word' id='word_1_477' title='bbox 2786 2021 3165 2083; x_wconf 88' lang='lat' dir='ltr'><strong>Electoribus</strong></span> <span class='ocrx_word' id='word_1_478' title='bbox 3189 2066 3207 2093; x_wconf 90' lang='lat'><strong>,</strong></span> <span class='ocrx_word' id='word_1_479' title='bbox 3241 2029 3309 2083; x_wconf 91' lang='lat' dir='ltr'><strong>ut</strong></span> <span class='ocrx_word' id='word_1_480' title='bbox 3342 2021 3457 2083; x_wconf 86' lang='lat' dir='ltr'><strong>sibi</strong></span> <span class='ocrx_word' id='word_1_481' title='bbox 3488 2029 3657 2104; x_wconf 87' lang='lat' dir='ltr'><strong>paret</strong></span> 
     </span>
     <span class='ocr_line' id='line_1_68' title="bbox 2100 2113 3646 2195; baseline 0 -18"><span class='ocrx_word' id='word_1_482' title='bbox 2100 2116 2263 2186; x_wconf 78' lang='lat' dir='ltr'><strong>viam</strong></span> <span class='ocrx_word' id='word_1_483' title='bbox 2288 2114 2366 2179; x_wconf 87' lang='lat' dir='ltr'><strong>ad</strong></span> <span class='ocrx_word' id='word_1_484' title='bbox 2402 2114 2650 2195; x_wconf 87' lang='lat' dir='ltr'><strong>aliquod</strong></span> <span class='ocrx_word' id='word_1_485' title='bbox 2677 2113 2978 2186; x_wconf 87' lang='lat' dir='ltr'><strong>Officium,</strong></span> <span class='ocrx_word' id='word_1_486' title='bbox 3012 2113 3153 2176; x_wconf 86' lang='lat' dir='ltr'><strong>licet</strong></span> <span class='ocrx_word' id='word_1_487' title='bbox 3172 2113 3323 2175; x_wconf 90' lang='lat' dir='ltr'><strong>illud</strong></span> <span class='ocrx_word' id='word_1_488' title='bbox 3353 2114 3646 2178; x_wconf 88' lang='lat' dir='ltr'><strong>Ecclesia-</strong></span> 
     </span>
     <span class='ocr_line' id='line_1_69' title="bbox 2099 2207 3006 2272; baseline -0.004 0"><span class='ocrx_word' id='word_1_489' title='bbox 2099 2210 2315 2272; x_wconf 88' lang='lat' dir='ltr'><strong>sticum</strong></span> <span class='ocrx_word' id='word_1_490' title='bbox 2353 2207 2728 2270; x_wconf 88' lang='lat' dir='ltr'><strong>Beneficium</strong></span> <span class='ocrx_word' id='word_1_491' title='bbox 2757 2227 2878 2269; x_wconf 89' lang='lat' dir='ltr'><strong>non</strong></span> <span class='ocrx_word' id='word_1_492' title='bbox 2901 2208 3006 2268; x_wconf 90' lang='lat' dir='ltr'><strong>sit.</strong></span> 
     </span>
    </p>

    <p class='ocr_par' dir='ltr' id='par_1_5' title="bbox 2219 2301 3089 2382">
     <span class='ocr_line' id='line_1_70' title="bbox 2219 2301 3089 2382; baseline -0.005 -17"><span class='ocrx_word' id='word_1_493' title='bbox 2219 2303 2333 2365; x_wconf 85' lang='lat' dir='ltr'><strong>His</strong></span> <span class='ocrx_word' id='word_1_494' title='bbox 2364 2302 2667 2364; x_wconf 86' lang='lat' dir='ltr'><strong>stantibus</strong></span> <span class='ocrx_word' id='word_1_495' title='bbox 2686 2347 2703 2376; x_wconf 88' lang='lat'><strong>,</strong></span> <span class='ocrx_word' id='word_1_496' title='bbox 2737 2301 3050 2382; x_wconf 88' lang='lat' dir='ltr'><strong>quaeritur</strong></span> <span class='ocrx_word' id='word_1_497' title='bbox 3072 2319 3089 2361; x_wconf 72' lang='grc' dir='ltr'><strong>ι</strong></span> 
     </span>
    </p>

    <p class='ocr_par' dir='ltr' id='par_1_6' title="bbox 2217 2397 3153 2477">
     <span class='ocr_line' id='line_1_71' title="bbox 2217 2397 3153 2477; baseline -0.001 -20"><span class='ocrx_word' id='word_1_498' title='bbox 2217 2397 2269 2458; x_wconf 85' lang='lat'><strong>1.</strong></span> <span class='ocrx_word' id='word_1_499' title='bbox 2285 2417 2289 2421; x_wconf 88' lang='lat'>·</span> <span class='ocrx_word' id='word_1_500' title='bbox 2305 2397 2402 2458; x_wconf 82' lang='lat' dir='ltr'><strong>An</strong></span> <span class='ocrx_word' id='word_1_501' title='bbox 2439 2399 2655 2459; x_wconf 76' lang='lat' dir='ltr'><strong>liceant</strong></span> <span class='ocrx_word' id='word_1_502' title='bbox 2683 2397 2821 2460; x_wconf 76' lang='lat' dir='ltr'><strong>tales</strong></span> <span class='ocrx_word' id='word_1_503' title='bbox 2841 2398 3153 2477; x_wconf 73' lang='lat' dir='ltr'><strong>pactiones.</strong></span> 
     </span>
    </p>

    <p class='ocr_par' dir='ltr' id='par_1_7' title="bbox 2216 2486 3527 2566">
     <span class='ocr_line' id='line_1_72' title="bbox 2216 2486 3527 2566; baseline -0.001 -15"><span class='ocrx_word' id='word_1_504' title='bbox 2216 2486 2298 2551; x_wconf 86' lang='lat' dir='ltr'><strong>H.</strong></span> <span class='ocrx_word' id='word_1_505' title='bbox 2319 2490 2426 2551; x_wconf 68' lang='lat' dir='ltr'><strong>‘An</strong></span> <span class='ocrx_word' id='word_1_506' title='bbox 2450 2492 2645 2551; x_wconf 84' lang='lat' dir='ltr'><strong>electio</strong></span> <span class='ocrx_word' id='word_1_507' title='bbox 2671 2509 2799 2550; x_wconf 82' lang='lat' dir='ltr'><strong>cum</strong></span> <span class='ocrx_word' id='word_1_508' title='bbox 2818 2490 2940 2550; x_wconf 84' lang='lat' dir='ltr'><strong>iltis</strong></span> <span class='ocrx_word' id='word_1_509' title='bbox 2963 2490 3117 2566; x_wconf 75' lang='lat' dir='ltr'><strong>facta</strong></span> <span class='ocrx_word' id='word_1_510' title='bbox 3139 2490 3489 2550; x_wconf 75' lang='lat' dir='ltr'><strong>sustineatur</strong></span> <span class='ocrx_word' id='word_1_511' title='bbox 3509 2531 3527 2550; x_wconf 96' lang='lat'><strong><em>.</em></strong></span> 
     </span>
    </p>

    <p class='ocr_par' dir='ltr' id='par_1_8' title="bbox 2099 2582 3656 2759">
     <span class='ocr_line' id='line_1_73' title="bbox 2214 2582 3656 2665; baseline 0 -20"><span class='ocrx_word' id='word_1_512' title='bbox 2214 2585 2328 2646; x_wconf 88' lang='lat'><strong><em>111.</em></strong></span> <span class='ocrx_word' id='word_1_513' title='bbox 2353 2585 2449 2650; x_wconf 77' lang='lat' dir='ltr'><strong>Aa</strong></span> <span class='ocrx_word' id='word_1_514' title='bbox 2470 2586 2643 2665; x_wconf 78' lang='lat' dir='ltr'><strong>possit</strong></span> <span class='ocrx_word' id='word_1_515' title='bbox 2665 2586 2787 2664; x_wconf 77' lang='lat' dir='ltr'><strong>coqi</strong></span> <span class='ocrx_word' id='word_1_516' title='bbox 2808 2582 3043 2646; x_wconf 78' lang='lat' dir='ltr'><strong>Electus</strong></span> <span class='ocrx_word' id='word_1_517' title='bbox 3064 2584 3142 2645; x_wconf 81' lang='lat' dir='ltr'><strong>ad</strong></span> <span class='ocrx_word' id='word_1_518' title='bbox 3156 2584 3486 2645; x_wconf 80' lang='lat' dir='ltr'><strong>solutionem</strong></span> <span class='ocrx_word' id='word_1_519' title='bbox 3507 2604 3656 2645; x_wconf 87' lang='lat' dir='ltr'><strong>sum-</strong></span> 
     </span>
     <span class='ocr_line' id='line_1_74' title="bbox 2099 2682 2583 2759; baseline -0.006 -18"><span class='ocrx_word' id='word_1_520' title='bbox 2099 2699 2223 2741; x_wconf 85' lang='lat' dir='ltr'><strong>mae</strong></span> <span class='ocrx_word' id='word_1_521' title='bbox 2247 2682 2583 2759; x_wconf 70' lang='lat' dir='ltr'><strong>pronaeissae.</strong></span> 
     </span>
    </p>

    <p class='ocr_par' dir='ltr' id='par_1_9' title="bbox 2100 2772 3652 2946">
     <span class='ocr_line' id='line_1_75' title="bbox 2217 2772 3652 2845; baseline -0.001 -12"><span class='ocrx_word' id='word_1_522' title='bbox 2217 2773 2251 2833; x_wconf 89' lang='lat'><em>1</em></span> <span class='ocrx_word' id='word_1_523' title='bbox 2260 2772 2323 2833; x_wconf 87' lang='lat' dir='ltr'><strong>V.</strong></span> <span class='ocrx_word' id='word_1_524' title='bbox 2362 2773 2462 2834; x_wconf 79' lang='lat' dir='ltr'><strong>An</strong></span> <span class='ocrx_word' id='word_1_525' title='bbox 2485 2774 2558 2832; x_wconf 88' lang='lat' dir='ltr'><strong>sit</strong></span> <span class='ocrx_word' id='word_1_526' title='bbox 2590 2774 2739 2833; x_wconf 85' lang='lat' dir='ltr'><strong>locus</strong></span> <span class='ocrx_word' id='word_1_527' title='bbox 2766 2772 3112 2832; x_wconf 75' lang='lat' dir='ltr'><strong>restitutioni</strong></span> <span class='ocrx_word' id='word_1_528' title='bbox 3144 2790 3391 2833; x_wconf 72' lang='lat' dir='ltr'><strong>summae</strong></span> <span class='ocrx_word' id='word_1_529' title='bbox 3409 2772 3475 2831; x_wconf 78' lang='lat' dir='ltr'><strong>iu</strong></span> <span class='ocrx_word' id='word_1_530' title='bbox 3494 2790 3652 2845; x_wconf 83' lang='lat' dir='ltr'><strong>casu,</strong></span> 
     </span>
     <span class='ocr_line' id='line_1_76' title="bbox 2100 2864 3492 2946; baseline -0.003 -18"><span class='ocrx_word' id='word_1_531' title='bbox 2100 2877 2153 2928; x_wconf 80' lang='lat' dir='ltr'><strong>et</strong></span> <span class='ocrx_word' id='word_1_532' title='bbox 2175 2868 2399 2929; x_wconf 76' lang='lat' dir='ltr'><strong>casibus</strong></span> <span class='ocrx_word' id='word_1_533' title='bbox 2428 2876 2674 2946; x_wconf 81' lang='lat' dir='ltr'><strong>receptae</strong></span> <span class='ocrx_word' id='word_1_534' title='bbox 2700 2912 2715 2935; x_wconf 88' lang='lat'><strong>,</strong></span> <span class='ocrx_word' id='word_1_535' title='bbox 2748 2874 2800 2924; x_wconf 83' lang='lat' dir='ltr'><strong>ct</strong></span> <span class='ocrx_word' id='word_1_536' title='bbox 2821 2874 3098 2942; x_wconf 79' lang='lat' dir='ltr'><strong>quatenus</strong></span> <span class='ocrx_word' id='word_1_537' title='bbox 3118 2864 3451 2943; x_wconf 82' lang='lat' dir='ltr'><strong>affirmative</strong></span> <span class='ocrx_word' id='word_1_538' title='bbox 3474 2905 3492 2924; x_wconf 96' lang='lat'><strong><em>.</em></strong></span> 
     </span>
    </p>

    <p class='ocr_par' dir='ltr' id='par_1_10' title="bbox 2228 2959 3178 3038">
     <span class='ocr_line' id='line_1_77' title="bbox 2228 2959 3178 3038; baseline -0.005 -17"><span class='ocrx_word' id='word_1_539' title='bbox 2228 2960 2295 3021; x_wconf 86' lang='lat' dir='ltr'><strong>V.</strong></span> <span class='ocrx_word' id='word_1_540' title='bbox 2337 2959 2453 3021; x_wconf 83' lang='lat' dir='ltr'><strong>Cui</strong></span> <span class='ocrx_word' id='word_1_541' title='bbox 2485 2959 2749 3038; x_wconf 77' lang='lat' dir='ltr'><strong>facienda</strong></span> <span class='ocrx_word' id='word_1_542' title='bbox 2779 2960 2852 3018; x_wconf 87' lang='lat' dir='ltr'><strong>sit</strong></span> <span class='ocrx_word' id='word_1_543' title='bbox 2876 2960 3178 3018; x_wconf 76' lang='lat' dir='ltr'><strong>restitutio.</strong></span> 
     </span>
    </p>

    <p class='ocr_par' dir='ltr' id='par_1_11' title="bbox 2232 3041 3610 3133">
     <span class='ocr_line' id='line_1_78' title="bbox 2232 3041 3610 3133; baseline -0.004 -19"><span class='ocrx_word' id='word_1_544' title='bbox 2232 3052 2329 3115; x_wconf 87' lang='lat' dir='ltr'><strong>VI.</strong></span> <span class='ocrx_word' id='word_1_545' title='bbox 2370 3051 2591 3129; x_wconf 80' lang='lat' dir='ltr'><strong>Quibus</strong></span> <span class='ocrx_word' id='word_1_546' title='bbox 2613 3053 2805 3133; x_wconf 75' lang='lat' dir='ltr'><strong>poenis</strong></span> <span class='ocrx_word' id='word_1_547' title='bbox 2827 3051 3104 3131; x_wconf 79' lang='lat' dir='ltr'><strong>plectendi</strong></span> <span class='ocrx_word' id='word_1_548' title='bbox 3117 3041 3236 3110; x_wconf 79' lang='lat' dir='ltr'><strong>¹sint</strong></span> <span class='ocrx_word' id='word_1_549' title='bbox 3255 3052 3610 3130; x_wconf 81' lang='lat' dir='ltr'><strong>paciscentes.</strong></span> 
     </span>
    </p>
   </div>
   <div class='ocr_carea' id='block_1_4' title="bbox 2205 3244 3001 3313">
    <p class='ocr_par' dir='ltr' id='par_1_12' title="bbox 2205 3200 3001 3313">
     <span class='ocr_line' id='line_1_79' title="bbox 2205 3244 3001 3313; baseline -0.009 -13"><span class='ocrx_word' id='word_1_550' title='bbox 2205 3248 2356 3300; x_wconf 78' lang='lat' dir='ltr'><strong>Sacra</strong></span> <span class='ocrx_word' id='word_1_551' title='bbox 2384 3246 2580 3313; x_wconf 79' lang='lat' dir='ltr'><strong>Congr.</strong></span> <span class='ocrx_word' id='word_1_552' title='bbox 2611 3244 2698 3296; x_wconf 86' lang='lat' dir='ltr'><strong>die</strong></span> <span class='ocrx_word' id='word_1_553' title='bbox 2728 3244 2812 3297; x_wconf 72' lang='grc'><strong>10.</strong></span> <span class='ocrx_word' id='word_1_554' title='bbox 2839 3244 3001 3297; x_wconf 76' lang='lat' dir='ltr'><strong>Janua</strong></span> 
     </span>
    </p>
   </div>
   <div class='ocr_carea' id='block_1_5' title="bbox 2280 3329 3658 3401">
    <p class='ocr_par' dir='ltr' id='par_1_13' title="bbox 2280 3329 3658 3401">
     <span class='ocr_line' id='line_1_80' title="bbox 2280 3329 3658 3401; baseline -0.004 -15"><span class='ocrx_word' id='word_1_555' title='bbox 2280 3332 2375 3387; x_wconf 78' lang='lat' dir='ltr'><strong>Ad</strong></span> <span class='ocrx_word' id='word_1_556' title='bbox 2391 3333 2634 3401; x_wconf 80' lang='lat' dir='ltr'><strong>primum</strong></span> <span class='ocrx_word' id='word_1_557' title='bbox 2665 3331 2936 3399; x_wconf 72' lang='lat' dir='ltr'><strong>negative.</strong></span> <span class='ocrx_word' id='word_1_558' title='bbox 2971 3329 3068 3383; x_wconf 83' lang='lat' dir='ltr'><strong>Ad</strong></span> <span class='ocrx_word' id='word_1_559' title='bbox 3085 3329 3409 3394; x_wconf 79' lang='lat' dir='ltr'><strong>secundum,</strong></span> <span class='ocrx_word' id='word_1_560' title='bbox 3449 3342 3503 3381; x_wconf 86' lang='lat' dir='ltr'><strong>et</strong></span> <span class='ocrx_word' id='word_1_561' title='bbox 3533 3329 3658 3382; x_wconf 78' lang='lat' dir='ltr'><strong>sub·</strong></span> 
     </span>
    </p>
   </div>
   <div class='ocr_carea' id='block_1_6' title="bbox 2093 3417 3651 3563">
    <p class='ocr_par' dir='ltr' id='par_1_14' title="bbox 2093 3417 3651 3563">
     <span class='ocr_line' id='line_1_81' title="bbox 2093 3417 3651 3490; baseline -0.002 -16"><span class='ocrx_word' id='word_1_562' title='bbox 2093 3422 2377 3490; x_wconf 79' lang='lat' dir='ltr'><strong>sequentia</strong></span> <span class='ocrx_word' id='word_1_563' title='bbox 2405 3420 2610 3484; x_wconf 80' lang='lat' dir='ltr'><strong>dilata,</strong></span> <span class='ocrx_word' id='word_1_564' title='bbox 2641 3432 2695 3473; x_wconf 89' lang='lat' dir='ltr'><strong>et</strong></span> <span class='ocrx_word' id='word_1_565' title='bbox 2723 3417 3069 3488; x_wconf 75' lang='lat' dir='ltr'><strong>praefigatur</strong></span> <span class='ocrx_word' id='word_1_566' title='bbox 3100 3418 3365 3472; x_wconf 82' lang='lat' dir='ltr'><strong>terminus</strong></span> <span class='ocrx_word' id='word_1_567' title='bbox 3400 3417 3651 3471; x_wconf 73' lang='lat' dir='ltr'><strong>interesse</strong></span> 
     </span>
     <span class='ocr_line' id='line_1_82' title="bbox 2095 3505 3411 3563; baseline -0.003 -1"><span class='ocrx_word' id='word_1_568' title='bbox 2095 3509 2421 3563; x_wconf 77' lang='lat' dir='ltr'><strong>habentibus</strong></span> <span class='ocrx_word' id='word_1_569' title='bbox 2446 3506 2521 3561; x_wconf 74' lang='lat' dir='ltr'><strong>ad</strong></span> <span class='ocrx_word' id='word_1_570' title='bbox 2538 3526 2641 3563; x_wconf 84' lang='lat' dir='ltr'><strong>sua</strong></span> <span class='ocrx_word' id='word_1_571' title='bbox 2662 3510 2813 3562; x_wconf 84' lang='lat' dir='ltr'><strong>Jura</strong></span> <span class='ocrx_word' id='word_1_572' title='bbox 2839 3506 3151 3559; x_wconf 80' lang='lat' dir='ltr'><strong>deducenda</strong></span> <span class='ocrx_word' id='word_1_573' title='bbox 3180 3505 3236 3558; x_wconf 89' lang='lat' dir='ltr'><strong>in</strong></span> <span class='ocrx_word' id='word_1_574' title='bbox 3272 3506 3319 3559; x_wconf 84' lang='lat' dir='ltr'><strong>S.</strong></span> <span class='ocrx_word' id='word_1_575' title='bbox 3356 3508 3411 3560; x_wconf 87' lang='lat' dir='ltr'><strong>C.</strong></span> 
     </span>
    </p>
   </div>
   <div class='ocr_carea' id='block_1_7' title="bbox 3008 3241 3615 3310">
    <p class='ocr_par' dir='ltr' id='par_1_15' title="bbox 3008 3241 3615 3310">
     <span class='ocr_line' id='line_1_83' title="bbox 3008 3241 3615 3310; baseline -0.003 -16"><span class='ocrx_word' id='word_1_576' title='bbox 3008 3244 3073 3294; x_wconf 90' lang='lat' dir='ltr'><strong>rii</strong></span> <span class='ocrx_word' id='word_1_577' title='bbox 3116 3243 3273 3294; x_wconf 77' lang='lat'><strong>172³.</strong></span> <span class='ocrx_word' id='word_1_578' title='bbox 3306 3241 3615 3310; x_wconf 82' lang='lat' dir='ltr'><strong>respondit:</strong></span> 
     </span>
    </p>
   </div>
   <div class='ocr_carea' id='block_1_8' title="bbox 2441 3658 3178 3779">
    <p class='ocr_par' dir='ltr' id='par_1_16' title="bbox 2441 3658 3178 3779">
     <span class='ocr_line' id='line_1_84' title="bbox 2441 3658 3178 3779; baseline -0.007 -12"><span class='ocrx_word' id='word_1_579' title='bbox 2441 3662 2444 3665; x_wconf 41' lang='grc'>“</span> <span class='ocrx_word' id='word_1_580' title='bbox 2571 3658 2932 3779; x_wconf 74' lang='lat' dir='ltr'><strong>QuAEsno</strong></span> <span class='ocrx_word' id='word_1_581' title='bbox 2989 3701 3178 3764; x_wconf 75' lang='lat' dir='ltr'><strong>cccr.</strong></span> 
     </span>
    </p>
   </div>
   <div class='ocr_carea' id='block_1_9' title="bbox 2095 3852 3646 3978">
    <p class='ocr_par' dir='ltr' id='par_1_17' title="bbox 2095 3852 3646 3978">
     <span class='ocr_line' id='line_1_85' title="bbox 2095 3852 3646 3978; baseline -0.003 -10"><span class='ocrx_word' id='word_1_582' title='bbox 2095 3904 2167 3968; x_wconf 83' lang='grc' dir='ltr'><strong>Ῑιι</strong></span> <span class='ocrx_word' id='word_1_583' title='bbox 2196 3905 2393 3971; x_wconf 74' lang='lat' dir='ltr'><strong>Causa</strong></span> <span class='ocrx_word' id='word_1_584' title='bbox 2424 3906 2896 3978; x_wconf 72' lang='lat' dir='ltr'><strong>Urattstavionsi,</strong></span> <span class='ocrx_word' id='word_1_585' title='bbox 2933 3870 3022 3968; x_wconf 78' lang='lat' dir='ltr'><strong>die</strong></span> <span class='ocrx_word' id='word_1_586' title='bbox 3047 3910 3141 3967; x_wconf 84' lang='grc'><strong>16.</strong></span> <span class='ocrx_word' id='word_1_587' title='bbox 3169 3902 3450 3966; x_wconf 74' lang='lat' dir='ltr'><strong>Ianuarii</strong></span> <span class='ocrx_word' id='word_1_588' title='bbox 3472 3852 3646 3966; x_wconf 71' lang='grc'><strong>1723.</strong></span> 
     </span>
    </p>
   </div>
   <div class='ocr_carea' id='block_1_10' title="bbox 2089 4041 3653 5483">
    <p class='ocr_par' dir='ltr' id='par_1_18' title="bbox 2091 4041 3653 4905">
     <span class='ocr_line' id='line_1_86' title="bbox 2100 4041 3648 4159; baseline -0.005 0"><span class='ocrx_word' id='word_1_589' title='bbox 2100 4041 2291 4159; x_wconf 81' lang='lat' dir='ltr'><strong>Cum</strong></span> <span class='ocrx_word' id='word_1_590' title='bbox 2307 4095 2512 4158; x_wconf 83' lang='lat' dir='ltr'><strong>Abhas</strong></span> <span class='ocrx_word' id='word_1_591' title='bbox 2533 4093 2826 4157; x_wconf 86' lang='lat' dir='ltr'><strong>Lubensis</strong></span> <span class='ocrx_word' id='word_1_592' title='bbox 2841 4093 3088 4156; x_wconf 89' lang='lat' dir='ltr'><strong>Ordinis</strong></span> <span class='ocrx_word' id='word_1_593' title='bbox 3106 4090 3513 4155; x_wconf 86' lang='lat' dir='ltr'><strong>Cisterciensis</strong></span> <span class='ocrx_word' id='word_1_594' title='bbox 3532 4088 3648 4153; x_wconf 86' lang='lat' dir='ltr'><strong>sibi</strong></span> 
     </span>
     <span class='ocr_line' id='line_1_87' title="bbox 2095 4184 3650 4271; baseline -0.003 -19"><span class='ocrx_word' id='word_1_595' title='bbox 2095 4208 2383 4271; x_wconf 76' lang='lat' dir='ltr'><strong>arrogare</strong></span> <span class='ocrx_word' id='word_1_596' title='bbox 2405 4188 2789 4251; x_wconf 89' lang='lat' dir='ltr'><strong>contenderet</strong></span> <span class='ocrx_word' id='word_1_597' title='bbox 2810 4190 2911 4271; x_wconf 86' lang='lat' dir='ltr'><strong>jus</strong></span> <span class='ocrx_word' id='word_1_598' title='bbox 2928 4186 3302 4268; x_wconf 83' lang='lat' dir='ltr'><strong>approbandi</strong></span> <span class='ocrx_word' id='word_1_599' title='bbox 3335 4184 3650 4247; x_wconf 82' lang='lat' dir='ltr'><strong>Confessa-</strong></span> 
     </span>
     <span class='ocr_line' id='line_1_88' title="bbox 2097 4279 3652 4363; baseline -0.004 -18"><span class='ocrx_word' id='word_1_600' title='bbox 2097 4283 2223 4345; x_wconf 90' lang='lat' dir='ltr'><strong>rios</strong></span> <span class='ocrx_word' id='word_1_601' title='bbox 2251 4302 2362 4363; x_wconf 86' lang='lat' dir='ltr'><strong>pro</strong></span> <span class='ocrx_word' id='word_1_602' title='bbox 2388 4281 2965 4345; x_wconf 86' lang='lat' dir='ltr'><strong>Sanctimonialibus</strong></span> <span class='ocrx_word' id='word_1_603' title='bbox 3007 4279 3358 4343; x_wconf 86' lang='lat' dir='ltr'><strong>Monasterii</strong></span> <span class='ocrx_word' id='word_1_604' title='bbox 3395 4279 3652 4341; x_wconf 86' lang='lat' dir='ltr'><strong>Trebni-</strong></span> 
     </span>
     <span class='ocr_line' id='line_1_89' title="bbox 2096 4374 3650 4459; baseline -0.005 -19"><span class='ocrx_word' id='word_1_605' title='bbox 2096 4376 2292 4440; x_wconf 89' lang='lat' dir='ltr'><strong>censis</strong></span> <span class='ocrx_word' id='word_1_606' title='bbox 2320 4396 2429 4441; x_wconf 87' lang='lat' dir='ltr'><strong>suo</strong></span> <span class='ocrx_word' id='word_1_607' title='bbox 2458 4376 2673 4439; x_wconf 90' lang='lat' dir='ltr'><strong>Ordini</strong></span> <span class='ocrx_word' id='word_1_608' title='bbox 2701 4375 2982 4459; x_wconf 84' lang='lat' dir='ltr'><strong>subjectis</strong></span> <span class='ocrx_word' id='word_1_609' title='bbox 3006 4424 3022 4446; x_wconf 91' lang='lat'><strong>,</strong></span> <span class='ocrx_word' id='word_1_610' title='bbox 3051 4375 3186 4438; x_wconf 91' lang='lat' dir='ltr'><strong>licet</strong></span> <span class='ocrx_word' id='word_1_611' title='bbox 3217 4374 3650 4437; x_wconf 83' lang='lat' dir='ltr'><strong>Monasterium</strong></span> 
     </span>
     <span class='ocr_line' id='line_1_90' title="bbox 2091 4467 3653 4540; baseline -0.002 -8"><span class='ocrx_word' id='word_1_612' title='bbox 2091 4471 2282 4533; x_wconf 82' lang='lat' dir='ltr'><strong>situm</strong></span> <span class='ocrx_word' id='word_1_613' title='bbox 2317 4478 2469 4533; x_wconf 87' lang='lat' dir='ltr'><strong>esset</strong></span> <span class='ocrx_word' id='word_1_614' title='bbox 2501 4474 2564 4532; x_wconf 92' lang='lat' dir='ltr'><strong>in</strong></span> <span class='ocrx_word' id='word_1_615' title='bbox 2595 4471 2858 4535; x_wconf 86' lang='lat' dir='ltr'><strong>Dioecesi</strong></span> <span class='ocrx_word' id='word_1_616' title='bbox 2898 4469 3375 4540; x_wconf 84' lang='lat' dir='ltr'><strong>Uratislaviensi‚</strong></span> <span class='ocrx_word' id='word_1_617' title='bbox 3407 4467 3653 4529; x_wconf 87' lang='lat' dir='ltr'><strong>habitus</strong></span> 
     </span>
     <span class='ocr_line' id='line_1_91' title="bbox 2098 4559 3647 4645; baseline -0.005 -19"><span class='ocrx_word' id='word_1_618' title='bbox 2098 4563 2217 4626; x_wconf 76' lang='lat' dir='ltr'><strong>tuit</strong></span> <span class='ocrx_word' id='word_1_619' title='bbox 2240 4564 2322 4625; x_wconf 89' lang='lat' dir='ltr'><strong>ab</strong></span> <span class='ocrx_word' id='word_1_620' title='bbox 2372 4563 2666 4645; x_wconf 87' lang='lat' dir='ltr'><strong>Episcopo</strong></span> <span class='ocrx_word' id='word_1_621' title='bbox 2695 4582 2971 4626; x_wconf 88' lang='lat' dir='ltr'><strong>recursus</strong></span> <span class='ocrx_word' id='word_1_622' title='bbox 2994 4562 3069 4624; x_wconf 89' lang='lat' dir='ltr'><strong>ad</strong></span> <span class='ocrx_word' id='word_1_623' title='bbox 3100 4562 3313 4623; x_wconf 89' lang='lat' dir='ltr'><strong>Sedem</strong></span> <span class='ocrx_word' id='word_1_624' title='bbox 3344 4559 3647 4640; x_wconf 81' lang='lat' dir='ltr'><strong>Apostoli-</strong></span> 
     </span>
     <span class='ocr_line' id='line_1_92' title="bbox 2094 4648 3647 4735; baseline -0.006 -14"><span class='ocrx_word' id='word_1_625' title='bbox 2094 4676 2263 4730; x_wconf 84' lang='lat' dir='ltr'><strong>cam,</strong></span> <span class='ocrx_word' id='word_1_626' title='bbox 2293 4666 2355 4719; x_wconf 89' lang='lat' dir='ltr'><strong>et</strong></span> <span class='ocrx_word' id='word_1_627' title='bbox 2378 4676 2554 4720; x_wconf 86' lang='lat' dir='ltr'><strong>causa</strong></span> <span class='ocrx_word' id='word_1_628' title='bbox 2584 4677 2658 4718; x_wconf 82' lang='lat' dir='ltr'><strong>ex</strong></span> <span class='ocrx_word' id='word_1_629' title='bbox 2688 4655 2975 4735; x_wconf 87' lang='lat' dir='ltr'><strong>rescripto</strong></span> <span class='ocrx_word' id='word_1_630' title='bbox 2997 4653 3311 4716; x_wconf 83' lang='lat' dir='ltr'><strong>Auditoris</strong></span> <span class='ocrx_word' id='word_1_631' title='bbox 3331 4648 3647 4714; x_wconf 80' lang='lat' dir='ltr'><strong>Sanctissi-</strong></span> 
     </span>
     <span class='ocr_line' id='line_1_93' title="bbox 2095 4745 3647 4831; baseline -0.003 -21"><span class='ocrx_word' id='word_1_632' title='bbox 2095 4750 2181 4810; x_wconf 90' lang='lat' dir='ltr'><strong>mi</strong></span> <span class='ocrx_word' id='word_1_633' title='bbox 2204 4749 2474 4831; x_wconf 82' lang='lat' dir='ltr'><strong>delegata</strong></span> <span class='ocrx_word' id='word_1_634' title='bbox 2498 4749 2617 4811; x_wconf 85' lang='lat' dir='ltr'><strong>fuit</strong></span> <span class='ocrx_word' id='word_1_635' title='bbox 2633 4748 2777 4815; x_wconf 85' lang='lat' dir='ltr'><strong>huic</strong></span> <span class='ocrx_word' id='word_1_636' title='bbox 2794 4749 3012 4811; x_wconf 88' lang='lat' dir='ltr'><strong>Sacrae</strong></span> <span class='ocrx_word' id='word_1_637' title='bbox 3030 4745 3489 4829; x_wconf 83' lang='lat' dir='ltr'><strong>Congregationi</strong></span> <span class='ocrx_word' id='word_1_638' title='bbox 3508 4764 3647 4807; x_wconf 85' lang='lat' dir='ltr'><strong>cum</strong></span> 
     </span>
     <span class='ocr_line' id='line_1_94' title="bbox 2106 4844 2528 4905; baseline 0 -1"><span class='ocrx_word' id='word_1_639' title='bbox 2106 4844 2263 4905; x_wconf 87' lang='lat' dir='ltr'><strong>Voto</strong></span> <span class='ocrx_word' id='word_1_640' title='bbox 2293 4846 2528 4905; x_wconf 85' lang='lat' dir='ltr'><strong>Rotae.-</strong></span> 
     </span>
    </p>

    <p class='ocr_par' dir='ltr' id='par_1_19' title="bbox 2089 4866 3649 5483">
     <span class='ocr_line' id='line_1_95' title="bbox 2213 4866 3649 5010; baseline -0.005 -13"><span class='ocrx_word' id='word_1_641' title='bbox 2213 4934 2580 4997; x_wconf 86' lang='lat' dir='ltr'><strong>Prodierunt</strong></span> <span class='ocrx_word' id='word_1_642' title='bbox 2609 4933 2851 4996; x_wconf 84' lang='lat' dir='ltr'><strong>Rotales</strong></span> <span class='ocrx_word' id='word_1_643' title='bbox 2891 4866 3221 4995; x_wconf 86' lang='lat' dir='ltr'><strong>decisiones</strong></span> <span class='ocrx_word' id='word_1_644' title='bbox 3239 4878 3542 5010; x_wconf 82' lang='lat' dir='ltr'><strong>Episcopo</strong></span> <span class='ocrx_word' id='word_1_645' title='bbox 3563 4927 3649 4991; x_wconf 84' lang='lat' dir='ltr'><strong>fa·</strong></span> 
     </span>
     <span class='ocr_line' id='line_1_96' title="bbox 2093 5023 3643 5109; baseline -0.005 -19"><span class='ocrx_word' id='word_1_646' title='bbox 2093 5029 2439 5102; x_wconf 79' lang='lat' dir='ltr'><strong>vorabiles,</strong></span> <span class='ocrx_word' id='word_1_647' title='bbox 2504 5047 2784 5109; x_wconf 89' lang='lat' dir='ltr'><strong>quaeque</strong></span> <span class='ocrx_word' id='word_1_648' title='bbox 2825 5027 2904 5088; x_wconf 89' lang='lat' dir='ltr'><strong>ab</strong></span> <span class='ocrx_word' id='word_1_649' title='bbox 2967 5025 3177 5088; x_wconf 88' lang='lat' dir='ltr'><strong>eodem</strong></span> <span class='ocrx_word' id='word_1_650' title='bbox 3238 5023 3643 5098; x_wconf 71' lang='lat' dir='ltr'><strong>exhibenturg</strong></span> 
     </span>
     <span class='ocr_line' id='line_1_97' title="bbox 2093 5116 3649 5202; baseline -0.004 -17"><span class='ocrx_word' id='word_1_651' title='bbox 2093 5138 2355 5202; x_wconf 85' lang='lat' dir='ltr'><strong>cumque</strong></span> <span class='ocrx_word' id='word_1_652' title='bbox 2402 5123 2604 5185; x_wconf 83' lang='lat' dir='ltr'><strong>Abbas</strong></span> <span class='ocrx_word' id='word_1_653' title='bbox 2651 5122 2900 5184; x_wconf 87' lang='lat' dir='ltr'><strong>Summo</strong></span> <span class='ocrx_word' id='word_1_654' title='bbox 2946 5116 3221 5183; x_wconf 86' lang='lat' dir='ltr'><strong>Pontifici</strong></span> <span class='ocrx_word' id='word_1_655' title='bbox 3259 5117 3649 5200; x_wconf 88' lang='lat' dir='ltr'><strong>supplicasset</strong></span> 
     </span>
     <span class='ocr_line' id='line_1_98' title="bbox 2093 5210 3645 5295; baseline -0.004 -18"><span class='ocrx_word' id='word_1_656' title='bbox 2093 5235 2207 5295; x_wconf 94' lang='lat' dir='ltr'><strong>pro</strong></span> <span class='ocrx_word' id='word_1_657' title='bbox 2232 5214 2517 5278; x_wconf 73' lang='lat' dir='ltr'><strong>sumitate</strong></span> <span class='ocrx_word' id='word_1_658' title='bbox 2537 5215 2652 5278; x_wconf 84' lang='lat' dir='ltr'><strong>sihi</strong></span> <span class='ocrx_word' id='word_1_659' title='bbox 2695 5234 2771 5276; x_wconf 84' lang='lat' dir='ltr'><strong>ex</strong></span> <span class='ocrx_word' id='word_1_660' title='bbox 2811 5213 3007 5295; x_wconf 87' lang='lat' dir='ltr'><strong>gratia</strong></span> <span class='ocrx_word' id='word_1_661' title='bbox 3036 5211 3413 5275; x_wconf 88' lang='lat' dir='ltr'><strong>concedenda</strong></span> <span class='ocrx_word' id='word_1_662' title='bbox 3457 5210 3645 5272; x_wconf 87' lang='lat' dir='ltr'><strong>dictos</strong></span> 
     </span>
     <span class='ocr_line' id='line_1_99' title="bbox 2091 5302 3643 5390; baseline -0.004 -20"><span class='ocrx_word' id='word_1_663' title='bbox 2091 5307 2500 5371; x_wconf 83' lang='lat' dir='ltr'><strong>Confessarios</strong></span> <span class='ocrx_word' id='word_1_664' title='bbox 2548 5307 2925 5390; x_wconf 86' lang='lat' dir='ltr'><strong>approbandi</strong></span> <span class='ocrx_word' id='word_1_665' title='bbox 2952 5353 2969 5379; x_wconf 90' lang='lat'><strong>,</strong></span> <span class='ocrx_word' id='word_1_666' title='bbox 3034 5302 3390 5386; x_wconf 86' lang='lat' dir='ltr'><strong>responsum</strong></span> <span class='ocrx_word' id='word_1_667' title='bbox 3435 5302 3553 5365; x_wconf 81' lang='lat' dir='ltr'><strong>fuit</strong></span> <span class='ocrx_word' id='word_1_668' title='bbox 3604 5322 3643 5365; x_wconf 88' lang='lat' dir='ltr'><strong>a</strong></span> 
     </span>
     <span class='ocr_line' id='line_1_100' title="bbox 2089 5396 3639 5483; baseline -0.002 -20"><span class='ocrx_word' id='word_1_669' title='bbox 2089 5401 2337 5466; x_wconf 84' lang='lat' dir='ltr'><strong>Summo</strong></span> <span class='ocrx_word' id='word_1_670' title='bbox 2360 5402 2674 5476; x_wconf 76' lang='lat' dir='ltr'><strong>pontifice,</strong></span> <span class='ocrx_word' id='word_1_671' title='bbox 2703 5403 2867 5483; x_wconf 87' lang='lat' dir='ltr'><strong>quod</strong></span> <span class='ocrx_word' id='word_1_672' title='bbox 2898 5420 3009 5464; x_wconf 87' lang='lat' dir='ltr'><strong>sua</strong></span> <span class='ocrx_word' id='word_1_673' title='bbox 3025 5402 3168 5481; x_wconf 86' lang='lat' dir='ltr'><strong>jura</strong></span> <span class='ocrx_word' id='word_1_674' title='bbox 3213 5398 3534 5461; x_wconf 88' lang='lat' dir='ltr'><strong>deduceret</strong></span> <span class='ocrx_word' id='word_1_675' title='bbox 3574 5396 3639 5460; x_wconf 89' lang='lat' dir='ltr'><strong>in</strong></span> 
     </span>
    </p>
   </div>
   <div class='ocr_carea' id='block_1_11' title="bbox 432 5490 3637 5581">
    <p class='ocr_par' dir='ltr' id='par_1_20' title="bbox 432 5490 3637 5581">
     <span class='ocr_line' id='line_1_101' title="bbox 432 5490 3637 5581; baseline 0 -27"><span class='ocrx_word' id='word_1_676' title='bbox 432 5500 540 5554; x_wconf 49' lang='lat' dir='ltr'><strong>*eas</strong></span> <span class='ocrx_word' id='word_1_677' title='bbox 571 5500 821 5571; x_wconf 86' lang='lat' dir='ltr'><strong>possunt</strong></span> <span class='ocrx_word' id='word_1_678' title='bbox 843 5508 969 5554; x_wconf 87' lang='lat' dir='ltr'><strong>esse</strong></span> <span class='ocrx_word' id='word_1_679' title='bbox 989 5490 1237 5556; x_wconf 84' lang='lat' dir='ltr'><strong>illicitae</strong></span> <span class='ocrx_word' id='word_1_680' title='bbox 1261 5536 1280 5567; x_wconf 94' lang='lat'><strong>,</strong></span> <span class='ocrx_word' id='word_1_681' title='bbox 1322 5499 1382 5556; x_wconf 91' lang='lat' dir='ltr'><strong>et</strong></span> <span class='ocrx_word' id='word_1_682' title='bbox 1431 5491 1835 5577; x_wconf 79' lang='lat' dir='ltr'><strong>irreligiosae,</strong></span> <span class='ocrx_word' id='word_1_683' title='bbox 1878 5494 1983 5558; x_wconf 85' lang='lat' dir='ltr'><strong>sed</strong></span> <span class='ocrx_word' id='word_1_684' title='bbox 2012 5518 2027 5533; x_wconf 62' lang='lat'><strong>⁶</strong></span> <span class='ocrx_word' id='word_1_685' title='bbox 2090 5494 2206 5561; x_wconf 82' lang='lat' dir='ltr'><strong>hac</strong></span> <span class='ocrx_word' id='word_1_686' title='bbox 2247 5498 2429 5561; x_wconf 84' lang='lat' dir='ltr'><strong>Sacra</strong></span> <span class='ocrx_word' id='word_1_687' title='bbox 2454 5495 2966 5581; x_wconf 77' lang='lat' dir='ltr'><strong>congregatione,</strong></span> <span class='ocrx_word' id='word_1_688' title='bbox 2999 5500 3297 5577; x_wconf 87' lang='lat' dir='ltr'><strong>quatenus</strong></span> <span class='ocrx_word' id='word_1_689' title='bbox 3325 5492 3637 5557; x_wconf 83' lang='lat' dir='ltr'><strong>existima·</strong></span> 
     </span>
    </p>
   </div>
  </div>
 </body>
</html>
