4393 6299
974 501 1078 553 ssa
1979 501 2420 568 Qumsrloans
2458 502 2817 558 caxomcffi.

796 652 1101 715 sumendis
1139 654 1214 715 ad
1256 654 1632 718 Parochiales
1668 652 1961 717 Ecclesias
2002 653 2336 717 saeculares

796 769 931 811 cum
961 748 1086 811 sola
1110 749 1353 812 licentia
1381 749 1472 811 sui
1504 749 1697 810 Patris
1725 748 1975 810 Abbatis
2000 748 2333 822 Generalis,

799 843 873 903 de
898 863 1017 923 qua
1046 845 1108 904 in
1133 862 1256 923 cap.
1286 845 1433 922 quod
1458 843 1562 903 Dei
1585 846 1835 902 timorem
1856 843 1920 902 de
1950 853 2106 903 statu
2123 842 2336 904 Mona·

798 939 1030 998 chorum
1051 986 1067 1009 ,
1092 937 1227 999 licet
1264 938 1522 999 resoluta
1553 936 1735 999 suerit
1764 937 1825 996 in
1866 936 2046 998 Sacra
2075 936 2336 1018 Congre-

2444 676 2578 721 rum
2611 659 3102 721 Lateranensium
3131 678 3378 723 recursu
3405 707 3420 734 ,
3451 668 3520 724 ut
3548 660 3991 726 controversiae

2443 772 2696 814 examen
2726 753 2869 816 huic
2895 754 3025 816 Sac.
3055 755 3516 838 congregationi
3548 757 3988 832 committeret,

2386 857 2392 923 ξ
2448 857 2566 910 tam
2607 850 2806 929 quoad
2835 849 3131 912 Beneficia
3159 860 3365 913 curata
3384 898 3401 925 ,
3436 872 3619 932 quam
3649 854 3848 933 quoad
3876 852 3993 915 Ca-

2386 926 2393 945 ’
2445 943 2788 1013 nonicatus,
2821 943 2904 1005 ita
2935 953 3133 1005 tamen
3156 990 3172 1018 ,
3203 952 3271 1006 ut
3298 964 3551 1007 examen
3587 947 3716 1006 fieri
3743 945 3990 1009 deberet

800 1032 1038 1114 gatione
1064 1032 1492 1112 Episcopornm
1518 1077 1535 1104 ‚
1561 1040 1622 1093 et
1652 1029 2044 1111 Regularium
2070 1077 2086 1105 ,
2111 1040 2172 1093 et
2209 1032 2338 1113 ejus
2445 1035 2507 1096 in
2535 1043 2752 1115 puncto
2770 1038 2803 1097 J
2810 1037 2934 1098 nris
2959 1039 3317 1111 communis,
3343 1039 3594 1101 Cone-ilii
3623 1040 3988 1112 Tridentini,

800 1145 1147 1207 responsum
1170 1125 1353 1188 fuerit
1371 1146 1407 1189 a
1430 1145 1557 1188 san.
1582 1146 1759 1188 mem.
1782 1125 2086 1187 Clemente
2104 1127 2185 1187 X.
2206 1146 2342 1188 con·
2448 1130 2839 1192 Professionis
2856 1178 2872 1206 ,
2906 1140 2965 1193 et
2989 1133 3252 1194 Instituti
3291 1134 3623 1195 eorundem
3660 1132 3996 1195 Canonico-

802 1218 1110 1282 firmatum
1135 1266 1152 1293 ,
1182 1220 1342 1301 quod
1372 1220 1648 1283 videlicet
1681 1220 1899 1281 assumi
1933 1241 2051 1282 non
2086 1221 2334 1301 possint,
2449 1244 2584 1285 rum
2609 1274 2623 1295 ,
2656 1225 3146 1306 independenter,
3170 1234 3230 1288 et
3254 1227 3582 1307 praecisive
3609 1228 3688 1288 ab
3707 1227 3991 1290 omnibus

804 1313 918 1375 nisi
951 1323 1185 1394 praeter
1210 1314 1464 1375 Abbatis
1497 1314 1809 1375 Generalis
1840 1314 2145 1377 licentiam
2172 1360 2188 1386 ,
2233 1335 2338 1375 ex·
2450 1319 2936 1382 Resolutionibus
2961 1366 2977 1394 ‚
3007 1330 3066 1382 et
3088 1322 3350 1384 Decretis
3379 1323 3701 1383 Sacrarum
3724 1322 3992 1402 Congre-

802 1425 1071 1486 pressum
1118 1426 1362 1488 quoque
1403 1406 1572 1468 Sedis
1617 1406 1988 1487 Apostolicae
2035 1406 2341 1470 indultum
2446 1414 2756 1495 galienum
2784 1460 2800 1486 ‚
2825 1414 3117 1476 Judicatis
3138 1432 3661 1495 quorumcumque
3693 1414 3998 1476 Tribuna-

804 1501 1064 1571 accedat,
1088 1501 1175 1562 uti
1194 1501 1499 1583 colligitur
1515 1521 1591 1563 ex
1616 1501 1850 1562 decreto
1875 1501 2161 1582 impresso
2181 1503 2340 1582 apud
2452 1506 2600 1568 lium
2625 1554 2641 1579 ,
2674 1508 3016 1589 Rescriptis,
3052 1520 3110 1569 et
3131 1509 3407 1571 Oraculis
3433 1510 3819 1571 Summornm
3845 1509 3998 1569 Pon·

803 1593 1113 1655 Monaeell.
1144 1597 1209 1654 in
1230 1596 1461 1673 formal.
1494 1597 1659 1673 leqal.
1686 1606 1839 1675 pare.
1877 1601 1930 1655 1.
1954 1598 2020 1655 in
2044 1597 2345 1676 appendice
2453 1602 2680 1664 tificum
2708 1649 2724 1675 ‚
2760 1611 2881 1664 tam
2911 1603 3368 1677 favorabilibus,
3403 1623 3587 1685 quam
3617 1604 3936 1667 contrariis
3958 1621 3996 1666 a

801 1708 933 1769 paq.
961 1693 1096 1749 314.
1125 1700 1174 1749 el
1193 1708 1340 1767 seqq.
1374 1687 1492 1751 fnit
1516 1690 1733 1751 iterum
1763 1697 2133 1769 reassumpta
2159 1690 2224 1749 in
2245 1689 2346 1751 Sa·
2395 1741 2402 1805 ι
2454 1697 2822 1778 temporibus
2835 1699 3107 1779 Gregorii
3137 1700 3304 1760 Xlll.
3330 1699 3622 1761 Sanctitas
3644 1698 3764 1760 Sua
3788 1699 3875 1758 die
3900 1703 3995 1759 30.

804 1802 907 1844 cra
940 1783 1410 1865 Congu-egatione
1438 1783 1689 1845 Concilii
1741 1784 1801 1845 in
1847 1785 2108 1864 quadam
2153 1784 2344 1847 Causa
2395 1812 2404 1882 ἶ
2452 1792 2674 1872 Aprilis
2705 1798 2875 1853 1713.
2923 1807 3161 1855 causam
3191 1795 3269 1855 ad
3292 1794 3450 1856 hanc
3473 1794 3717 1855 Sacram
3746 1791 4004 1874 Congre-

807 1876 1152 1940 Placentina
1194 1878 1693 1940 Praesentationis
1746 1880 1834 1939 die
1885 1883 1975 1940 14.
2018 1878 2348 1940 Novembris
2396 1885 2403 1959 ξ
2454 1887 2755 1968 gailonem
2779 1888 3028 1950 Con-ollii
3057 1889 3286 1951 remisit
3302 1891 3479 1970 juxta
3513 1885 4007 1968 petita;Canoni-

811 1974 985 2031 1693.
1010 1970 1071 2031 in
1097 1990 1216 2050 qua
1238 1970 1538 2032 Canonico
1556 1971 1838 2052 Regulari
1866 1992 2204 2035 concessum
2231 1972 2349 2035 fuit

807 2064 1116 2125 Indultum
1137 2064 1444 2126 obtinendi
1467 2066 1875 2129 parochialem
1888 2066 2211 2130 Ecclesiam
2228 2088 2348 2129 sae·

2454 1982 2504 2041 ci
2531 1980 2756 2062 quippe
2780 1982 3207 2045 Lateranenses
3251 1982 3508 2043 nimium
3537 1982 3822 2077 insistunt
3857 1981 4006 2041 Pro-

2455 2075 2694 2137 fessioni
2719 2124 2735 2149 ,
2762 2096 2947 2156 quam
2970 2077 3252 2139 emittunt
3278 2124 3294 2152 ,
3324 2085 3383 2139 et
3410 2096 3567 2158 quae
3593 2083 3876 2156 concepta
3910 2082 4002 2136 est

803 2158 1068 2221 cularem
1094 2206 1110 2229 ,
1154 2158 1256 2219 sed
1293 2159 1535 2220 insimul
1588 2160 1859 2222 additum
1912 2169 1980 2222 ut
2027 2162 2348 2224 unirentur
2396 2210 2405 2273 ἱ
2456 2172 2846 2253 sequentibus
2887 2172 3123 2234 verbis:
3158 2172 3366 2244 Voveo,
3412 2182 3462 2233 et
3504 2172 3770 2253 ρνοηιίαο
3802 2179 3906 2231 etc.
3956 2178 4012 2229 et

806 2254 1038 2315 decreta
1065 2298 1082 2325 ,
1107 2260 1166 2314 et
1192 2272 1369 2315 eausa
1396 2273 1576 2334 super
1596 2255 1919 2334 capacitate
1943 2301 1960 2328 ‚
1990 2256 2080 2317 vel
2102 2256 2346 2336 incapa-
2397 2282 2403 2303 ·

804 2346 983 2407 citate
1016 2345 1455 2409 Canonicorum
1495 2347 1880 2431 Regularinm
1916 2370 2053 2412 cum
2100 2350 2227 2413 sola
2274 2350 2349 2412 li-

804 2438 1000 2500 centia
1046 2438 1239 2501 Patris
1287 2439 1601 2503 Generalis
1643 2454 2117 2524 proponeretur,
2151 2445 2348 2507 citatis

810 2533 1093 2594 omnibus
1116 2535 1612 2597 procuratoribus
1654 2536 2053 2600 Generalibus
2077 2537 2341 2601 Canoni-

805 2644 1015 2688 oorum
1053 2628 1479 2709 Regularium,
1524 2649 1707 2711 quam
1744 2632 2169 2695 resolutionem
2213 2653 2343 2696 san.

808 2739 988 2781 mem.
1021 2722 1405 2785 Innocentius
1444 2725 1603 2805 Papa
1649 2727 1791 2787 ΧΠ.
1825 2726 2245 2801 confirmavit,
2289 2737 2351 2792 et

800 2813 978 2895 jussit
1004 2833 1183 2894 snper
1205 2835 1275 2877 ea
1299 2818 1488 2878 Breve
1509 2820 1776 2899 expediri
1805 2870 1817 2890 ,
1844 2829 1912 2882 ut
1945 2821 2229 2883 omnibus
2256 2823 2353 2883 in-

811 2914 1165 2980 notesceret,
1196 2918 1255 2969 et
1284 2918 1347 2969 ut
1373 2910 1608 2971 tandem
1635 2912 1734 2974 lex
1760 2914 2042 2975 omnibus
2070 2916 2353 2996 praescri-

812 3000 1054 3062 beretur
1088 3001 1151 3061 in
1180 3012 1481 3081 posterum
1510 3006 1759 3067 omnino
1781 3010 2097 3082 servanda,
2120 3012 2209 3072 uti
2245 3010 2355 3073 ba-

813 3094 990 3157 betur
1018 3097 1115 3156 lib.
1148 3098 1245 3158 43.
1278 3099 1477 3159 decret.
1507 3120 1639 3180 paq.
1676 3104 1812 3162 549.
1844 3122 1881 3165 a
1907 3116 2088 3183 rer-qo.

929 3189 1031 3261 Id,
1065 3190 1227 3270 quod
1260 3191 1510 3273 contigit
1553 3193 1616 3253 in
1659 3195 1984 3276 capacitate
2023 3197 2355 3260 Canonico-

811 3299 946 3342 rum
972 3283 1359 3364 Regularium
1390 3285 1453 3347 in
1477 3286 1692 3348 ordine
1723 3290 1798 3350 ad
1823 3291 2116 3354 Beneficia
2147 3302 2357 3358 curata

810 3376 1170 3451 saecularia,
1200 3379 1449 3462 contigit
1470 3380 1651 3442 etiam
1683 3383 1745 3443 in
1779 3384 2091 3448 Beneficiis
2123 3388 2352 3469 simpli-

815 3468 1020 3562 cibus,
1050 3479 1111 3532 et
1141 3470 1450 3553 signanter
1472 3473 1535 3533 in
1564 3473 2061 3555 Canonicatibus3
2087 3482 2359 3562 quaestio

815 3562 1069 3634 etenim,
1087 3582 1164 3625 an
1194 3565 1375 3627 iidem
1398 3565 1548 3628 citra
1570 3568 2073 3649 dispensationem
2104 3577 2359 3656 Aposto-

819 3654 995 3718 licam
1035 3656 1111 3718 ad
1154 3657 1552 3723 Canonicatns
1582 3662 1647 3723 in
1688 3663 2149 3731 Catbedralibus
2184 3684 2360 3750 prae·

817 3748 1024 3810 sertim
1050 3749 1327 3813 Ecclesiis
1354 3753 1574 3815 assumi
1599 3756 1864 3835 possint,
1896 3759 1971 3821 de
1997 3765 2205 3841 quain
2231 3783 2355 3844 cap.

817 3859 987 3922 super
1019 3862 1080 3903 eo
1110 3843 1176 3904 de
1209 3847 1389 3924 requi.
1426 3856 1477 3907 et
1505 3850 1570 3907 in
1594 3868 1721 3909 can.
1757 3853 1977 3930 placuit
2009 3858 2102 3916 16.
2142 3869 2356 3935 quaest.

823 3938 878 3995 1.
910 3943 971 3998 et
1003 3937 1067 3997 in
1096 3955 1215 4017 qua
1261 3939 1536 4022 negativa
1569 3943 1775 4023 opinio
1815 3945 1934 4009 fuit
1977 3968 2011 4010 a
2059 3949 2364 4032 plerisque

820 4030 1222 4093 scribentibus
1249 4033 1367 4095 late
1407 4046 1778 4117 propugnata
1802 4085 1820 4114 ,
1859 4040 2115 4120 Faqnan.
2149 4047 2213 4105 in
2235 4067 2360 4128 cap.

820 4124 968 4202 quod
988 4123 1098 4185 Dei
1119 4129 1371 4189 timorem
1410 4149 1567 4190 nam.
1605 4135 1696 4193 18.
1746 4134 1811 4193 de
1842 4146 2010 4196 ‘statu
2051 4138 2365 4201 Monachu-

821 4236 952 4278 rum
975 4263 992 4290 ,
1024 4217 1290 4300 Pirbinq.
1314 4223 1390 4282 ad
1415 4227 1646 4285 eandem
1669 4229 1903 4289 titulum
1932 4232 2131 4293 decret.
2174 4235 2272 4294 lib.
2303 4240 2359 4297 3.

826 4312 917 4370 tit.
953 4317 1049 4372 35.
1080 4311 1144 4393 §-
1176 4318 1237 4374 2.
1261 4334 1419 4375 num.
1448 4320 1541 4379 18.
1582 4319 1886 4401 Vanespen.
1910 4324 2061 4402 juris
2090 4325 2364 4391 Ecclesia·

822 4407 952 4466 stici
972 4416 1099 4467 tom.
1137 4413 1194 4467 2.
1222 4411 1313 4470 tit.
1344 4414 1437 4472 18.
1460 4432 1583 4492 cap.
1619 4418 1676 4475 3.
1702 4435 1860 4478 nam.
1893 4424 1987 4479 17.
2025 4417 2275 4484 Garzias
2301 4425 2366 4487 de

824 4499 998 4577 benef.
1020 4511 1177 4583 part.
1211 4508 1303 4563 10.
1333 4523 1490 4564 num.
1520 4510 1618 4567 28.
1651 4521 1702 4569 et
1743 4515 1841 4571 29.
1873 4512 2113 4575 Tondat.
2147 4529 2362 4595 quaest.

823 4593 996 4672 benef.
1021 4606 1151 4657 tom.
1179 4601 1235 4658 1.
1257 4618 1381 4679 cap.
1407 4605 1504 4660 80.
1529 4621 1684 4663 num.
1716 4608 1809 4666 10.
1831 4604 2070 4669 Corrad.
2096 4612 2157 4670 in
2175 4610 2360 4672 Prax.

825 4687 997 4766 henes.
1042 4691 1083 4749 l.
1133 4695 1191 4751 6.
1232 4713 1357 4773 cap.
1406 4698 1459 4753 1.
1509 4715 1569 4755 n.
1615 4701 1713 4757 26.
1762 4698 1985 4762 Navar.
2031 4707 2228 4766 consil.
2267 4711 2360 4769 11.

824 4798 985 4840 num.
1019 4787 1075 4841 6.
1114 4784 1212 4843 tib.
1240 4789 1296 4844 3.
1321 4785 1385 4846 de
1409 4797 1562 4848 statu
1592 4789 2026 4866 Monachorum,
2057 4795 2361 4860 Bellamer.

826 4874 990 4934 decis.
1026 4880 1159 4935 172.
1206 4879 1296 4936 tit.
1338 4877 1406 4938 de
1445 4883 1771 4959 praebendis
1800 4932 1817 4955 ,
1864 4904 2139 4968 quaeque
2184 4892 2366 4954 etiam

826 4969 1033 5047 opinio
1058 4989 1089 5028 a
1121 4968 1355 5032 fortiori
1381 4973 1726 5039 confirmari
1749 4987 1940 5058 potest
1956 5001 2028 5043 ex
2064 4985 2366 5066 Rescripta

830 5061 962 5124 Sac.
990 5062 1483 5145 congregationis
1522 5069 1950 5152 Episcoporum
1974 5123 1991 5148 ,
2017 5087 2075 5138 et
2105 5079 2364 5161 Regula-

831 5154 986 5216 rium
1020 5175 1200 5235 supra
1232 5169 1591 5232 memorato,
1624 5173 1681 5224 et
1715 5185 1820 5245 per
1854 5166 2218 5233 Clementem
2254 5174 2365 5236 Pa·

825 5267 964 5329 pam
994 5250 1074 5310 X.
1106 5251 1492 5327 confirmato,
1523 5256 1739 5319 iterum
1777 5262 2030 5324 excitata
2057 5264 2187 5344 {fuit
2219 5274 2367 5330 tem-

830 5344 1077 5423 poribus
1105 5363 1235 5405 san.
1277 5365 1455 5409 mem.
1507 5349 1828 5413 Clementis
1878 5357 2072 5437 Papae
2124 5361 2236 5421 xl.
2292 5365 2365 5424 ad

827 5456 1007 5518 quem
1037 5438 1244 5500 habito
1272 5460 1305 5504 a
1332 5442 1725 5508 procuratore
1745 5447 2023 5513 Generali
2048 5454 2370 5518 Canonico·

2455 2267 2602 2344 qaod
2622 2287 2917 2345 nunquam
2938 2265 3280 2348 Beneficium
3320 2266 3612 2346 acceptabo
3653 2284 3782 2326 cam
3822 2282 3965 2325 cura
3989 2309 4010 2334 ,

2455 2362 2540 2420 vel
2564 2363 2681 2420 sine
2707 2381 2847 2422 cara
2877 2363 3035 2421 intra
3060 2405 3077 2434 ‚
3123 2363 3209 2420 vel
3242 2372 3412 2422 extra
3443 2357 3717 2421 Ordinem
3753 2367 4010 2417 nostrum

2454 2456 2656 2533 absque
2683 2457 2910 2517 lieentia
2955 2454 3217 2536 Capituli
3252 2452 3579 2527 Generalis,
3634 2455 3719 2514 vel
3748 2453 3868 2530 ejus
3896 2470 4011 2513 au-

2454 2554 2711 2611 ctoritate
2737 2552 3042 2629 funqentis,
3071 2550 3457 2611 renunciando
3476 2550 3732 2609 omnibns
3749 2549 4006 2626 juribus,

2458 2654 2510 2705 et
2549 2646 2862 2724 privileqiis
2885 2690 2902 2717 ,
2951 2656 3004 2706 et
3042 2644 3533 2705 consuetudinibus
3556 2645 3621 2701 in
3652 2641 4011 2702 contrarium

2458 2741 2601 2800 mihi
2617 2741 3063 2819 competentibus,
3084 2740 3170 2799 vel
3192 2738 3590 2817 quomodolibet
3610 2736 4013 2816 competitur-is.

2576 2833 2687 2894 His
2720 2833 2793 2895 ad
2820 2841 3100 2894 ornatum
3137 2832 3424 2893 materiae
3459 2829 3835 2912 praemissis,
3870 2847 4011 2891 cum

2462 2926 2525 2988 in
2564 2926 3027 3006 Metropolitana
3068 2927 3405 2986 Bononien.
3455 2924 3762 2985 mensibus
3797 2920 4019 3002 elapsis

2462 3020 2859 3082 Canonicatus
2886 3020 3212 3091 vacaverit,
3243 3027 3300 3081 et
3334 3015 3854 3081 Eminentissimus
3875 3016 4018 3076 Car·

2463 3114 2684 3177 dinalis
2711 3112 3210 3194 Archiepiscopus
3233 3115 3308 3174 ad
3333 3132 3474 3174 eum
3503 3109 3892 3192 praeelegerit
3914 3109 4020 3169 Jo-

2465 3227 2683 3268 annem
2721 3207 3049 3288 Baptistam
3079 3206 3368 3268 Zanchini
3401 3205 3770 3268 Canonicurn
3819 3205 4020 3284 Regu-

2467 3302 2652 3364 larem
2684 3302 3143 3364 Lateranensem
3166 3348 3182 3374 ,
3213 3300 3540 3362 dummodo
3564 3318 3813 3360 suorum
3840 3314 4021 3376 supe-

2468 3396 2698 3456 riorum
2721 3397 3019 3458 accederet
3053 3395 3291 3456 licentia
3318 3442 3334 3468 ,
3365 3402 3425 3456 et
3450 3394 3618 3456 Sedis
3645 3390 4021 3473 Apostolicae

2471 3489 2782 3552 Indultum
2803 3537 2819 3563 ‚
2867 3498 3164 3571 quatenus
3190 3488 3344 3551 illud
3369 3487 3765 3550 necessarium
3790 3486 3867 3547 sit
3889 3530 3907 3559 ,
3940 3484 4022 3546 ad

2468 3586 2896 3666 amputandam
2926 3602 3376 3665 quamcumque
3403 3579 3874 3645 controversiam
3897 3625 3914 3652 ,
3958 3583 4021 3642 et

2470 3678 2846 3760 potissimum
2866 3725 2882 3751 ‚
2913 3697 3049 3740 cum
3086 3676 3378 3738 articulus
3408 3675 3470 3736 in
3505 3693 3725 3757 genere
3750 3692 3859 3734 nec
3885 3670 4023 3733 fue-

2471 3774 2551 3835 rit
2584 3773 2921 3854 propositus
2943 3818 2960 3845 ,
2995 3792 3101 3833 nec
3121 3771 3196 3833 sit
3222 3770 3340 3832 cito
3369 3768 3812 3851 proponendus,
3846 3776 3906 3828 et
3927 3782 4020 3827 re·

2469 3867 2714 3929 solvend
2724 3887 2812 3939 ns,
2834 3876 3196 3928 memoratus
3211 3862 3553 3930 Z‘anchinus
3570 3862 3866 3943 supplices
3885 3878 4019 3941 pre-

2469 3980 2564 4022 ces
2605 3960 2745 4022 huic
2782 3961 2911 4022 Sac.
2959 3957 3419 4042 congregationi
3448 3957 3728 4020 exhibuit
3759 3974 3871 4036 pro
3908 3955 4016 4015 In·

2471 4054 2640 4116 dulto
2680 4054 3037 4126 obtinendo,
3075 4072 3335 4133 cumque
3377 4052 3620 4114 auditus
3659 4049 3842 4111 fuerit
3871 4049 4021 4109 Pro·

2472 4158 2714 4211 curator
2741 4147 3052 4211 Generalis
3080 4147 3329 4210 Ordinis
3355 4192 3371 4217 ,
3401 4146 3507 4226 qui
3544 4145 3606 4205 in
3631 4163 3737 4204 sua
3763 4142 4023 4205 Relatio-

2477 4263 2550 4305 ne
2599 4264 2704 4324 per
2768 4262 2980 4304 manus
3028 4239 3503 4303 circumferenda
3552 4237 3782 4300 censuit
3827 4234 4020 4298 annui

2474 4358 2643 4419 posse
2671 4337 2890 4418 petitis,
2913 4336 3111 4399 allatis
3133 4334 3643 4420 tumrationibuS,
3679 4339 3805 4393 tum
3825 4350 4024 4392 exem-

2476 4432 2591 4514 plis
2614 4478 2630 4504 ,
2658 4430 2994 4512 quaeritur:
3047 4443 3054 4448 “
3417 4423 3422 4427 ’

2593 4527 2686 4586 An
2715 4529 2788 4587 sit
2833 4525 3241 4602 indulqcndum
3288 4522 3507 4585 Joanni
3535 4520 3830 4601 Baptistae
3859 4518 4024 4580 Zan-

2475 4621 2631 4681 cbini
2673 4618 2958 4680 Canonico
2988 4618 3264 4696 Requlari
3290 4615 3661 4677 Lateranensi
3687 4633 3790 4694 pro
3835 4631 4025 4674 conse-

2475 4717 2692 4776 cutione
2731 4713 3110 4774 Canonicatas
3130 4713 3458 4774 ‘saecularis
3482 4712 3547 4771 in
3572 4708 4024 4789 Metropolitum

2477 4807 2820 4868 Bononiensi
2846 4808 2909 4865 in
2937 4825 3071 4866 casu
3091 4814 3193 4866 etc.
3663 4813 3669 4817 “

2581 5000 2733 5050 Sacra
2758 4997 2951 5064 Congr.
2985 4994 3260 5066 respondit
3280 5017 3295 5047 ε

2655 5081 3017 5156 Affirmatitaee.
