4393 6299
1602 470 2067 540 oufes-no
2124 465 2443 524 chxxm.

399 620 665 692 motiori,
689 618 923 684 reticito
945 619 1389 703 propinquiori,
1404 641 1525 683 non
1549 622 1666 686 fuit
1684 622 1955 687 Oratori-

402 716 514 777 bus
537 716 985 789 demandatum,
1012 726 1080 777 ut
1105 716 1560 778 Matrimonium
1584 718 1741 779 inter
1762 738 1825 780 se
1846 737 1954 799 pu-

396 810 576 882 blice,
608 820 844 873 servata
876 810 1070 872 forma
1093 810 1346 872 Concilii
1375 858 1392 885 ,
1427 812 1505 874 de
1532 831 1692 874 novo
1710 820 1950 874 contra-

399 904 653 979 herent,
686 905 782 966 vel
821 905 1031 967 saltem
1058 954 1074 976 ,
1102 905 1263 986 quod
1293 925 1648 967 consensum
1695 925 1950 968 renova·

397 1006 573 1071 rent,
595 999 695 1059 sed
720 1006 953 1062 tantum
988 1047 1000 1069 ,
1040 1000 1187 1078 quod
1214 1002 1278 1058 in
1301 999 1681 1061 Matrimonia
1711 1002 1792 1060 sic
1817 1019 1950 1061 con-

394 1102 576 1152 tracto
609 1093 810 1162 libere,
846 1103 896 1152 et
930 1093 1078 1153 licite
1105 1111 1392 1153 remanere
1415 1103 1655 1173 possent:
1691 1093 1951 1174 probant

397 1187 620 1247 etenim
672 1186 824 1248 ‘haec
865 1187 1220 1248 documenta
1264 1187 1721 1249 Matrimonium
1768 1186 1951 1248 fuisse

393 1278 675 1341 habitum
708 1299 817 1361 pro
845 1279 1059 1341 illicito
1087 1327 1102 1352 ,
1135 1280 1237 1341 sed
1268 1300 1388 1342 non
1418 1300 1528 1361 pro
1561 1280 1832 1342 invalido
1858 1327 1874 1353 ,
1899 1280 1948 1341 si

391 1375 617 1436 etenim
637 1374 973 1436 invalidum
999 1372 1226 1447 fuisset,
1252 1394 1446 1436 novus
1463 1393 1785 1436 consensus
1807 1372 1948 1435 fuis-

394 1479 485 1532 set
505 1469 891 1541 necessarius,
917 1477 974 1528 et
995 1467 1201 1529 fuisset
1223 1469 1644 1550 praescriptus,
1669 1468 1796 1529 sive
1818 1486 1947 1530 am-

395 1567 474 1628 bo
504 1566 924 1628 contrahentes
950 1564 1326 1646 ignorassent
1354 1563 1839 1646 conjunctionem
1883 1562 1947 1624 in

391 1659 817 1741 propinquiori
844 1658 1073 1741 gradu,
1106 1658 1233 1731 sive
1265 1658 1422 1721 alter
1474 1659 1845 1741 ignorasset,
1891 1665 1950 1718 et

391 1752 547 1816 alter
575 1753 863 1823 scivisset,
888 1752 976 1813 uti
1004 1752 1123 1813 late
1145 1754 1360 1832 prohat
1383 1751 1665 1815 Claudius
1689 1755 1746 1814 lo
1765 1751 1948 1814 Croioe

392 1850 458 1907 in
494 1845 748 1926 Theotoq.
778 1848 981 1908 moral.
1021 1856 1151 1906 tom.
1187 1852 1243 1907 2.
1282 1850 1377 1907 lib.
1413 1852 1471 1906 6.
1502 1858 1657 1927 port.
1693 1853 1751 1909 3.
1783 1866 1941 1907 num.

393 1946 538 2004 812.
574 1950 623 2002 et
652 1961 798 2020 seqq.
826 1954 962 2021 paq.
996 1943 1143 2001 mihi
1167 1945 1264 2002 Μ.

513 2040 617 2096 25.
650 2036 893 2114 Absque
919 2054 990 2096 eo
1021 2035 1181 2114 quod
1215 2024 1553 2117 quidquam
1600 2035 1827 2098 referat
1853 2055 1947 2097 re-

385 2130 633 2210 sponsio
684 2129 993 2211 ingeniose
1042 2130 1117 2191 de
1168 2149 1334 2192 more
1396 2130 1456 2191 in
1508 2130 1780 2193 discursu
1837 2150 1946 2211 pro

390 2223 642 2286 Dataria
681 2224 937 2285 excitata
969 2271 985 2293 ,
1046 2224 1207 2303 quod
1260 2225 1575 2287 renovatio
1618 2225 1950 2288 Consensus

389 2338 511 2380 non
544 2317 880 2399 requiritur
911 2317 974 2378 in
1003 2318 1554 2399 dispensationibus
1593 2337 1750 2400 quae
1790 2314 1947 2382 fiunt

386 2413 453 2473 in
495 2411 699 2475 radice
742 2410 1155 2485 Matrimonii3
1197 2414 1319 2475 scio
1371 2412 1599 2494 quippe
1628 2412 1945 2475 Summum

393 2505 746 2569 Pontificem
782 2524 951 2586 posse
978 2506 1328 2587 dispensare
1368 2507 1431 2568 in
1480 2507 1689 2569 radice
1734 2507 1946 2568 Matri-

388 2600 623 2672 monii,
673 2607 734 2662 et
779 2619 1060 2662 revocare
1110 2601 1608 2681 impedimentum
1654 2600 1946 2663 dirimens

391 2694 888 2767 Matrimonium,
924 2701 984 2756 et
1004 2695 1208 2767 simul,
1240 2703 1298 2756 et
1325 2695 1509 2757 semel
1546 2697 1843 2777 abrogare
1866 2696 1946 2758 le-

380 2808 519 2870 gem
548 2788 1001 2852 ecclesiasticam
1028 2833 1043 2860 ,
1076 2806 1233 2868 quae
1260 2789 1485 2852 dictum
1514 2790 1725 2851 statuit
1754 2791 1943 2871 impe-

385 2884 725 2947 dimentum
745 2932 760 2956 ,
792 2883 1065 2946 faciendo
1101 2894 1167 2944 ut
1192 2882 1557 2965 dispensatio
1583 2885 1945 2947 retrotraha-

385 2989 483 3040 tur
510 2978 595 3040 ad
625 2978 874 3040 initium
906 2977 1284 3040 Matrimonii
1311 3024 1329 3050 ,
1366 2986 1425 3040 et
1452 2978 1536 3040 sic
1557 2978 1722 3059 quod
1747 2979 1946 3059 proles

383 3074 588 3156 quoad
611 3090 821 3134 omnes
847 3073 1091 3134 effectus
1107 3071 1380 3155 legitima
1406 3072 1505 3147 sit,
1539 3083 1599 3135 et
1621 3073 1943 3147 habeatur,

378 3172 561 3252 juxta
590 3166 710 3230 late
737 3167 987 3230 deducta
1021 3169 1086 3226 ia
1113 3168 1278 3228 decis.
1322 3172 1495 3228 1121.
1547 3188 1735 3229 ceram
1767 3168 1945 3231 Sera-

387 3267 554 3345 phin.
582 3266 650 3323 in
671 3263 835 3323 decis.
877 3265 972 3322 19.
1000 3280 1191 3323 coram
1218 3260 1486 3322 Ludovis.
1513 3265 1577 3321 in
1606 3264 1771 3324 decis.
1808 3268 1943 3325 174.

393 3368 514 3440 post
548 3357 860 3420 secundum
883 3357 1139 3416 volmnen
1171 3354 1222 3417 C
1221 3358 1476 3416 cnsilior.
1509 3355 1780 3418 Furinae.
1812 3351 1947 3419 Scio

384 3469 637 3533 quoque
668 3458 1125 3512 controversum
1158 3468 1284 3511 esse
1326 3450 1486 3511 inter
1514 3450 1794 3512 Doctores
1814 3499 1829 3522 ,
1862 3470 1939 3514 an

388 3546 450 3607 in
477 3546 591 3608 hac
624 3543 1068 3625 dispensatione
1094 3563 1276 3624 super
1319 3544 1522 3606 radice
1568 3545 1941 3606 Matrimonii

385 3659 580 3704 novus
618 3638 971 3720 requiratur
993 3656 1316 3700 consensus
1342 3684 1358 3708 ,
1391 3638 1480 3699 uti
1528 3639 1720 3700 videri
1754 3650 1942 3720 potest

385 3736 545 3818 apud
564 3733 832 3796 Sanchez
852 3733 917 3793 de
940 3730 1211 3794 Matrim.
1242 3734 1337 3792 lib.
1362 3737 1421 3794 8.
1448 3733 1659 3813 disput.
1686 3739 1746 3794 8.
1777 3720 1935 3795 nient.

385 3833 483 3892 25.
508 3826 898 3908 etveriorem
942 3845 1068 3888 esse
1117 3826 1462 3907 opinionem
1496 3874 1512 3901 ,
1563 3828 1727 3910 quod
1773 3830 1940 3893 nulla

392 3940 718 3986 mnoensus
749 3921 1062 3983 renovatio
1090 3921 1156 3982 in
1183 3921 1346 3983 hisce
1369 3922 1835 3985 circumstantiis
1861 3926 1938 3987 sit

386 4015 744 4086 neeoesaria,
770 4015 859 4077 uti
891 4013 1012 4076 late
1039 4015 1256 4096 probat
1279 4015 1424 4078 Rota
1453 4019 1567 4078 dcc.
1594 4023 1731 4080 455.
1773 4039 1931 4079 num.

387 4115 481 4173 11.
520 4121 682 4192 part.
725 4115 781 4171 1.
809 4120 1012 4170 recent.
1039 4107 1117 4171 At
1144 4117 1401 4191 punctus
1423 4120 1510 4173 est
1536 4158 1552 4185 ,
1577 4131 1653 4175 an
1688 4114 1751 4175 in
1785 4114 1939 4176 rela-

380 4206 457 4268 tis
481 4204 780 4283 exemplis
806 4203 920 4265 dici
951 4213 1173 4284 queat,
1217 4204 1535 4267 Summum
1586 4208 1936 4270 Pontificem

377 4300 757 4382 dispensasse
782 4298 845 4359 in
875 4298 1080 4360 radice
1107 4299 1481 4362 Matrimonii
1514 4322 1530 4372 ;
1576 4301 1940 4384 dispensatio

382 4394 531 4458 haec
553 4394 789 4477 quippe
814 4393 1055 4473 prodest
1092 4391 1234 4454 filiis
1261 4395 1417 4456 natis
1444 4440 1460 4468 ,
1491 4397 1691 4476 quoad
1732 4417 1939 4460 omnes

382 4488 627 4550 effectus
677 4486 1060 4566 spirituales,
1105 4495 1163 4547 et
1190 4488 1392 4566 quoad
1442 4508 1649 4550 omnes
1694 4491 1936 4554 effectus

380 4582 588 4644 civiles
629 4581 854 4640 directe
879 4580 939 4639 in
975 4580 1148 4640 terris
1182 4582 1491 4662 temporali
1520 4584 1933 4648 Jurisdictioni

383 4675 641 4737 Romani
700 4673 1005 4735 pontificis
1059 4675 1342 4755 subjectis
1369 4722 1385 4748 ,
1441 4688 1500 4738 et
1545 4677 1833 4741 indirecte
1871 4680 1932 4741 in

372 4770 620 4851 ¹reliquo
653 4777 949 4829 terrarum
974 4768 1167 4830 Orbe:
1192 4770 1371 4846 juxta
1389 4773 1592 4832 celebre
1614 4792 1936 4852 responsum

382 4863 575 4924 Innoc.
602 4862 717 4922 111.
749 4864 814 4922 in
842 4882 967 4942 cap.
1000 4883 1099 4942 per
1130 4862 1530 4935 Venerabilem,
1556 4869 1659 4945 qui
1679 4870 1793 4948 filii
1819 4872 1934 4930 sint

385 4959 648 5036 laeqitimi:
675 4957 950 5036 Cumque
971 4966 1198 5018 certum
1229 4957 1306 5019 sit
1329 4959 1798 5039 dispensationes
1827 4963 1935 5027 has

370 5070 500 5111 ¹non
536 5051 651 5112 nisi
676 5051 1032 5133 urgentibus
1061 5051 1430 5131 gravissimis
1456 5056 1649 5117 causis
1670 5102 1687 5129 ,
1718 5066 1776 5119 et
1804 5060 1937 5140 qui-

377 5146 517 5207 dem
543 5163 686 5207 raro
712 5146 951 5207 concedi
978 5145 1355 5208 consuevisse
1380 5167 1414 5208 a
1436 5149 1700 5213 Summis
1726 5153 1934 5215 Ponti-

372 5237 599 5301 ficibus
620 5286 635 5309 ,
667 5237 906 5299 Barbos.
941 5249 1064 5298 voto
1096 5240 1210 5300 dec.
1243 5245 1341 5301 27.
1377 5262 1536 5302 num.
1571 5249 1669 5305 31.
1720 5247 1818 5306 lib.
1870 5253 1929 5308 2.

368 5331 581 5402 ,Diana
606 5335 672 5393 in
698 5334 834 5394 edit.
874 5332 1074 5396 Coord.
1110 5345 1239 5394 tom.
1276 5341 1332 5397 3.
1367 5348 1534 5400 tract.
1563 5341 1738 5419 prim.
1785 5361 1934 5402 reso-

372 5428 491 5490 iut.
527 5432 627 5488 87.
663 5447 821 5488 num.
863 5433 921 5487 6.
954 5428 1126 5491 sicuti
1158 5428 1634 5515 imperceptibile
1660 5437 1934 5518 estquod

3324 468 3426 520 2⁴1

2068 622 2131 685 in
2175 630 2264 685 tot
2313 623 2605 705 exemplis
2659 622 2864 686 relatis
2887 668 2904 695 ,
2954 623 3014 684 in
3055 620 3279 703 quibus
3322 640 3443 682 non
3492 621 3609 683 fuit

2065 718 2430 799 praescripta
2464 719 2775 780 renovatio
2797 736 3152 781 consensus:
3182 737 3279 777 nec
3323 717 3610 777 adhibitae

2060 815 2292 891 suerunt
2315 814 2593 891 formulae
2616 858 2633 887 ,
2684 833 2827 890 quoe
2854 814 3196 873 adhibentur
3221 814 3286 871 in
3321 812 3610 891 dispensa-

2061 909 2305 968 tionibus
2331 910 2392 967 in
2421 909 2612 968 radice
2640 907 3015 969 Matrimonii
3040 954 3055 977 ,
3088 905 3392 966 voluerint
3422 905 3482 965 in
3515 903 3610 965 di-

2059 1011 2152 1064 cta
2177 1002 2379 1064 radice
2410 1001 2727 1064 Pontifices
2748 1001 3115 1082 dispensare,
3147 1001 3231 1061 sic
3251 999 3480 1061 clarum
3501 1007 3610 1070 est,

2059 1096 2220 1176 ipsos
2249 1096 2403 1157 nihil
2430 1096 2596 1158 aliud
2628 1095 2823 1157 facere
2851 1095 3135 1166 voluisse,
3165 1113 3347 1175 quam
3368 1093 3612 1173 dispen-

2058 1208 2195 1251 sare
2219 1190 2281 1250 in
2305 1190 2693 1252 Matrimonio
2711 1199 3015 1251 contracto
3037 1190 3279 1269 praevia
3301 1187 3611 1267 dispensa-

2060 1283 2226 1345 tione
2253 1304 2433 1364 super
2471 1284 2776 1345 remotiori
2805 1329 2822 1358 ,
2858 1292 2918 1345 et
2948 1302 3068 1344 non
3099 1282 3359 1344 obtentis
3394 1280 3612 1342 litteris

2058 1377 2473 1440 declaratoriis
2511 1399 2691 1459 super
2739 1377 3158 1459 propinquiori
3193 1425 3207 1444 .
3245 1375 3611 1453 exclusaque

2022 1549 2027 1553 ⁴
2057 1472 2446 1534 renovatione
2473 1491 2795 1541 consensus
2816 1518 2833 1545 ,
2863 1471 3132 1544 indicare
3159 1470 3439 1540 voluisse,
3475 1470 3608 1530 Ma-

2061 1566 2425 1628 trimonium
2451 1567 2632 1629 fuisse
2653 1567 2883 1642 illicite,
2907 1566 3008 1629 sed
3031 1584 3151 1627 non
3187 1564 3449 1627 invalide
3465 1581 3610 1625 cou-

2058 1668 2339 1721 tractum.

2176 1760 2277 1815 26.
2319 1754 2615 1836 Denique,
2643 1755 2807 1835 quod
2835 1753 2991 1815 nihil
3020 1754 3082 1815 in
3111 1752 3482 1815 contrarium
3510 1750 3610 1812 ad·

2058 1847 2320 1910 ducatur
2352 1849 2575 1911 directe
2602 1848 2942 1930 percutiens
2985 1846 3454 1909 controversiam
3479 1893 3495 1915 ,
3535 1844 3611 1906 de

2057 1960 2178 2022 qua
2234 1962 2401 2004 nunc
2431 1942 2631 2023 agitur
2661 1991 2677 2013 ,
2722 1940 3052 2004 clarissime
3098 1940 3468 2022 dignoscitur
3492 1984 3509 2009 ,
3542 1936 3608 1997 in

2055 2035 2346 2097 omnibus
2395 2036 2628 2116 quippe
2674 2034 2965 2115 exemplis
2987 2080 3003 2108 ,
3057 2034 3120 2095 in
3170 2033 3395 2114 quibus
3436 2032 3604 2093 Sum.

2059 2130 2380 2192 Pontifices
2408 2150 2442 2191 a
2460 2130 2813 2201 bsolverunt
2840 2149 2874 2191 a
2902 2127 3111 2209 poenis
3152 2127 3411 2188 iucoetus
3429 2170 3446 2200 ,
3476 2145 3613 2205 pro-

2059 2224 2176 2286 lem
2211 2224 2548 2307 legitimam
2584 2225 2990 2296 declararunt,
3019 2232 3079 2286 et
3099 2220 3612 2303 praescripserunt

2055 2338 2383 2381 consensus
2423 2320 2871 2381 renovationem
2893 2367 2911 2390 ,
2944 2324 3179 2380 servata
3216 2317 3411 2377 forma
3451 2313 3611 2374 Con-

2053 2413 2212 2487 cilii,
2250 2413 2534 2475 Oratores
2560 2413 2979 2494 supplicabant
3006 2431 3116 2493 pro
3139 2408 3605 2490 dispensatione,

2054 2516 2115 2569 et
2143 2509 2228 2570 sic
2254 2528 2317 2569 se
2346 2516 2652 2588 promptos
2699 2507 3094 2568 ostendebant
3127 2505 3203 2567 ad
3248 2520 3607 2585 permanen-

2054 2604 2202 2664 dum
2237 2603 2299 2664 in
2350 2602 2738 2664 Matrimonio
2763 2650 2780 2677 ,
2817 2600 3224 2663 nammis-um
3252 2617 3372 2660 non
3397 2597 3514 2669 sit,
3556 2596 3609 2657 si

2054 2697 2538 2777 supplicantibus
2564 2696 2775 2758 iisdem
2799 2715 2906 2777 pro
2925 2692 3303 2756 absolutione
3320 2712 3355 2753 a
3380 2691 3606 2752 Censu-

2056 2791 2171 2863 ris,
2215 2811 2324 2872 pro
2354 2791 2788 2873 legitimatione
2811 2790 2999 2871 prolis
3025 2836 3042 2863 ,
3089 2787 3320 2850 Summi
3355 2783 3609 2847 Pontifi-

2049 2905 2148 2947 ces
2176 2886 2375 2966 petitis
2401 2887 2476 2948 ad
2505 2885 2941 2948 abundantiam
2974 2883 3374 2965 indulgendo,
3405 2889 3463 2942 et
3495 2880 3605 2942 ab·

2068 2980 2359 3043 solverint
2385 3000 2421 3043 a
2453 2980 2733 3043 Censuris
2752 3028 2767 3051 ,
2796 2987 2856 3041 et
2884 2979 3112 3061 prolem
3141 2978 3470 3060 legitimam
3503 2975 3608 3036 de-

2058 3073 2460 3149 claraverint,
2491 3084 2549 3137 et
2579 3074 3028 3137 renovationem
3066 3091 3389 3137 consensus
3433 3089 3606 3152 prae-

2060 3169 2430 3251 scripserint.
2466 3171 2543 3231 At
2563 3170 2640 3231 ab
2668 3169 2764 3230 his
2788 3177 3212 3249 argumentum
3242 3165 3453 3227 deduci
3483 3182 3606 3225 non

2063 3273 2260 3343 potest
2289 3264 2363 3325 ad
2389 3263 2852 3326 declarationem
2889 3262 3185 3324 nullitatis
3206 3258 3603 3332 Matrimonii,

2054 3357 2131 3419 ad
2157 3358 2323 3419 hunc
2355 3357 2577 3419 etenim
2624 3358 2897 3419 effectum
2924 3355 3357 3422 ostendendum
3404 3360 3556 3415 esset

2057 3452 2220 3533 quod
2271 3451 2767 3514 contrahentibus
2809 3470 2845 3513 a
2892 3449 3280 3513 Matrimonio
3330 3446 3606 3510 recedere

2063 3546 2446 3618 volentibus,
2494 3555 2553 3608 et
2600 3546 2937 3608 libertatem
2970 3543 3316 3608 transeundi
3358 3544 3432 3605 ad
3483 3542 3604 3605 alia

2053 3649 2189 3702 vota
2218 3641 2682 3721 postulantibus,
2704 3641 2882 3702 Sedes
2900 3639 3234 3721 Apostolica
3260 3637 3603 3700 facultatem

2044 3736 2450 3797 concessisset:
2481 3755 2742 3815 cumque
2768 3735 2885 3797 tale
2911 3735 3335 3795 documentum
3364 3752 3483 3794 non
3505 3731 3602 3794 'af-

2058 3829 2329 3903 feratur,
2369 3832 2642 3911 sequitur
2676 3850 2793 3891 non
2826 3829 3023 3891 doceri
3077 3830 3151 3891 de
3196 3829 3553 3890 documento
3579 3873 3598 3900 ,

2050 3927 2213 4006 quod
2246 3924 2424 3987 faciat
2451 3926 2525 3987 ad
2554 3945 2724 3998 rem,
2768 3932 2830 3986 et
2861 3925 3085 3985 directe
3126 3923 3421 4005 percutiat
3453 3942 3599 3985 oon·

2050 4021 2444 4090 troversiam,
2470 4021 2550 4081 de
2567 4039 2687 4100 qua
2720 4039 2879 4082 nunc
2920 4019 3159 4101 agitur.

2168 4120 2268 4176 27.
2297 4114 2656 4196 Exemplum
2689 4133 2815 4175 esse
2838 4112 3067 4194 potest
3051 4133 3111 4174 m
3138 4073 3601 4195 dispensationh

2051 4210 2185 4282 bus,
2210 4229 2367 4290 quae
2396 4207 2738 4289 petentibus
2765 4205 3157 4288 indulgentur
3177 4205 3249 4267 ad
3273 4204 3593 4278 cautelam,

2049 4303 2141 4365 vel
2166 4322 2346 4382 super
2378 4301 2949 4384 irregularitatibus,
2974 4301 3068 4362 vel
3089 4321 3268 4381 super
3292 4298 3597 4373 Censuris3

2044 4398 2559 4477 quemadmodum
2577 4396 2737 4458 enim
2762 4396 2841 4458 ab
2856 4396 3030 4457 hisce
3050 4395 3598 4475 dispensationibus

2048 4512 2168 4553 non
2203 4491 2359 4553 valet
2381 4501 2806 4573 argumentum
2834 4491 2908 4552 ad
2930 4490 3240 4552 incursum
3271 4490 3333 4550 in
3370 4490 3597 4571 irregu-

2046 4587 2344 4648 laritatem
2363 4636 2378 4657 ,
2404 4585 2499 4647 vel
2524 4586 2586 4646 in
2612 4584 2962 4658 Censuram,
2990 4584 3169 4645 etiam
3195 4584 3257 4644 in
3287 4603 3427 4646 casu
3450 4602 3596 4645 con-

2042 4681 2252 4753 simili,
2284 4689 2344 4742 et
2370 4680 2591 4742 vallato
2613 4678 2897 4741 omnibus
2926 4678 3411 4751 circumstantiis,
3438 4697 3597 4758 quae

2044 4774 2372 4837 adfuerunt
2408 4777 2469 4835 in
2491 4774 2728 4836 casibus
2746 4819 2764 4846 ,
2791 4773 2853 4834 in
2878 4773 3103 4853 quibus
3131 4773 3323 4834 dictae
3352 4772 3594 4853 dispen-

2043 4871 2305 4931 sationes
2330 4886 2640 4931 concessae
2659 4876 2800 4929 sunt
2821 4912 2838 4939 ,
2870 4869 3095 4947 quando
3121 4868 3379 4945 formiter
3401 4877 3478 4926 est
3508 4868 3596 4926 di·

2042 4965 2387 5046 sputandum
2418 4984 2498 5025 on
2540 4964 2716 5041 fuerit
2745 4965 2974 5024 incursa
3015 4963 3416 5041 irrequlafflas
3444 5008 3460 5030 ,
3505 4961 3594 5021 vel

2045 5059 2300 5121 Censura
2323 5104 2341 5131 ,
2377 5058 2531 5142 sicoa
2562 5057 2762 5118 verbis
2811 5076 3187 5118 summorum
3232 5054 3592 5116 Pontificum

2048 5153 2387 5215 nullitatem
2409 5150 2777 5215 Matrimonii
2809 5149 3286 5230 supponentibus
3305 5148 3367 5210 in
3393 5150 3588 5231 hypo-

2048 5248 2221 5320 thesi,
2252 5245 2315 5308 in
2346 5266 2467 5326 qua
2494 5246 2776 5308 Oratores
2803 5244 3265 5325 supplicabant,
3298 5252 3357 5306 et
3385 5263 3590 5324 prom-

2042 5343 2125 5425 pti
2148 5342 2412 5403 erantad
2437 5340 2909 5422 permanendum
2937 5338 3000 5399 in
3032 5338 3438 5412 matrimonio,
3467 5359 3587 5402 non

2040 5437 2206 5502 valet
2234 5436 2427 5499 illatio
2467 5435 2543 5498 ad
2582 5433 2897 5516 positivam
2928 5433 3300 5497 Matrimonii
3337 5433 3588 5497 nullita-

3547 6123 3754 6184 §aaa
