4393 6299
1644 462 2318 548 0010311001.
3113 497 3116 500 ,
3365 448 3393 499 :t

369 651 638 715 Marthae
658 640 1054 728 Colleglatam
1078 636 1194 704 dici
1226 658 1347 702 non
1373 654 1572 719 posse3
1596 635 1732 709 Quo
1756 644 1917 693 stan-

375 761 463 820 te,
494 746 803 815 inferunt,
855 761 952 814 se,
997 747 1234 820 praeter
1282 734 1561 804 Missam,
1592 749 1777 811 quani
1816 748 1925 808 pru

367 842 597 925 Populo
647 837 990 920 applicant,
1029 833 1379 896 nullatenus
1407 826 1595 891 teneri
1645 825 1720 887 ad
1771 824 1923 885 cele-

365 938 709 1002 brationem
735 934 960 996 Missae
986 925 1444 998 Conventualis,
1473 942 1610 985 cum
1638 920 1754 982 hoc
1776 936 1930 980 onus

364 1029 723 1113 impositum
754 1028 956 1090 dicant
984 1021 1473 1091 Cathedralibus,
1498 1027 1558 1080 et
1587 1012 1932 1094 Collegiatis

366 1126 689 1190 Eoelesiis:
732 1124 910 1206 juxta
950 1115 1209 1182 Textum
1255 1119 1320 1176 in
1357 1115 1501 1194 Cap.
1549 1111 1836 1173 creatura
1869 1107 1934 1167 de

366 1221 755 1284 Celebratione
776 1217 1118 1280 Missurum.

491 1312 813 1392 Multoque
862 1308 1087 1389 magis,
1133 1324 1272 1368 cum
1317 1303 1382 1364 in
1424 1297 1785 1362 visitatione

2545 608 2909 694 QUAESTIO
2964 601 3070 673 IV.

2072 809 2143 877 In
2171 812 2365 875 Causa
2387 803 2704 871 Bisuntina
2731 802 3124 866 Restitutionis
3150 800 3211 858 in
3244 798 3548 874 intem-um,

2509 905 2599 966 die
2628 908 2728 964 29.
2760 901 2903 963 Jan.
2938 901 3111 959 1718.

2157 1042 2491 1159 Ascanius
2527 1090 2812 1154 Boncaud
2843 1087 2988 1149 huic
3014 1086 3231 1147 Sacrae
3257 1079 3597 1158 Congu-ega·

2043 1194 2191 1256 tioni
2230 1189 2591 1273 supplicavit
2623 1206 2734 1268 pro
2765 1181 3142 1246 restitutione
3166 1176 3228 1237 in
3262 1175 3600 1254 integrum,
3685 1234 3687 1237 v

1833 1313 1937 1374 per
2046 1291 2336 1354 adversus
2378 1281 2735 1367 Regularem
2786 1275 3213 1359 professionem
3250 1291 3286 1330 a
3320 1288 3385 1328 se
3421 1264 3601 1328 emis·

370 1409 738 1490 Episcopum
785 1404 941 1464 facta
988 1420 1149 1463 anno
1194 1401 1369 1460 1631.
1414 1395 1744 1465 habeatur,
1773 1387 1938 1469 quod
2044 1405 2173 1447 sam
2209 1384 2367 1444 inter
2402 1378 2734 1443 Canonicos
2762 1372 3093 1455 Regulares
3125 1365 3372 1429 Ordinis
3400 1357 3602 1422 Sancti

371 1502 632 1566 Ecclesia
689 1498 988 1581 praedicta
1035 1495 1246 1557 babitu
1283 1492 1516 1562 solum,
1560 1496 1621 1550 et
1650 1506 1770 1547 non
1801 1494 1936 1545 actu

375 1595 705 1679 Collegiata
736 1594 853 1655 dici
876 1593 1072 1654 valeat
1091 1636 1107 1661 ,
1131 1605 1187 1652 et
1230 1589 1293 1649 in
1324 1580 1444 1650 alia
1469 1584 1811 1645 visitatione
1841 1599 1940 1657 pe·

377 1706 541 1757 tacta
571 1710 737 1755 anno
770 1694 944 1751 1645.
975 1688 1120 1748 haec
1146 1686 1421 1766 legantur
1440 1728 1457 1755 ,
1481 1681 1670 1743 Missa
1692 1676 1946 1736 Conven-

382 1793 597 1860 malis,
634 1806 780 1867 quae
831 1794 1134 1851 cantatur,
1185 1780 1505 1859 applicetur
1545 1793 1647 1853 pro
1691 1767 1950 1830 Ecclesia

380 1889 494 1945 sive
517 1903 625 1965 pro
653 1881 910 1962 Populo,
949 1880 1062 1938 sice
1087 1895 1190 1956 pro
1215 1870 1675 1950 Benesactoribus
1697 1868 1762 1925 in
1800 1883 1949 1924 com-

383 1983 568 2041 01111ιί.
594 1977 841 2054 Quando
868 1984 1057 2037 uatem
1084 1972 1290 2032 accidit
1325 1969 1387 2027 in
1409 1964 1585 2026 Feslis
1618 1964 1682 2022 de
1710 1959 1950 2020 Praece-

389 2089 489 2156 pto
503 2085 730 2135 cantare
761 2069 1008 2131 Missam
1033 2086 1138 2146 pro
1165 2066 1362 2143 aliquo
1385 2060 1746 2138 Benesactore
1768 2054 1955 2135 parti-

2049 1476 2396 1559 Augustini,
2430 1476 2492 1536 in
2518 1467 2907 1541 MonasteriO,
2934 1466 3061 1528 sive
3096 1459 3357 1525 Abbatia
3384 1453 3609 1517 Montis

2049 1573 2353 1638 Benedicti
2387 1566 2739 1632 Bisuntinae
2763 1561 3104 1632 Dioecesis,‘
3124 1557 3329 1636 elapso
3346 1555 3474 1633 jam
3503 1551 3611 1610 (lu-²

2051 1672 2196 1733 dum
2224 1664 2669 1749 quinquennio,
2703 1657 3088 1738 remissisque
3108 1654 3183 1716 de
3213 1670 3379 1712 more
3400 1647 3477 1710 ad
3501 1648 3611 1706 Ar-

2052 1763 2499 1845 chiepiscopum
2550 1753 2933 1818 Bisuntinum
2992 1746 3312 1831 praecibus
3366 1761 3474 1823 pro
3515 1740 3612 1799 in-

2055 1857 2460 1930 formatione,
2498 1853 2603 1914 ille
2625 1900 2642 1923 ,
2692 1849 2915 1912 nedum
2948 1859 3292 1927 procoesum
3330 1833 3614 1900 transmi-

2057 1955 2135 2017 slt
2153 1974 2189 2017 a
2209 1953 2334 2014 suis
2357 1945 2759 2027 subdelegatis
2778 1941 3170 2022 compilatum
3192 1953 3373 2015 super
3393 1940 3620 1993 asserto

2059 2058 2226 2111 metu
2270 2047 2376 2126 qui
2425 2043 2648 2105 dicitur
2697 2032 2881 2099 fuisse
2928 2035 3201 2095 incussus
3242 2048 3276 2090 a
3317 2024 3620 2105 Georgius

395 2172 580 2233 culm-2·
599 2186 933 2245 ,nunquam
951 2173 1248 2244 propterea
1275 2159 1576 2218 conletatur
1600 2152 1788 2215 Missa
1814 2148 1957 2210 Con-
2063 2142 2260 2208 Matre
2310 2149 2379 2202 ut
2422 2135 2716 2200 Ascanius
2767 2129 3206 2196 professionem
3262 2120 3622 2201 Regularem

396 2266 710 2333 matualis,
754 2261 848 2321 sed
899 2278 959 2319 eo
1007 2275 1143 2317 casu
1187 2260 1488 2315 cantentur
1527 2250 1671 2309 duae
1703 2245 1955 2315 Missae,

394 2364 578 2420 altera.
608 2378 797 2436 nwtjsc
833 2373 933 2434 pro
972 2350 1262 2419 Ecclesia,
1291 2365 1436 2426 quae
1458 2346 1566 2405 erit
1603 2340 1960 2404 Convenlua-

400 2458 466 2512 tis
484 2502 498 2524 ,
528 2456 717 2510 altera
742 2472 841 2528 pre
875 2444 1236 2523 Benefactore
1257 2438 1631 2522 particulari.

516 2548 821 2608 Adversus
855 2544 1002 2602 haec
1034 2535 1279 2619 reponit
1302 2533 1665 2613 Episcopus,
1695 2547 1758 2590 se
1784 2524 1965 2588 dubi-

402 2655 562 2713 tare,
598 2661 677 2701 an
705 2634 1122 2715 praepositus,
1153 2641 1213 2694 et
1239 2626 1526 2692 Canonici
1571 2622 1850 2705 propriae
1873 2639 1969 2682 sa-

400 2739 707 2799 tisfaciant
749 2728 1139 2811 obligationi,
1165 2721 1528 2805 applicando
1553 2715 1970 2782 tantummodo

404 2835 681 2903 Missam,
721 2822 1087 2896 Dominicis,
1137 2830 1197 2883 et
1230 2818 1423 2881 Festis
1469 2815 1685 2877 diebus
1713 2830 1823 2893 pro
1865 2828 1970 2890 po-

401 2926 583 3009 pulo,
612 2932 677 2986 et
701 2918 1035 2984 omittendo
1061 2913 1532 2979 celebrationem
1557 2910 1775 2972 Missae
1816 2905 1974 2968 Con-

405 3017 710 3082 ventualis
729 3062 746 3089 ,
777 3032 937 3096 quae
965 3031 1087 3073 non
1125 3028 1237 3090 pro
1278 3004 1541 3088 Populo,
1573 3003 1677 3066 sed
1727 3019 1835 3082 pro
1863 3002 1974 3061 Be·

2065 2238 2388 2304 emitteret,
2419 2234 2519 2294 sed
2551 2231 2616 2293 in
2645 2222 2912 2309 Epistola
2943 2222 3085 2286 huic
3117 2222 3248 2282 Sac.
3283 2218 3625 2297 Congrege-

2070 2330 2219 2394 tioni
2250 2322 2470 2408 scripta
2501 2322 2710 2387 retulit
2735 2320 2857 2382 sibi
2889 2318 3118 2388 videri,
3146 2313 3308 2394 quod
3334 2306 3631 2371 l'rosessio

2071 2422 2371 2486 nullitatis
2392 2419 2544 2482 vitio
2576 2417 2809 2479 laboret
2829 2413 2909 2474 ob
2932 2410 3254 2491 allegatam
3277 2414 3468 2466 metus
3495 2415 3631 2462 cau—

2069 2539 2222 2591 sam,
2254 2532 2393 2577 cum
2429 2511 2807 2595 potissimum
2841 2513 3066 2577 mater,
3101 2512 3231 2583 post
3258 2499 3490 2562 obitum
3526 2516 3631 2576 pa-

2074 2612 2187 2674 tris
2214 2657 2231 2686 ,
2270 2604 2541 2671 filiorum
2582 2623 2791 2668 curam
2824 2598 3196 2679 suscepisset.

2200 2707 2267 2767 ln
2304 2706 2589 2765 Processu
2619 2707 2823 2762 autem
2846 2741 2863 2768 ,
2907 2692 3014 2774 qui
3047 2692 3127 2753 ab
3176 2685 3639 2766 Archiepiscopo

2081 2796 2471 2864 transmissus
2499 2795 2649 2865 suit,
2681 2792 2887 2872 plures
2912 2789 3217 2852 habentur
3244 2782 3509 2844 Testium
3543 2780 3642 2838 de⁶

2081 2895 2431 2976 positiones.
2476 2886 2770 2952 Nonnulli
2812 2884 3024 2946 dicunt
3056 2881 3434 2959 importunas
3462 2873 3645 2934 fuisse

2083 2989 2393 3053 adhibitas
2417 3006 2452 3049 a
2481 2987 2677 3047 Matre
2698 2980 3030 3051 suasiones,
3060 2985 3244 3054 atque
3270 2967 3645 3033 sollicitatio-

404 3112 818 3179 nefactoribus
844 3117 934 3172 est
961 3104 1356 3189 applicanda,
1391 3102 1476 3163 uti
1503 3098 1833 3163 resolutum
1865 3094 1981 3158 fuit
2086 3106 2195 3147 nes
2225 3128 2243 3160 ,
2279 3093 2346 3145 ut
2373 3082 2540 3144 filius
2585 3097 2706 3139 0011
2737 3072 3104 3137 saecularem
3131 3115 3149 3143 ,
3183 3086 3367 3148 quam
3398 3072 3646 3141 exopta-2

406 3213 487 3276 ab
510 3210 625 3272 hac
648 3209 831 3270 Sacra
852 3201 1329 3285 Congregatione
1347 3199 1411 3260 in
1436 3194 1816 3259 camerinen.
1843 3188 1982 3253 Mis·

2090 3182 2217 3253 bat,
2273 3180 2377 3240 sed
2426 3173 2789 3256 Regularem
2838 3167 3119 3231 militiam
3160 3161 3644 3242 amplecteretur.-

409 3325 511 3368 sae
552 3300 986 3366 conventualis
1020 3304 1080 3359 6.
1139 3294 1306 3357 Junii
1348 3299 1538 3374 1705.
1589 3300 1648 3352 et
1698 3297 1756 3351 5.
1814 3286 1982 3348 Junii
2092 3279 2257 3341 luter
2281 3274 2393 3336 hos
2413 3274 2616 3333 Testes
2635 3272 2800 3329 extat
2827 3263 2980 3326 Avia
3011 3258 3396 3327 recurrentis,
3428 3262 3653 3314 etcum

416 3405 594 3463 1706.
629 3396 849 3478 Negari
889 3394 1113 3457 etenim
1154 3412 1275 3452 non
1318 3397 1541 3471 potest,
1581 3404 1790 3447 curam
1837 3382 1984 3444 Ani·

423 3514 667 3557 marum
713 3511 839 3553 esse
868 3508 1048 3571 penes
1088 3485 1500 3567 Praepositum
1533 3473 1946 3562 principaliter
1968 3523 1985 3551 ,

415 3601 476 3653 et
505 3589 709 3651 minus
758 3583 1171 3667 principaliter
1202 3601 1380 3661 penes
1433 3577 1765 3659 praedictos
1795 3574 1990 3636 Cano-

419 3687 618 3755 nicos;
645 3692 706 3744 et
737 3681 986 3761 quando
1008 3698 1154 3740 cura
1179 3677 1537 3739 Animarum
1562 3681 1651 3733 est
1677 3688 1856 3750 penes
1881 3669 1992 3729 Ca-

427 3781 710 3849 nonicos,
743 3777 857 3857 ipsi
890 3774 1171 3857 propriae
1201 3792 1321 3833 non
1360 3767 1736 3831 satisfaciunt
1761 3763 1994 3844 obliga-

433 3875 619 3948 tioni,
665 3871 1027 3953 applicando
1060 3865 1421 3935 Dominicis,
1467 3872 1526 3926 et
1568 3862 1759 3924 Festis
1784 3859 1998 3921 diebus
2105 3864 2260 3927 prop

2092 3373 2246 3435 Avia
2271 3366 2593 3431 concordat
2622 3363 2882 3423 Patruus
2908 3352 3272 3417 Sacerdotali
3306 3350 3652 3411 charactere

2095 3464 2447 3546 insignitus,
2481 3459 2587 3539 qui
2619 3457 2727 3528 ait,
2760 3472 2937 3533 saepe
2968 3452 3224 3512 Matrem
3256 3443 3511 3507 Ascanio
3541 3441 3656 3500 mi-

2095 3572 2305 3623 natam
2337 3556 2521 3619 fuisse
2542 3599 2559 3627 ,
2595 3561 2663 3613 ut
2692 3547 3065 3629 Religionem
3095 3538 3514 3623 ingrederetur
3542 3535 3659 3597 suh

2100 3658 2351 3719 obtentu
2384 3649 2726 3732 praecipue,
2764 3641 2926 3724 quod
2955 3653 3097 3701 eum
3121 3638 3285 3700 alere
3320 3652 3439 3694 non
3491 3639 3659 3712 pote·

2099 3760 2219 3823 rat,
2250 3758 2381 3810 tum
2409 3752 2654 3826 propter
2671 3736 3016 3820 angustiam
3036 3732 3124 3794 rei
3156 3725 3499 3799 familiariS,
3531 3734 3662 3785 tum

2264 3851 2353 3904 ter
2403 3849 2726 3900 numerum
2776 3840 3041 3913 quatuor
3086 3826 3419 3888 liberorum
3444 3869 3462 3892 ,
3512 3835 3666 3899 quos

430 3969 678 4031 Missam
730 3985 841 4046 pro
893 3962 1151 4045 populo,
1196 3979 1334 4024 cum
1382 3957 1640 4021 ulterius
1682 3962 2001 4018 teneantur
2104 3938 2391 4002 habeba!-

429 4062 740 4125 celebrare
775 4059 1021 4120 Missam
1052 4053 1559 4122 conventualem,
1586 4059 1656 4113 ut
1690 4050 1751 4111 in
1802 4048 2002 4110 termi-

434 4156 530 4218 nis
574 4152 1021 4217 canonicorum
1073 4147 1450 4211 Catbedralis
1477 4191 1493 4218 ,
1545 4156 1605 4207 et
1645 4144 2002 4224 Collcgiata-

2228 4031 2348 4094 Alii
2392 4030 2594 4090 Testes
2632 4024 2693 4085 in
2723 4020 2933 4083 eodem
2982 4031 3262 4099 processu
3303 4008 3668 4089 deponentes

2109 4134 2406 4191 testantur
2428 4169 2444 4199 ,
2477 4142 2540 4184 se
2562 4121 2639 4183 ab
2668 4114 2924 4179 Ascanio
2947 4158 2964 4186 ,
2998 4122 3263 4188 tempore
3287 4101 3629 4165 Novitiatus
3646 4144 3666 4173 ,

432 4270 569 4313 rum
593 4246 1000 4311 Ecclesiarum
1030 4243 1305 4313 Civitatis
1333 4239 1732 4303 viterbiensis
1761 4236 2007 4298 resolvit
2108 4220 2433 4291 audivisse.
2459 4215 2623 4298 quod
2644 4209 3084 4273 professionem
3104 4199 3469 4282 Regularem
3494 4184 3672 4257 emit*

433 4346 583 4409 baec
600 4345 783 4406 Sacra
814 4339 1214 4423 congregatio
1242 4338 1340 4399 dle
1371 4343 1468 4399 31.
1502 4335 1707 4398 Martii
1742 4339 1914 4395 1708.
1947 4342 2008 4394 et

438 4439 502 4501 in
537 4436 815 4501 terminis
845 4434 1109 4516 Capituli
1136 4430 1515 4494 cathedralis
1540 4428 1843 4491 Ecclesiae
1867 4427 2005 4489 Bal-

439 4532 851 4614 neoregiensis
871 4577 887 4604 ,
918 4532 1091 4611 cujus
1118 4529 1241 4590 duo
1266 4525 1550 4588 Canonici
1584 4525 1647 4585 in
1677 4523 1868 4584 altera
1916 4523 2009 4582 di·

399 4650 413 4663 ·
440 4640 571 4691 ctae
596 4625 872 4690 Civitatis
899 4634 1068 4704 parte
1098 4630 1378 4684 exercent
1400 4640 1608 4682 curam
1625 4619 2009 4690 Animarum,

440 4724 590 4785 baec
612 4721 819 4784 eadem
862 4720 1043 4781 Sacra
1089 4716 1300 4778 statuit
1342 4713 1741 4796 Congregatio
1782 4713 1881 4774 die
1912 4717 2005 4773 19.

441 4815 701 4898 Augusti
732 4819 905 4876 1713.

567 4912 679 4973 His
707 4909 948 4991 positis,
979 4906 1300 4989 quaeritur

569 5007 667 5067 An
722 5004 1001 5067 Canonici
1049 5003 1371 5081 nuncupati
1431 4999 1718 5061 Ecclesiae
1767 4995 2017 5057 Sanctae

449 5100 724 5163 Marthae
768 5098 971 5159 Ter-rae
1004 5098 1284 5160 Marthae
1328 5100 1627 5157 teneantur
1659 5096 1735 5156 ad
1773 5084 2016 5153 celebra·=

451 5199 658 5257 tionem
684 5193 908 5255 Missae
941 5191 1345 5254 Conventualis
1375 5193 1441 5251 in
1468 5210 1603 5251 casu
1633 5200 1734 5249 etc.

565 5390 713 5440 sacr.
751 5385 950 5453 Congr.
993 5385 1097 5437 die.
1143 5384 1226 5435 12.
1268 5382 1426 5436 Febr.
1470 5383 1626 5434 17¹8.
1670 5372 1965 5449 Respondit

638 5473 933 5542 Negate've,
974 5485 1026 5525 et
1064 5472 1316 5543 amplius.

789 5588 997 5627 senso.
1045 5590 1157 5627 xiv.
1199 5589 1346 5629 ron.
1389 5570 1499 5625 ΧΗ.

2118 4330 2242 4381 tere
2272 4314 2539 4382 nolebat,
2569 4317 2629 4370 et
2667 4305 2856 4387 quod,
2901 4309 3143 4383 propter
3179 4292 3415 4365 Matris,
3451 4297 3511 4352 et
3556 4287 3672 4349 Co-

2117 4422 2444 4496 gnatorum
2498 4405 2777 4467 timorem
2826 4398 2886 4457 in
2930 4391 3193 4457 Abbatia
3237 4383 3675 4469 permanebata

2117 4508 2286 4570 Alter
2306 4520 2554 4585 quoque
2573 4517 2647 4560 ex
2668 4490 2948 4557 ‘festibus
2963 4495 3194 4558 narrat,
3211 4480 3539 4545 Ascanium
3561 4476 3679 4537 No-

2118 4600 2368 4664 vitiatus
2397 4606 2667 4673 tempore
2698 4588 2775 4651 ad
2818 4581 3075 4647 Matrem
3104 4575 3454 4646 accessisse,
3484 4579 3550 4632 ut
3597 4569 3681 4631 ab

2120 4716 2189 4758 ea
2215 4692 2514 4755 obtineret
2539 4683 2844 4748 licentiam
2870 4670 3285 4759 proficiscendi
3310 4668 3385 4732 ad
3423 4664 3678 4736 bellum,

2119 4807 2305 4870 quam
2334 4796 2534 4846 tamen
2571 4779 2898 4857 impetrare
2932 4790 3055 4833 non
3084 4765 3320 4849 potuit:
3359 4764 3437 4823 Et
3472 4759 3627 4823 alter
3652 4801 3672 4831 ,

2122 4885 2237 4946 hoc
2267 4881 2492 4943 factum
2536 4868 2954 4937 confirmando
2981 4911 2998 4939 ,
3048 4861 3218 4925 addit
3243 4856 3405 4939 qnod
3449 4853 3566 4917 suit
3605 4851 3685 4942 ad

2128 5093 2232 5155 per
2286 5066 2637 5132 violentiam
2665 5101 2683 5136 ,·
2728 5071 2789 5122 et
2832 5059 3093 5119 Patruus
3129 5046 3415 5119 Ascanii,
3441 5042 3691 5104 modum

2127 5162 2506 5231 enarranda,
2548 5177 2671 5238 quo
2721 5152 3004 5216 habitum
3042 5143 3405 5226 Regularem
3453 5153 3686 5199 assum-⁶

2131 5264 2247 5343 psit
2274 5304 2289 5333 ,
2321 5255 2521 5337 inquit
2556 5254 2635 5315 ab
2658 5272 2729 5312 eo
2756 5249 2982 5310 dictum
3011 5241 3291 5303 habitum
3315 5238 3691 5310 assumptum

2130 5357 2315 5418 fuisse
2336 5369 2541 5414 coram
2570 5369 2634 5409 se
2659 5355 2717 5408 et
2736 5362 2940 5406 curam
2966 5342 3043 5399 Ax
3063 5332 3298 5395 unculis
3317 5376 3331 5402 ,
3359 5348 3433 5389 ex
3463 5323 3694 5404 quibus

2132 5450 2388 5534 quidam
2439 5442 2727 5508 Claudius
2753 5488 2770 5511 ,
2804 5436 2912 5518 qui
2946 5435 3233 5493 inu-resse
3290 5442 3409 5484 non
3450 5416 3642 5501 potuit
3672 5451 3698 5488 ,

3343 5537 3375 5583 2
