4393 6299
1702 465 2169 539 QoAEsTm
2218 476 2411 531 ccxx.

421 605 735 671 sessionem
757 607 1097 673 solutorum
1121 659 1139 687 ‚
1183 615 1569 695 ponderanda
1615 629 1701 683 est
1729 621 1963 685 Consti-

423 701 575 763 tutio
609 701 833 763 Urbani
879 705 985 765 IV.
1017 727 1159 785 quae
1207 721 1283 769 est
1335 713 1486 773 inter
1533 725 1965 795 extr-avoqontes

419 817 753 869 communes,
787 809 835 859 et
865 799 1093 879 incipit:
1117 803 1293 865 Sane:
1319 809 1409 865 tit.
1441 809 1505 867 de
1539 807 1825 881 Simonin,
1857 813 1961 873 ubi

417 891 677 971 gratiose
715 895 1061 955 conceditur
1105 897 1347 961 retineri
1385 905 1693 981 pecuniam
1735 927 1841 983 pro
1869 907 1957 967 in-

417 1003 621 1065 gressu
653 987 997 1048 Monasterii
1029 989 1283 1053 solutam
1305 1039 1321 1065 ,
1361 995 1407 1055 si
1451 995 1635 1057 fuerit
1667 999 1961 1093 applicata

417 1079 495 1139 ad
533 1099 913 1141 communem
953 1103 1125 1145 usum
1161 1089 1505 1151 Monasterii
1531 1137 1547 1165 ‚
1587 1095 1685 1153 sed
1723 1115 1859 1155 cum
1899 1100 1963 1157 in

417 1173 569 1235 dicta
597 1181 1003 1255 extravayanti
1049 1179 1383 1243 habeamur
1431 1185 1577 1247 haec
1635 1191 1813 1251 verba
1859 1193 1961 1253 hoc

415 1269 529 1327 eice
555 1269 893 1343 dumtaxat,
919 1273 1387 1337 examinandum
1415 1289 1501 1341 est
1527 1327 1543 1352 ‚
1575 1303 1649 1343 an
1677 1285 1789 1345 sibi
1827 1287 1959 1347 vin-

413 1359 567 1423 dicet
599 1363 797 1425 locum
841 1365 1147 1445 dispositio
1191 1371 1442 1433 alterius
1475 1375 1683 1437 Toxius
1729 1383 1793 1437 in
1833 1401 1957 1461 cap.

422 1455 653 1517 Veniens
691 1459 755 1517 de
785 1457 1087 1535 simonia,
1137 1465 1241 1525 uhi
1287 1469 1527 1541 Abbas,
1573 1481 1629 1531 et
1679 1473 1957 1537 Monachi

411 1551 889 1613 condemnamur
911 1553 985 1613 ad
1009 1557 1435 1621 restituendam
1463 1565 1777 1643 pecuniam
1817 1569 1955 1629 Pre-

409 1641 691 1723 sbytero,
729 1645 835 1725 qui
873 1665 1005 1707 eam
1031 1651 1465 1717 exbursaverat
1489 1703 1503 1729 ,
1533 1669 1597 1719 ut
1629 1661 1957 1723 Monachus

411 1735 581 1797 fieret
605 1781 623 1809 ,
667 1755 823 1817 quae
853 1741 1149 1805 restitutio
1187 1755 1381 1809 tamen
1425 1751 1509 1811 sic
1549 1753 1911 1837 intelligitur
1935 1803 1951 1831 ‚

407 1837 477 1889 nt
509 1849 627 1889 non
661 1829 767 1891 fiat
807 1833 865 1891 in
897 1836 1151 1913 gratiam
1183 1839 1529 1905 profitentis
1557 1893 1571 1915 ,
1605 1857 1671 1907 ut
1703 1847 1827 1927 ipse
1863 1851 1953 1909 vi-

407 1921 621 1985 delicet
643 1943 773 1985 cam
799 1927 1055 1991 retinere
1083 1933 1297 2009 possit,
1345 1939 1445 1997 sed
1481 1949 1543 1999 ut
1588 1941 1691 2003 fiat
1725 1943 1785 2001 in
1813 1967 1947 2023 gra-

407 2015 553 2077 tiam
597 2019 941 2081 Monasterii
975 2025 1047 2083 ad
1079 2029 1235 2105 quod
1291 2031 1689 2105 transfertur,
1739 2059 1815 2097 ne
1869 2040 1955 2101 illi

405 2109 685 2173 videlicet
705 2113 783 2175 sit
811 2133 1119 2189 onerosus,
1155 2123 1239 2182 uti
1271 2123 1389 2185 late
1415 2131 1797 2209 prosequitur
1827 2135 1950 2194 Pir-

403 2205 561 2281 ht‘nq.
593 2207 670 2265 nd
699 2207 797 2267 tib.
847 2215 905 2269 5.
955 2213 1215 2273 decretal.
1249 2219 1337 2277 tn.
1373 2219 1437 2277 de
1469 2219 1687 2283 Simon.
1725 2239 1853 2285 sect.
1889 2235 1943 2289 3.

401 2295 467 2376 ἓ.
501 2301 557 2357 4.
591 2319 651 2357 n.
681 2305 779 2361 63.
809 2309 867 2361 et
891 2303 953 2361 in
989 2313 1219 2367 tantum
1241 2311 1303 2367 in
1325 2314 1567 2389 allegato
1589 2321 1841 2395 capituto
1861 2341 1947 2381 ve·-

401 2393 559 2453 m'ens
597 2393 1061 2459 demandaretur
1089 2403 1387 2465 restitutio
1429 2409 1715 2485 pecuniae
1755 2413 1945 2473 eidem

399 2485 779 2569 Presbytero,
807 2491 869 2549 in
899 2503 1195 2571 quantum
1225 2497 1329 2558 ille
1363 2499 1645 2571 solverat,
1681 2507 1779 2565 sed
1819 2529 1943 2585 pro-

399 2577 713 2643 fessionem
753 2585 951 2647 adhuc
990 2607 1107 2647 non
1141 2591 1421 2653 emiserat
1447 2639 1463 2665 ‚
1517 2596 1601 2655 uti
1653 2601 1939 2678 ponderat

401 2671 657 2735 Gibatin.
687 2679 751 2735 de
775 2677 993 2739 Simon.
1037 2697 1249 2761 *quaese
1277 2691 1371 2747 23.
1401 2703 1627 2751 connect.
1659 2697 1749 2753 ll.
1777 2717 1835 2755 n.
1863 2705 1919 2757 5.

511 2769 661 2829 Cum
693 2790 851 2833 nunc
879 2775 1043 2835 nulla
1073 2775 1251 2837 suerit
1283 2789 1451 2857 capta
1483 2785 1765 2847 resolutio
1789 2835 1803 2861 ,
1841 2793 1937 2851 sed

397 2859 621 2921 dictum
675 2875 743 2925 ut
787 2867 1151 2929 scriberetur
1185 2881 1303 2933 tam
1349 2875 1573 2937 Nuntio
1609 2883 1945 2959 Apostolico

393 2953 675 3019 Coloniae
698 3007 713 3029 ,
751 2979 932 3039 quam
957 2963 1339 3027 Internuntio
1379 2971 1725 3035 Bruxellen.
1757 2987 1821 3039 ut
1855 2981 1937 3039 in·
1999 2987 2000 2994 ’

391 3047 725 3114 formarent
757 3055 831 3116 de
873 3057 1041 3134 praxi
1069 3106 1085 3128 ‚
1129 3069 1187 3120 et
1233 3067 1663 3130 consuetudine
1704 3071 1941 3136 Patriae

389 3142 733 3208 Leodiensis
759 3148 917 3210 circa
941 3152 1357 3231 professiones,
1389 3178 1545 3240 quae
1575 3166 1935 3232 emittuntur

389 3236 461 3298 in
493 3236 903 3304 Conventibus
947 3246 1021 3306 ad
1071 3248 1129 3306 id
1179 3270 1297 3310 non
1353 3252 1675 3334 designatis
1701 3306 1717 3330 ,
1765 3262 1939 3326 datae

388 3328 637 3394 fuerunt
679 3334 914 3398 litterae
951 3340 1013 3400 in
1055 3344 1467 3408 executionem
1515 3354 1933 3420 mandatorum

387 3422 517 3486 Sao.
549 3424 1077 3510 Congregationis.

501 3518 645 3582 Fuit
665 3540 701 3582 a
727 3522 953 3586 Nuntio
967 3524 1303 3590 Coloniensi
1325 3536 1669 3602 transmissa
1693 3548 1931 3610 attesta-

385 3610 473 3672 tio
496 3612 743 3676 Petrum
779 3616 1123 3682 Conventus
1149 3622 1397 3688 Ordinis
1427 3628 1487 3688 S.
1520 3633 1841 3712 Dominici‚
1869 3642 1931 3702 in

381 3722 503 3786 qua
521 3706 741 3770 dicitur
761 3730 871 3790 pro
893 3714 1201 3778 validitate
1221 3720 1605 3798 professionis
1627 3742 1923 3808 oportere,

377 3806 447 3862 ‘ut
479 3818 587 3880 per
631 3822 861 3866 annum
889 3808 1191 3890 integrum
1231 3814 1569 3880 Novitiatus
1607 3824 1925 3902 expleatur
1977 3815 1987 3835 ¹

377 3890 443 3954 in
469 3892 677 3975 aliquo
705 3896 1015 3962 Conventa
1043 3924 1147 3984 per
1175 3906 1527 3988 Superiores
1552 3916 1813 3996 Majores
1847 3926 1923 3988 ad
1984 3925 1985 3928 ’

377 3982 441 4046 id
467 3984 805 4068 designato,

493 4078 913 4146 Internuntius
949 4088 1357 4154 Bruxeliensis
1399 4096 1461 4156 in
1491 4120 1597 4162 sua
1629 4102 1921 4174 informa-

375 4168 541 4234 tione
563 4184 797 4250 narrat,
825 4182 1023 4258 quoad
1051 4182 1311 4246 Clericos
1339 4188 1400 4248 in
1430 4192 1747 4260 Leodiensi
1775 4202 1921 4264 Pro-

371 4262 573 4328 vincia
597 4268 905 4332 observari
939 4272 1001 4334 in
1043 4276 1257 4350 ordine
1285 4280 1685 4352 Dominicano
1705 4338 1723 4366 ,
1753 4300 1915 4374 quod

373 4356 743 4424 Novitiatum
775 4366 1059 4446 expleant
1085 4370 1147 4432 in
1174 4372 1589 4442 conventibus
1609 4388 1685 4446 ad
1725 4388 1785 4450 id
1815 4394 1917 4454 de-

367 4450 618 4534 signatis
643 4458 759 4522 sub
783 4480 969 4540 poena
1003 4464 1329 4542 nouitatis,
1365 4492 1491 4536 rem
1517 4488 1719 4542 autem
1747 4504 1917 4551 secus

371 4564 437 4610 so
457 4546 687 4614 hahere
711 4556 911 4634 quoad
943 4556 1127 4622 laicos
1149 4606 1167 4634 ,
1199 4570 1255 4626 et
1287 4570 1489 4646 quoad
1519 4572 1753 4640 oblatos
1775 4622 1791 4640 .

484 4640 599 4706 His
627 4648 929 4710 stantibus
947 4696 965 4724 ,
991 4656 1335 4732 quaeritur:

481 4734 537 4798 1.
563 4735 661 4800 An
695 4754 902 4806 constet
935 4747 1001 4808 de
1023 4752 1319 4816 validitate
1343 4760 1699 4838 {professionis
1721 4770 1785 4830 in
1813 4792 1909 4834 ca·-

365 4846 437 4890 ω
459 4840 563 4894 etc.
595 4844 645 4894 et
665 4848 943 4914 quatenus
965 4846 1249 4920 montiae:
1628 4895 1632 4901 ·

481 4924 567 4988 Π.
597 4926 697 4990 An
715 4932 791 4990 sit
824 4934 975 4994 locus
997 4940 1347 5004 restitutioni
1387 4948 1533 5010 dotis
1555 4954 1770 5018 solutae
1803 4980 1911 5042 pro

363 5016 621 5101 imme
645 5022 959 5106 Roliyiom‘s
979 5032 1043 5090 in
1067 5052 1204 5094 casn
1227 5047 1329 5098 etc.

470 5208 625 5264 Socra
649 5212 845 5282 congr.
875 5216 965 5270 die
993 5220 1075 5274 ss.
1101 5222 1245 5274 ,Iunii
1279 5228 1433 5280 1722.
1461 5238 1769 5302 respondit:

539 5296 637 5352 Aa
655 5300 893 5361 primum
919 5302 1287 5395 affirmative,
1325 5328 1379 5374 es
1415 5322 1675 5392 amptius.
1703 5332 1799 5384 Ad
1823 5350 1905 5388 se.

357 5382 593 5440 metum
615 5386 820 5442 diluta.

3355 501 3462 552 22⁵7

2552 635 2911 709 QUAESTIO
2954 643 3220 709 CCXXI.

2110 813 2184 875 In
2212 815 2404 881 Conso
2444 819 2802 887 Cremonensi
2836 829 3158 895 Erec-tionis
3196 837 3548 919 Colleyiatae
3576 891 3592 917 ,

2506 919 2594 977 die
2626 925 2684 979 2.
2724 923 2974 1003 Augusti
3012 933 3184 989 1721.

2076 1037 2444 1161 Consilium
2490 1103 2786 1169 Generale
2840 1109 3066 1193 Oppidi
3118 1117 3342 1181 Casalis
3392 1125 3638 1209 Majoris

2085 1193 2182 1253 siti
2212 1193 2270 1253 in
2310 1197 2570 1259 Dioeeesi
2598 1201 2983 1267 Cremonensi
3012 1209 3364 1277 Provinciae
3402 1219 3631 1285 Medio-

2074 1283 2272 1349 la'nen.
2302 1309 2408 1351 nec
2438 1313 2554 1353 non
2582 1295 2898 1359 universus
2920 1301 3182 1381 Populus
3210 1311 3388 1371 totius
3422 1317 3626 1377 distri-

2074 1389 2236 1454 ctus,
2266 1393 2324 1443 et
2355 1385 2714 1449 Executores
2750 1395 3208 1461 Testamentarii
3242 1405 3472 1469 Nobilis
3496 1413 3626 1475 Ma-

2080 1481 2290 1537 tronae
2318 1479 2604 1543 Claudiae
2642 1485 2946 1551 Elisabeth
2998 1493 3414 1575 Maltraversi,
3472 1527 3630 1587 quae

2072 1587 2248 1629 suum
2282 1571 2500 1653 legavit
2528 1577 2968 1643 Patrimonium
2994 1607 3102 1665 pro
3132 1609 3314 1669 opere
3344 1597 3440 1673 pio
3486 1621 3624 1663 mox

2060 1667 2436 1741 exponendo.
2464 1671 2762 1749 supplices
2792 1697 2990 1755 preces
3022 1683 3435 1751 exbibuerunt
3460 1691 3616 1757 felic.

2070 1759 2298 1819 record.
2336 1761 2626 1825 Clementi
2658 1767 2852 1847 Papae
2882 1775 2990 1835 xl.
3026 1823 3040 1845 ,
3080 1789 3144 1837 ut
3186 1781 3444 1845 Ecclesia
3510 1791 3620 1853 Pa-

2066 1849 2348 1911 rochialis
2366 1857 2480 1915 sub
2505 1857 2676 1919 titulo
2696 1861 2894 1925 Sancti
2922 1867 3208 1947 Stephani
3236 1887 3362 1953 post
3384 1881 3618 1945 obitum

2064 1945 2582 2029 Archipreshyteri
2606 1999 2624 2027 ,
2668 1959 2772 2035 qui
2828 1961 3004 2021 modo
3046 1963 3104 2023 in
3140 1987 3206 2027 ea
3238 1969 3474 2035 exercet
3512 1999 3616 2039 cu-

2066 2057 2194 2099 ram
2246 2042 2623 2117 animarum,
2680 2051 3010 2131 erigeretur
3063 2059 3122 2117 in
3186 2061 3572 2145 Collegiatam
3598 2123 3612 2145 ,

2011 2196 2012 2201 κ
2060 2139 2532 2211 componendam
2578 2161 2652 2203 ex
2704 2165 2828 2205 uno
2866 2147 3448 2239 Archipresbytero,
3504 2169 3610 2245 qui

2062 2225 2304 2289 deberet
2332 2251 2458 2291 esse
2486 2233 2718 2313 Caput,
2758 2248 2816 2301 et
2868 2243 3058 2321 prima
3096 2251 3364 2331 Dignitas
3388 2303 3402 2327 ‚
3436 2269 3492 2319 et
3536 2283 3610 2323 ex

2060 2319 2257 2379 decem
2294 2321 2608 2387 Canonicis
2636 2351 2650 2391 :
2682 2351 2944 2409 quorum
2988 2359 3146 2401 unus
3196 2346 3442 2411 deberet
3486 2373 3612 2419 esse

2058 2413 2426 2495 Theologus‚
2458 2431 2516 2481 et
2544 2427 2802 2487 secunda
2834 2431 3100 2511 Dignitas
3126 2483 3142 2507 ,
3174 2449 3232 2500 et
3267 2441 3510 2525 insuper
3532 2469 3604 2511 ex

2007 2542 2008 2545 =
2060 2507 2292 2569 duobus
2346 2511 2630 2589 Clericis,
2679 2529 2738 2581 et
2776 2523 3216 2605 Campanari03
3266 2555 3526 2621 cumque
3572 2567 3608 2607 a

2059 2599 2382 2663 Sanctitate
2400 2607 2520 2667 Sua
2554 2609 2801 2675 fuissent
2828 2637 3026 2695 preces
3052 2627 3330 2691 remissae
3352 2635 3426 2693 ad
3452 2635 3608 2703 hane

2056 2693 2296 2757 Sacram
2330 2701 2864 2785 Congregationem
2894 2763 2906 2783 ‚
2940 2719 3226 2799 scriptum
3260 2725 3396 2801 suit,
3426 2731 3602 2811 juxta

2056 2809 2282 2851 morem
2308 2839 2324 2865 ,
2364 2795 2686 2877 Episcopo,
2722 2807 2827 2885 qui
2856 2813 3084 2873 censuit
3112 2837 3228 2877 nim
3258 2839 3382 2883 esse
3414 2845 3604 2889 annu-

2053 2885 2274 2945 endum
2332 2891 2566 2965 petitis;
2604 2915 2862 2979 cumque
2896 2907 3332 2989 subsequenter
3380 2923 3598 2999 negotii

2052 2979 2312 3059 cognitio
2340 2983 2520 3047 suerit
2552 2993 2862 3057 commissa
2888 2999 3376 3071 Eminentissimo
3404 3013 3600 3079 Domi-

2052 3093 2130 3134 no
2160 3073 2462 3140 Cardinali
2496 3085 2854 3162 Zondadari,
2886 3104 2944 3154 et
2973 3096 3314 3165 Eminentia
3346 3108 3464 3170 Sua
3498 3114 3598 3174 ad-

2052 3168 2308 3232 haeserit
2336 3174 2678 3240 Sententiae
2707 3182 3004 3266 Episcopi,
3044 3192 3406 3260 instantibus
3428 3204 3596 3266 Com-

2052 3264 2342 3326 munitate
2368 3268 2592 3330 Casalis
2622 3274 2866 3357 Majoris
2894 3326 2910 3352 ,
2942 3292 3000 3342 et
3023 3284 3460 3354 Executoribns
3492 3300 3596 3362 Te—

2046 3364 2448 3424 stamentariis
2480 3384 2658 3444 supra
2698 3376 3040 3436 memoratis
3064 3424 3082 3452 ,
3116 3384 3178 3442 in
3218 3384 3390 3462 plena
3434 3390 3590 3454 Con-

2044 3454 2390 3532 gregatinne
2412 3460 2768 3538 proponitur
2788 3466 3044 3532 dubium
3068 3476 3142 3536 ad
3166 3478 3384 3542 calcem
3412 3484 3592 3568 hujus

2048 3546 2356 3606 rasti-tetus
2388 3550 2768 3618 referendum
2788 3600 2804 3620 .

2160 3640 2686 3708 Eminentissimus
2710 3654 3046 3718 Zondadari
3080 3660 3140 3722 in
3172 3684 3282 3728 suo
3312 3688 3420 3748 per
3460 3692 3590 3736 ma-

1989 3782 1990 3785 ,
2046 3750 2160 3792 nus
2192 3732 2674 3802 circumferendo
2702 3748 2990 3830 suffragio
3022 3752 3280 3822 libenter
3324 3768 3590 3830 admittit

2040 3825 2342 3906 Oppidum
2374 3832 2598 3896 Casalis
2626 3840 2874 3920 Maj'oris
2902 3846 3256 3914 Cremonen.
3290 3858 3586 3925 Dioeoesis

2034 3938 2160 3982 esse
2188 3922 2464 4006 insigne,
2516 3936 2702 4010 atque
2746 3938 3176 4018 conspicuum,
3228 3952 3328 4012 sed
3380 3956 3584 4020 subdit

2034 4032 2154 4076 non
2186 4036 2312 4080 esse
2360 4020 2554 4082 locum
2600 4028 2884 4091 erectioni
2928 4032 3330 4120 Collegiatae,
3384 4048 3582 4128 primo

2030 4108 2172 4190 quia
2210 4110 2272 4172 in
2316 4112 2546 4176 calculo
2588 4120 2758 4182 Dotis
2800 4142 3198 4194 numerantur
3234 4146 3398 4202 scuta
3436 4148 3574 4208 270.

2028 4220 2184 4282 quae
2208 4206 2428 4270 debent
2460 4212 2880 4280 dismembrati
2910 4240 2986 4284 ex,
3012 4224 3220 4291 Mensa
3254 4234 3580 4318 Archipre-

2026 4296 2318 4376 sbyterali
2368 4304 2446 4364 ad
2492 4308 2940 4376 constituendas
2988 4316 3160 4382 binas
3204 4324 3580 4398 Praebendas

1976 4435 1977 4439 ,
2030 4386 2416 4458 Canonicales
2438 4442 2456 4470 ‚
2512 4410 2574 4460 et.
2626 4404 2870 4468 totidem
2908 4410 3346 4482 Mansionarias
3372 4468 3390 4494 ,
3438 4444 3577 4489 cum

2028 4480 2164 4544 talis
2196 4484 2650 4554 dismembratio
2676 4498 2754 4558 sit
2782 4502 3116 4566 remedium
3152 4516 3574 4582 extraordina-

2028 4574 2184 4638 rium
2208 4622 2228 4650 ,
2256 4584 2608 4648 exorbitans
2634 4636 2652 4660 ,
2682 4600 2742 4652 et
2764 4594 3038 4658 odiosum
3064 4648 3080 4670 ,
3112 4612 3172 4664 et
3210 4604 3402 4670 multo
3446 4632 3574 4676 ιπε-
3612 4678 3618 4684 ,

2022 4668 2112 4748 gis
2136 4714 2156 4742 ,
2188 4692 2324 4734 cum
2356 4674 2454 4738 hic
2476 4724 2494 4752 ,
2518 4692 2576 4742 et
2598 4702 2760 4746 nunc
2780 4686 2842 4748 in
2876 4688 3134 4756 Ecclesia
3166 4696 3226 4758 S.
3254 4700 3568 4784 Stephani,

2024 4760 2181 4826 ultra
2208 4766 2846 4856 archipresbyterum,
2882 4796 2942 4846 et
2970 4788 3366 4870 Cappellanos
3388 4798 3574 4866 Cura-

2024 4864 2112 4918 tos
2134 4902 2152 4931 ,
2183 4860 2288 4922 alii
2319 4864 2800 4950 vigintiquatuor
2832 4878 3032 4944 adsint
3066 4884 3432 4966 Beneficiati,
3459 4896 3568 4976 qni

2012 4950 2188 5030 juxta
2240 4955 2576 5022 Concilium
2636 4966 3014 5038 provinciale
3070 4978 3520 5050 mediolanense
3544 5036 3564 5066 ,

2022 5056 2300 5112 tenentur
2328 5052 2524 5116 eidem
2576 5058 2870 5126 inservire
2900 5066 2963 5128 in
3006 5068 3270 5150 divinis,
3308 5078 3566 5162 singulis

2014 5138 2230 5204 diebus
2254 5142 2416 5208 festis
2435 5192 2454 5208 .
2492 5150 2766 5218 Secundo
2794 5160 2940 5239 quia
2968 5182 3106 5226 cum
3134 5168 3468 5236 Testatores
3490 5176 3566 5242 de

1951 5230 1952 5275 ἶ
2012 5232 2448 5302 Maltraversiis
2490 5244 2728 5310 nullum
2778 5258 3016 5334 ternpus
3042 5260 3328 5326 erectioni
3365 5264 3564 5332 Colle-

2006 5326 2208 5408 ‘giatae
2240 5337 2754 5418 praoecripserint,
2780 5348 2882 5408 sed
2904 5352 3266 5418 erectionem
3294 5358 3560 5444 relique-

2008 5420 2134 5486 rint
2152 5422 2332 5504 pleno
2350 5430 2606 5494 arbitrio
2624 5436 3052 5520 Executorum,
3073 5448 3298 5528 quibus
3320 5452 3559 5550 deman-
