4393 6299
1694 476 1741 548 Q
1767 478 1812 532 u
1837 480 1894 532 e
1922 482 1956 535 s
1984 482 2033 536 τ
2062 479 2157 534 10
2218 486 2573 543 cccxxxiv.

478 719 538 777 in
568 729 794 779 tantum
830 721 1116 781 extinctio
1160 721 1406 783 inducta
1451 725 1513 783 in
1547 725 1721 785 dictis
1751 731 2025 789 terminis
2134 731 2409 798 claustro
2472 738 2863 822 Regularium
2890 787 2909 817 ,
2957 764 3175 827 operae
3230 750 3495 831 pretium
3554 772 3684 817 esee

474 823 780 870 crescatur
812 861 824 881 ,
864 813 924 871 in
976 823 1269 891 quantum
1303 837 1609 877 assumens
1655 829 1875 879 statum
1929 825 2019 883 in-

472 905 914 983 compatibilem
944 909 1289 967 renuntiare
1309 911 1527 969 dicitur
1555 915 2023 995 l'cnsioni‚qn;w

472 1017 566 1057 res
600 1001 796 1077 (pietati
842 1001 1222 1081 semetipsum
1263 1005 1561 1065 veriticata
1599 1027 1713 1065 non
1759 1009 1869 1067 fuit
1897 1057 1911 1078 ‚
1947 1031 2021 1069 ex

470 1113 592 1171 quo
622 1103 848 1153 certum
892 1107 978 1155 est
1006 1143 1020 1167 ‚
1074 1117 1313 1157 ornnem
1359 1101 1705 1161 adhibuisse
1763 1103 2017 1185 diligen-

470 1187 612 1247 tiam
650 1209 754 1267 pro
780 1191 1066 1249 pensione
1092 1191 1152 1249 in
1180 1203 1335 1251 stato
1359 1197 1657 1273 conjugali
1683 1199 2011 1257 retinenda.

472 1281 696 1353 Addit,
750 1283 930 1343 fnisse
980 1285 1324 1361 expeditum
1361 1289 1675 1347 indultum
1711 1291 2019 1351 pensionis

470 1383 594 1453 post
622 1387 989 1435 contractum
1016 1379 1469 1437 matrimonium
1491 1429 1503 1449 ,
1555 1383 1655 1441 scd
1691 1394 2015 1463 antequam

466 1471 539 1527 do
566 1471 728 1529 illius
752 1469 1054 1531 validitate
1074 1483 1387 1543 constaret,
1405 1475 1721 1535 eldenium
1747 1479 2022 1555 pluribus

466 1563 738 1645 allegatis
770 1565 1058 1645 exemplis
1103 1565 1162 1625 in
1200 1587 1307 1627 sno
1339 1569 1680 1631 Summas-io
1711 1571 1975 1651 legendis
2003 1621 2017 1643 ‚

464 1659 786 1729 concludit,
810 1661 968 1739 quod
1002 1663 1249 1741 quando
1281 1671 1511 1724 constat
1538 1665 1611 1725 de
1643 1669 2017 1743 praecedenti

464 1754 778 1814 existentia
804 1758 1110 1818 pensionis
1144 1758 1409 1838 legitime
1441 1780 1473 1820 a
1507 1762 1805 1840 principio
1837 1784 2017 1822 reser-

466 1856 636 1908 vatae
662 1868 796 1909 ¹cnm
818 1870 1106 1912 consensu
1132 1852 1421 1912 Titularis
1449 1900 1463 1924 ,
1497 1854 1545 1914 si
1585 1856 2017 1916 pensionarius

474 1941 700 2002 instetit
730 1964 836 2022 pro
874 1946 1208 2006 retentione
1253 1948 1595 2020 pensionis,
1629 1960 1687 2010 et
1719 1970 1825 2028 per
1869 1952 2015 2012 acci-

2131 844 2344 889 censeo
2378 828 2475 893 hic
2505 832 2731 896 referre
2757 842 2877 896 tam
2899 838 3144 904 Decreta
3168 842 3348 926 hujus
3369 848 3501 908 Sac.
3534 847 3684 910 Con-

2132 924 2499 1003 gregationis
2518 944 2701 1006 quam
2724 928 2842 992 alia
2868 931 2999 994 Sac.
3028 934 3518 1018 Congregationis
3537 941 3682 1023 Epi·

2131 1035 2446 1097 scoporum
2470 1066 2488 1094 ,
2515 1031 2574 1085 et
2612 1024 3001 1108 Regularium
3019 1075 3037 1103 ,
3072 1050 3229 1111 quae
3255 1034 3329 1094 ad
3367 1055 3491 1098 rem
3521 1037 3681 1099 face-

2135 1129 2203 1172 re
2234 1131 2403 1192 posse
2432 1115 2737 1182 videntur.

2258 1204 2365 1267 Die
2406 1212 2507 1271 23.
2555 1210 2733 1273 Iunii
2776 1218 2952 1276 1629.
2997 1217 3225 1279 editum
3280 1220 3399 1283 fnit
3442 1223 3522 1283 ab
3570 1222 3683 1286 hac

2131 1299 2266 1363 Sac.
2302 1302 2777 1388 congregatione
2802 1329 3059 1391 sequens
3085 1314 3402 1376 Decretum
3445 1318 3507 1376 in
3549 1317 3681 1379 Nu-

2128 1398 2324 1460 cerina
2369 1398 2739 1480 Paqanoram
2778 1405 2881 1465 lib.
2920 1410 3015 1468 14.
3058 1408 3260 1470 decret.
3314 1410 3416 1487 sol.
3443 1444 3470 1456 -
3496 1416 3590 1471 15.
3645 1431 3685 1473 a

2128 1498 2281 1571 teryo
2301 1539 2320 1564 ,
2352 1494 2436 1555 ibi
2462 1515 2479 1555 ε
2510 1495 2698 1560 Sacra
2718 1508 2821 1559 etc.
2845 1501 3186 1563 inhaerendo
3212 1505 3685 1568 declarationibus

2131 1586 2284 1648 alias
2329 1588 2496 1665 {actis
2520 1634 2535 1659 ,
2565 1592 2778 1652 censuit
2824 1590 3333 1673 confraternitates
3378 1597 3683 1660 Laicornns

2130 1679 2194 1737 in
2228 1678 2500 1744 Ecclesiis
2543 1682 2920 1765 Regularium
2964 1702 3347 1771 exemptarum
3390 1695 3682 1755 institutas

2129 1772 2344 1836 subesse
2372 1776 2768 1852 jurisdictioni
2789 1826 2807 1854 ,
2839 1791 2892 1843 et
2928 1786 3245 1846 visitationi
3265 1788 3535 1869 Episcopi
3555 1833 3573 1861 ,
3603 1790 3683 1849 il·

2131 1867 2324 1946 lasqtoe
2348 1871 2423 1931 ab
2456 1890 2516 1931 eo
2538 1874 2766 1936 visitari
2790 1896 2947 1956 posse
2970 1926 2987 1949 ,
3018 1899 3245 1940 necnon
3265 1883 3497 1942 illm-nin
3526 1882 3677 1964 Cap-

2125 1962 2308 2040 pellas
2337 1965 2402 2022 in
2428 1964 2625 2026 iisdem
2648 1966 2921 2031 Ecclesiis
2943 1971 3318 2051 Reqularinm
3350 1976 3678 2047 existentes,

468 2036 614 2096 dens
638 2038 944 2098 lndnlturn
966 2042 1311 2120 expeditum
1349 2064 1464 2100 non
1495 2042 1637 2114 fuit,
1675 2044 1929 2106 ulterius
1965 2048 2011 2106 si
2124 2056 2190 2116 in
2239 2058 2326 2116 1ιὴ
2381 2071 2606 2135 eam,
2644 2083 2789 2141 qua,
2837 2063 3390 2143 Consratmimmm
3431 2070 3681 2130 admini-

462 2128 618 2188 ldem
646 2132 1038 2208 probabiliter
1062 2134 1317 2194 credidit
1363 2136 1673 2196 Indultum
1705 2138 1885 2198 fuisse
1907 2160 2011 2200 ex-

466 2224 732 2302 peditum
754 2270 770 2296 ,
802 2236 860 2286 et
900 2228 1353 2288 matrimonium
1395 2232 1735 2300 contraxit,
1763 2252 2009 2292 consue-

458 2320 612 2378 visse
642 2322 938 2382 Romanos
977 2322 1293 2384 Pontifices
1313 2326 1635 2386 concedere
1663 2326 1885 2404 gratias
1917 2348 2009 2388 sa-

460 2412 756 2486 natoriaS,
784 2422 840 2474 et
870 2418 1100 2494 perinde
1128 2420 1313 2478 natm
1339 2466 1353 2488 ,
1393 2418 1739 2498 derogando
1771 2440 2013 2480 consen-

456 2506 547 2568 sui
580 2508 980 2568 Titularinrn.

576 2600 684 2662 llis
710 2604 1008 2664 stantibus
1032 2650 1048 2678 ,
1083 2606 1399 2684 quaeritur
1425 2626 1439 2666 τ

573 2696 666 2754 An
698 2702 770 2756 sit
804 2700 950 2756 locus
998 2704 1321 2760 sanatoriae
1345 2746 1361 2772 ,
1411 2722 1503 2760 sen
1531 2706 1751 2782 §retiae
1779 2706 2013 2784 perinde

449 2790 635 2848 calere
653 2792 719 2849 in
746 2809 884 2852 casa
907 2834 928 2865 ,
953 2794 1021 2853 de
1045 2810 1159 2873 quo
1183 2796 1383 2873 agitur
1408 2804 1517 2868 ete.

558 2979 698 3031 Sacr.
737 2980 935 3051 congr.
978 2983 1254 3054 respondit
1270 3003 1284 3037 ε

628 3069 912 3138 Nemesim.

818 3262 1180 3338 QUAEs'no
1235 3263 1642 3332 cmxxxv.

445 3446 519 3509 In
555 3446 748 3513 causa
792 3447 1138 3513 consentino
1177 3450 1533 3516 Visitationis
1557 3499 1576 3528 ‚
1609 3434 1663 3516 et
1716 3455 2006 3519 Censura·

726 3564 895 3615 nm,
922 3546 1015 3608 die
1049 3550 1146 3607 19.
1170 3544 1518 3629 ,Septembris
1550 3554 1723 3611 1722.

448 3676 670 3794 Adest
688 3730 1065 3807 oratorium,
1098 3731 1228 3796 sive
1254 3733 1581 3798 Ecclesiola
1596 3736 1801 3814 juncea
1824 3736 2006 3800 clan-

439 3834 595 3896 stro,
655 3824 743 3887 uti
782 3825 1002 3910 legitur
1052 3827 1117 3890 in
1179 3828 1614 3892 informatione
1659 3829 2004 3908 Ordinariit,

442 3918 538 3980 vel
557 3938 731 4000 prope
759 3919 1095 3985 claustrum
1125 3924 1476 3986 Conventus
1493 3923 1557 3986 S.
1590 3925 1820 3988 Mariae
1847 3927 2003 3988 Lau·

439 4018 686 4073 munao
705 4012 955 4089 Ordinis
983 4015 1307 4079 Minor-um
1329 4017 1394 4079 S.
1424 4016 1722 4093 Francisci
1745 4017 1821 4080 de
1848 4019 2004 4082 Pau-

441 4099 537 4176 la,
585 4103 675 4165 uti
722 4105 983 4169 habetur
1011 4107 1076 4170 in
1110 4111 1523 4185 lustu-umento
1559 4113 1705 4174 anni
1736 4117 1908 4174 1566.
1942 4122 2003 4176 et

442 4193 506 4258 in
553 4195 712 4260 dicto
754 4198 1037 4263 Oratorio
1059 4248 1077 4276 ,
1128 4203 1258 4266 sive
1307 4205 1633 4269 Ecclesiola
1681 4218 1879 4270 erecta
1912 4217 2003 4271 est

437 4291 737 4372 quaedam
756 4292 1231 4361 confraternitas
1249 4298 1726 4375 Sarcinatorum,
1760 4321 1864 4364 seu
1888 4302 2000 4364 Ve-

436 4385 786 4448 stiariornm
845 4388 1121 4463 Civitatis
1165 4392 1568 4458 Conseminae
1586 4441 1605 4470 ‚
1663 4405 1999 4477 exortaque

437 4480 845 4553 controversia
875 4483 1037 4545 inter
1076 4485 1492 4551 promotorem
1536 4489 1826 4552 Fiscalem
1874 4490 1993 4552 Cu·

437 4574 570 4637 riae
593 4576 1133 4659 Archiepiscopalis
1157 4598 1236 4642 ex
1262 4601 1384 4644 una
1412 4627 1430 4657 ,
1474 4595 1537 4646 et
1577 4583 1807 4646 dictum
1836 4583 1994 4647 Con-

439 4677 687 4731 ventum
712 4715 730 4743 ‚
759 4678 821 4733 et
842 4672 1050 4734 Patres
1068 4671 1320 4755 Ordinis
1359 4677 1758 4740 Minimorum
1788 4696 1865 4740 ex
1898 4677 1992 4742 al·

441 4771 564 4825 tera
590 4766 864 4846 partibus
903 4785 1085 4848 super
1105 4769 1247 4850 jure
1278 4768 1566 4833 visitandi
1618 4772 1992 4852 praedictum

435 4856 787 4922 Oratorinm
812 4905 832 4936 ,
873 4859 1002 4924 sive
1035 4860 1423 4925 Ecclesiolam
1455 4909 1474 4938 ‚
1503 4865 1828 4940 deventum
1874 4866 1993 4929 fuit

439 4951 516 5013 ad
543 4951 844 5018 censuras
864 4999 885 5030 ,
914 4956 1061 5018 etin
1088 4957 1392 5037 praesenti
1418 4960 1539 5021 duo
1568 4964 1991 5042 proponuntur

436 5044 625 5108 dubia
657 5046 1020 5130 disputanda
1046 5095 1063 5123 ‚
1097 5069 1363 5131 quorum
1400 5050 1661 5114 alterum
1709 5055 1813 5134 Jus
1841 5054 1988 5116 visi·

438 5139 646 5212 tandi,
703 5142 962 5205 alterum
1022 5143 1393 5206 validitatem
1418 5190 1437 5219 ‚
1484 5155 1543 5208 et
1570 5146 1868 5228 justitiam
1896 5167 1990 5210 re·

436 5232 615 5314 spicit
651 5234 1057 5299 censurarum
1081 5283 1100 5312 ‚
1125 5246 1183 5300 et
1211 5238 1564 5302 informatio
1606 5241 1990 5324 Conventusj,

432 5333 496 5388 et
525 5325 770 5390 Petrum
800 5350 907 5411 per
937 5350 1154 5394 manus
1181 5332 1630 5398 circumfertur.

2120 2153 2454 2213 strationem
2473 2157 2782 2235 respiciunt
2804 2201 2823 2231 ,
2850 2161 2954 2220 etsi
2982 2158 3559 2239 confrater-nitatibus
3586 2166 3679 2224 in-

2119 2244 2344 2305 cumbat
2372 2267 2515 2307 onus
2560 2253 2958 2312 manutenendi
2992 2252 3197 2315 Altare
3218 2301 3235 2326 ,
3268 2266 3319 2314 et
3354 2257 3519 2316 illins
3554 2260 3680 2318 cul·

2123 2347 2245 2398 tum
2269 2384 2287 2412 ,
2312 2340 2658 2424 Episcopum
2682 2364 2834 2426 posse
2854 2348 3088 2409 visitare
3111 2350 3265 2409 circa
3283 2368 3350 2411 ea
3372 2394 3390 2422 ,
3420 2370 3563 2430 qaas
3588 2371 3677 2413 re·

2123 2434 2376 2512 spiciunt
2392 2438 2576 2517 ipsam
2599 2442 3073 2502 manutentionem
3095 2487 3113 2517 ,
3145 2443 3361 2503 cultam
3387 2491 3404 2514 ,
3427 2455 3481 2506 et
3504 2464 3680 2508 orna-

2124 2539 2315 2590 menta
2341 2530 2605 2607 Altaris,
2629 2552 2726 2595 seu
2753 2533 3060 2616 cappellae
3082 2584 3100 2608 ‚
3125 2556 3296 2607 onera
3318 2536 3635 2599 Missurum
3655 2584 3674 2613 ‚

2122 2632 2293 2701 atque
2333 2624 2677 2689 Dicinonms
2710 2627 3039 2713 Officiornns
3082 2632 3287 2691 ibidem
3330 2634 3679 2695 celebrando-

2125 2734 2256 2782 rum
2284 2766 2302 2789 ,
2332 2730 2386 2781 et
2430 2723 2583 2784 circa
2612 2743 2678 2785 ea
2720 2725 2912 2786 omnia
2940 2772 2958 2796 ‚
2991 2745 3135 2805 quae
3173 2726 3250 2788 ad
3283 2726 3682 2807 obliqationesn

2119 2814 2419 2875 eorundem
2443 2814 2817 2895 confratrum
2842 2819 3169 2880 relationem
3189 2820 3392 2882 babent
3416 2843 3438 2889 .·
3465 2830 3524 2882 et
3542 2841 3679 2885 eon-

2124 2903 2349 2969 similia
2377 2917 2517 2971 sunt
2564 2908 2683 2973 alia
2732 2911 2915 2994 hujus
2948 2913 3213 2995 ejusdem
3246 2906 3676 2998 Sac.'Ccngre-

2121 3001 2382 3083 gationis
2422 3004 2670 3068 Decreta
2697 3052 2716 3078 ,
2745 3015 2806 3068 et
2843 3010 3153 3088 signanter
3197 3011 3262 3069 in
3296 3007 3521 3071 Comen.
3575 3016 3672 3072 15.

2119 3095 2422 3160 Februarii
2446 3102 2620 3161 1642.
2667 3102 2767 3161 lib.
2805 3104 2899 3162 tt.
2934 3122 3072 3183 paq.
3116 3107 3211 3165 13.
3245 3151 3265 3174 ,
3298 3104 3373 3163 in·
3393 3102 3679 3167 Perusina

2120 3195 2180 3252 2.
2233 3191 2457 3274 Aprilis
2519 3197 2692 3255 1750.
2733 3197 2814 3254 ’ὄπ
2854 3193 3165 3256 Pistorien.
3228 3201 3290 3257 7.
3332 3195 3675 3276 Septembris

2127 3291 2306 3348 1652.
2344 3289 2445 3348 lib.
2484 3292 2581 3348 19.
2610 3307 2746 3368 paq.
2782 3292 2923 3349 205.
2955 3335 2973 3360 ,
3010 3300 3062 3350 et
3105 3291 3169 3350 in
3196 3291 3385 3364 eadem
3412 3296 3472 3352 6.
3517 3290 3679 3352 Iulii

2123 3381 2301 3443 1658.
2336 3382 2451 3442 lib.
2490 3385 2592 3442 21.
2618 3401 2752 3462 paq.
2786 3386 2923 3444 308.
2945 3426 2964 3455 ,
2995 3385 3137 3443 etin
3172 3383 3483 3446 Urbanien.
3525 3383 3676 3447 Visi-

2121 3476 2353 3537 tationis
2386 3474 2695 3558 cappellae
2714 3480 2814 3537 23.
2841 3475 3183 3557 Septembris
3228 3484 3404 3542 1690.
3439 3480 3539 3542 lib.
3569 3484 3670 3544 40.

2123 3567 2347 3630 Deci-et.
2371 3589 2506 3650 paq.
2536 3574 2674 3632 658.
2702 3617 2720 3640 ,
2747 3588 3008 3650 cumque
3035 3569 3098 3632 in
3126 3571 3430 3646 Ecclesiis‚
3452 3572 3673 3637 Orato-

2119 3661 2230 3723 riis
2251 3706 2270 3736 ,
2300 3670 2360 3724 ct
2387 3661 2677 3724 claustris
2721 3662 3113 3744 Regularium
3140 3664 3416 3728 Civitatis
3441 3664 3676 3729 Medio-

2118 3755 2383 3818 lanensis
2424 3764 2661 3819 erectae
2705 3756 3122 3840 reperirentur
3151 3759 3485 3822 nonnullae
3515 3760 3673 3823 Con·

2118 3848 2527 3913 fraternitates
2557 3851 2825 3914 Laicales
2847 3895 2866 3924 ‚
2901 3870 3063 3932 quae
3098 3851 3186 3914 ibi
3235 3851 3538 3916 habebant
3566 3872 3673 3935 pe-

2115 3944 2406 4007 culiarem
2457 3944 2804 4027 cappellam
2831 3990 2850 4020 ,
2879 3953 2939 4007 et
2982 3944 3222 4020 locum,
3252 3945 3317 4007 in
3360 3965 3484 4028 qno
3527 3967 3672 4010 con·

2114 4039 2355 4123 gregari
2390 4039 2663 4102 solebant
2690 4084 2708 4112 ,
2738 4048 2799 4102 et
2842 4039 3255 4101 contentiones
3280 4049 3476 4103 essent
3500 4061 3673 4104 exor-

2117 4141 2214 4194 tae
2263 4131 2421 4194 inter
2450 4129 2982 4215 Archiepisccpum
3011 4179 3030 4207 ,
3065 4140 3127 4195 et
3178 4131 3506 4214 Regulares
3527 4178 3546 4207 ‚
3574 4134 3671 4197 di·

2111 4231 2419 4305 sputatum
2445 4225 2566 4293 fuit
2610 4244 2869 4309 sequens
2904 4226 3162 4289 dubium
3189 4271 3208 4300 ‚
3237 4245 3317 4288 an
3361 4226 3670 4308 Requlares

2111 4328 2409 4381 teneantur
2430 4330 2722 4401 proestare
2744 4323 3117 4403 patientiam,
3147 4330 3214 4382 nt
3259 4320 3665 4383 Eminentissi·

2109 4433 2234 4475 snus
2273 4414 2738 4497 Archiepiscopus
2780 4415 3069 4478 dictarunt
3112 4414 3666 4494 confraternitatum

2107 4505 2453 4588 Coppellas,
2503 4528 2600 4569 seu
2642 4509 2765 4570 loca
2808 4510 3042 4571 visitare
3084 4511 3258 4590 possit
3283 4530 3307 4581 ‚·
3346 4518 3400 4569 et
3432 4510 3498 4568 in
3526 4510 3667 4589 ipsis

2109 4597 2430 4681 cappellis,
2462 4611 2514 4663 et
2546 4603 2693 4662 -locis
2719 4601 2966 4662 recidere
2985 4610 3247 4681 computa
3287 4600 3663 4663 administra-

2103 4696 2275 4759 t‘onis
2317 4695 2587 4756 bonoram
2629 4695 2934 4756 earundem
2963 4695 3531 4774 ‘confraternitatum
3548 4741 3570 4767 ‚
3600 4701 3662 4756 et

2104 4807 2456 4870 responsum
2489 4789 2601 4849 fuit
2631 4789 2985 4870 affirmative.

2221 4882 2403 4946 Sacra
2436 4892 2641 4945 autem
2674 4883 3072 4965 Congregatio
3098 4881 3564 4964 Episcoporum,
3600 4889 3665 4944 et-

2104 4976 2499 5058 Regularium
2528 4979 2619 5039 die
2649 4982 2750 5039 20.
2780 4977 2939 5039 Iulii
2969 4981 3144 5040 1663.
3177 4977 3487 5038 occasione
3525 4995 3662 5039 con·

2101 5072 2431 5135 troversiae
2475 5073 2635 5135 inter
2679 5071 3044 5153 Episcopum
3096 5070 3510 5132 Ventimilien.
3537 5117 3555 5141 ,
3602 5078 3663 5135 ct

2062 5212 2067 5217 -
2103 5165 2346 5228 Fratres
2378 5166 2783 5230 observantes
2817 5166 3195 5229 Reformatos
3228 5183 3410 5245 super
3441 5171 3663 5245 puncto

2105 5258 2465 5321 visitationis
2484 5260 2804 5342 Cappellae
2819 5307 2835 5333 ,
2856 5278 2961 5321 seu
2982 5252 3247 5321 Oratorii
3272 5257 3659 5319 confratrum

2102 5353 2201 5414 siti
2227 5354 2290 5414 in
2313 5353 2683 5416 Ccemeterio
2708 5353 2881 5416 unito
2901 5351 3203 5415 Ecclesiae
3222 5350 3518 5413 dictorum
3541 5352 3665 5413 lte-¹

556 5432 715 5510 Quia
747 5455 889 5499 vero
927 5438 1129 5522 agitur
1175 5438 1252 5504 de
1300 5440 1447 5505 lure
1475 5440 1785 5507 Ordinarii
1813 5463 1995 5527 super
2107 5444 2494 5529 ligiosorum,
2522 5447 2605 5510 ita
2635 5447 2973 5531 respondite
3003 5449 3185 5529 questi
3204 5443 3659 5506 Eminentiuimi
