4393 6299
1633 496 1680 567 Q
1706 499 1748 551 U
1773 499 1830 551 Β
1859 499 1892 550 S
1920 498 1967 552 T
1998 498 2019 551 Ι
2045 499 2092 551 O
2147 499 2505 557 cccxwm

3333 500 3440 557 458

438 654 650 735 scopuli
678 651 766 715 dic
794 657 888 715 30.
929 652 1173 733 Auqusti
1218 655 1392 712 1721.
1433 650 1499 711 dc
1527 650 1721 711 ordine
1762 648 1979 711 Vicarii
2086 670 2224 712 nem
2262 674 2381 717 non
2410 673 2535 717 esse
2560 653 2830 730 videret;
2873 655 3143 719 Marchio
3169 656 3387 718 etenim
3430 654 3623 719 mani-

447 745 803 826 Capitularis
820 792 838 820 ,
870 748 934 806 in
960 765 1071 825 quo
1088 747 1447 826 supponitur,
1474 742 1760 804 Decanum
1786 745 1976 823 petiis·

440 860 496 901 ss
523 844 594 902 ab
629 861 688 902 co
716 843 1000 903 licentiam
1025 841 1363 902 convocandi
1390 837 1725 919 Capitulum
1749 881 1767 911 ,
1797 839 1977 898 subsi-

440 945 554 995 stat
580 980 597 1007 ,
633 937 719 996 vel
745 938 932 1017 potius
970 937 1046 995 sit
1087 933 1477 996 annullandus
1501 980 1518 1005 ,
1547 941 1600 994 ct
1626 932 1887 992 delendus
1913 933 1978 992 in

438 1047 572 1089 casu
595 1039 696 1088 etc.

567 1120 696 1183 Vll.
725 1122 817 1182 An
848 1123 1195 1183 sustineatur
1220 1121 1484 1180 inhibitio
1512 1120 1840 1180 transmissa
1868 1115 1979 1177 Dc·

436 1237 600 1291 cano,
633 1228 683 1277 et
711 1213 1013 1277 Canonicis
1042 1215 1132 1275 dic
1157 1219 1250 1275 13.
1286 1214 1506 1294 Aprilis
1528 1216 1701 1274 1722.
1733 1212 1798 1272 dc
1815 1231 1977 1271 man-

438 1312 570 1375 dato
605 1310 823 1371 Vicorii
864 1308 1220 1390 capitularis
1246 1310 1347 1368 sub
1380 1327 1558 1388 poena
1595 1307 1979 1368 excommuni-

438 1407 675 1466 cationis
699 1404 929 1483 majoris
947 1405 1065 1484 ipso
1087 1402 1233 1482 sacto
1249 1400 1618 1464 incurrendae
1639 1402 1704 1460 in
1720 1419 1855 1461 casu
1873 1410 1974 1461 etc.

567 1498 725 1559 VIII.
773 1498 870 1559 An
914 1506 1074 1559 actus
1123 1498 1456 1575 reqistratus
1504 1502 1570 1561 in
1614 1493 1982 1556 Cancellaria

441 1592 772 1674 Episcopali
799 1593 886 1652 dio
928 1597 992 1652 7.
1042 1588 1294 1652 Octobris
1332 1594 1505 1651 1722.
1540 1590 1606 1649 ds
1649 1588 1845 1649 ordino
1874 1588 1981 1651 Ro-

439 1687 822 1746 verenclissimi
848 1685 1117 1766 Episcopi
1139 1729 1158 1759 ‚
1186 1686 1250 1744 in
1278 1702 1388 1761 quo
1407 1683 1745 1763 supponitur
1766 1725 1784 1753 ,
1810 1680 1983 1743 Deca-

441 1800 579 1840 num
619 1781 837 1861 petiisse
862 1798 901 1840 a
933 1779 1158 1840 Vicario
1202 1776 1535 1858 Capitulari
1566 1776 1849 1837 licentiam
1880 1777 1982 1836 sub

441 1874 756 1935 conditione
781 1921 798 1946 ,
827 1874 1133 1945 subsistat,
1160 1873 1248 1935 ool
1268 1872 1456 1953 potius
1488 1872 1563 1932 sit
1589 1868 1982 1932 annullandus

443 1970 511 2028 in
535 1986 670 2030 casu
695 1976 798 2029 stc.

553 2159 706 2212 soen
729 2157 925 2227 Congr.
952 2154 1258 2225 respondit:

430 2310 437 2315 ι
617 2244 716 2299 Aa
740 2244 987 2298 Primum
1015 2244 1275 2314 negative.
1304 2243 1402 2297 Ad
1418 2243 1711 2298 secundum
1739 2238 1987 2310 affirma·

441 2334 550 2388 tive
573 2332 760 2402 quoad
777 2333 1014 2404 primam
1033 2345 1264 2402 partem,
1292 2343 1345 2384 et
1369 2332 1555 2400 quoad
1575 2330 1868 2385 secundam
1897 2329 1981 2380 ha·

437 2419 654 2473 habitur
668 2420 813 2474 ratio
834 2419 889 2472 in
916 2419 1139 2473 Casibus
1161 2417 1605 2488 particularibus,
1632 2417 1770 2470 visis
1799 2414 1994 2469 litteris

446 2506 946 2576 Coadjutoriarum.
985 2506 1081 2559 Ad
1097 2507 1314 2558 tertium
1344 2506 1603 2573 negative.
1628 2504 1725 2558 Ad
1740 2516 1991 2573 quartum

440 2593 793 2664 affirmative.
831 2594 928 2647 Ad
949 2595 1195 2663 quintum
1234 2593 1497 2662 negative.
1526 2592 1623 2647 Aa
1652 2603 1867 2646 sextum
1890 2629 1904 2655 ,
1942 2603 1995 2644 ee

429 2690 689 2735 'octavum
724 2682 800 2733 ad
833 2692 1060 2734 mentem
1085 2720 1107 2748 ,
1144 2691 1198 2735 et
1237 2697 1385 2734 mens
1411 2678 1664 2751 estquod
1704 2678 1991 2732 deleantur.

442 2771 538 2824 Ad
557 2770 847 2841 septimum
873 2768 1133 2838 negative.

834 2960 1191 3036 QUAESTIO
1236 2958 1596 3024 ccchtx.

524 3165 598 3226 In
630 3162 825 3227 Causa
860 3165 1214 3227 Tirasonensi
1240 3163 1652 3236 Matrimonii,
1692 3165 1782 3225 dis
1813 3168 1908 3225 18.

940 3254 1280 3337 Septembris
1318 3261 1491 3318 1723.

451 3416 687 3537 Maria
720 3473 956 3536 Teresia
984 3471 1413 3536 Marcbionissa
1435 3472 1510 3536 de
1530 3470 1758 3545 Falces,
1788 3490 1993 3535 amore

447 3575 619 3648 capta
637 3587 778 3650 erga
790 3566 1198 3630 Marcbionem
1222 3566 1296 3628 de
1307 3566 1657 3640 Camerana,
1676 3566 1988 3630 Matrimo-

448 3662 620 3724 nium
650 3682 753 3742 per
778 3663 965 3728 verba
999 3662 1072 3725 de
1109 3662 1405 3741 praesenti
1437 3681 1575 3724 cum
1605 3662 1813 3722 eodem
1847 3679 1990 3723 con-

449 3757 807 3835 traxit2anno
840 3761 1013 3818 1713.
1040 3755 1338 3838 assignato
1362 3755 1579 3818 marito
1601 3754 1990 3837 pinguissima

451 3849 591 3912 dote
615 3898 634 3922 ,
666 3853 837 3932 cujus
864 3849 1095 3912 fructus
1120 3850 1437 3913 ascendere
1465 3849 1747 3912 dicuntur
1776 3851 1852 3910 ad
1882 3869 1989 3911 an·

451 3962 592 4006 nuos
612 3944 839 4004 ducatos
874 3947 1125 4005 100000.

569 4038 864 4116 Tempore
882 4036 1166 4099 contracti
1196 4035 1568 4100 Matrimonii
1597 4034 1990 4099 Marcbionis-

458 4147 527 4192 sa
554 4137 685 4192 erat
714 4130 777 4191 in
817 4129 1030 4192 florida
1076 4137 1267 4193 aetate
1299 4150 1579 4193 annorvm
1630 4134 1725 4190 19.
1759 4137 1821 4192 et
1857 4129 1995 4192 licet

455 4223 694 4297 osculis,
724 4230 783 4285 et
807 4224 1187 4305 amplexibus
1209 4272 1226 4297 ,
1256 4233 1315 4286 et
1341 4232 1642 4305 assumpta
1670 4224 1850 4286 etiam
1878 4222 1989 4286 ali·

454 4317 698 4398 quando
728 4323 889 4379 veste
922 4316 1188 4400 plebeja)
1217 4318 1488 4381 Marcbio
1518 4318 1738 4381 etenim
1770 4337 1992 4380 assere-

455 4410 562 4473 bat
600 4429 662 4471 se
704 4409 964 4492 plebejas
1002 4410 1254 4492 diligere
1278 4456 1296 4485 ‚
1344 4418 1405 4472 et
1445 4409 1679 4472 nobiles
1715 4410 1994 4472 mulieres

456 4503 596 4566 odio
620 4502 885 4584 babere)
929 4503 1121 4584 ipsum
1151 4505 1226 4567 ad
1254 4503 1529 4585 copulam
1555 4549 1572 4576 ,
1604 4511 1663 4565 et
1692 4503 1995 4565 Matrimo-

453 4597 545 4660 nii
575 4598 1149 4659 consummationem
1182 4597 1513 4670 excitasset,
1541 4598 1993 4660 Matrimonium

457 4699 661 4755 tamen
686 4710 761 4754 ex
790 4690 906 4753 viri
932 4691 1283 4771 impotentia
1314 4691 1717 4753 consummari
1740 4709 1860 4752 non
1889 4709 1995 4771 po-

458 4786 597 4850 tuit.

576 4879 721 4940 Tres
745 4922 763 4951 ,
795 4885 856 4940 et
893 4877 1052 4940 ultra
1087 4876 1230 4938 anni
1259 4895 1295 4940 a
1324 4877 1421 4940 die
1464 4877 1750 4940 contracti
1784 4877 1995 4940 Matri·

456 4971 645 5033 monii
668 4971 852 5052 elapsi
874 4980 1035 5043 sunt,
1058 4971 1286 5051 absque
1308 4990 1380 5032 eo
1398 4972 1559 5052 quod
1586 4971 1845 5052 potuerit
1866 4972 1994 5036 Ma-

459 5065 810 5128 trimonium
857 5065 1260 5127 consummari
1290 5111 1309 5140 ,
1356 5076 1417 5126 et
1462 5066 1689 5145 absque
1732 5085 1802 5127 eo
1835 5064 1997 5146 quod

461 5166 833 5239 opportunae
861 5157 1205 5240 diligentiae
1248 5158 1472 5220 suerint
1499 5179 1535 5221 a
1569 5158 1996 5221 Marcbionissa

462 5250 750 5325 omissam
779 5270 1037 5331 cumque
1076 5250 1281 5312 eadem
1312 5250 1571 5331 amplius
1598 5251 1754 5313 banc
1796 5251 1996 5313 infeli-

463 5362 589 5405 cem
616 5344 802 5405 vitam
830 5344 1046 5407 ducere
1079 5364 1197 5405 non
1233 5343 1491 5419 valeret,
1527 5355 1586 5408 et
1605 5347 1999 5409 conscientiae

463 5436 759 5518 scrupulis
800 5447 1118 5502 venaretur
1143 5483 1163 5515 ,
1203 5447 1264 5502 et
1286 5457 1350 5502 se
1374 5458 1412 5502 a
1438 5439 1737 5504 violentiis
1778 5440 1996 5503 immu-

2089 750 2201 811 bus
2223 795 2241 823 ,
2271 760 2330 812 et
2356 749 2559 832 digitis
2586 745 2912 828 aliquando
2938 758 3268 813 tentaverat
3301 751 3430 831 ejus
3458 749 3625 812 clau·

2084 853 2207 906 stra
2225 844 2544 925 virginalia
2564 844 2957 925 disrumpere,
2975 845 3423 907 consulentibus
3439 844 3627 906 Theo-

2086 937 2271 1020 logis‚
2315 947 2375 1000 et
2424 938 2728 1000 Directore
2768 938 3112 1018 spirituali,
3160 959 3225 1001 se
3265 958 3416 1002 anno
3449 943 3622 1001 1718.

2086 1033 2305 1113 recepit
2347 1033 2409 1094 in
2455 1034 2885 1096 Monasterium
2925 1034 3280 1096 Monialium
3308 1033 3628 1096 Excalooas-

2087 1136 2284 1190 tarum
2316 1127 2561 1188 Ordinis
2589 1128 2648 1189 S.
2676 1128 3017 1209 Augustini,
3037 1137 3097 1190 et
3117 1129 3410 1210 judicium
3436 1129 3629 1190 intro-

2088 1221 2262 1282 duxit
2284 1239 2464 1300 super
2490 1220 2769 1283 nullitate
2788 1221 3159 1283 Matrimonii
3189 1221 3252 1283 in
3281 1222 3462 1285 Curia
3483 1222 3627 1302 Epi·

2086 1314 2308 1396 scopeli
2338 1315 2739 1377 Tirasonensi.

2209 1408 2555 1471 introducta
2585 1426 2763 1471 causa
2798 1408 2860 1470 in
2885 1410 3187 1490 praedicta
3215 1409 3394 1472 Curia
3423 1410 3627 1472 Eccle-

2089 1500 2323 1564 siastica
2348 1509 2478 1581 post
2500 1501 2776 1564 emissam
2799 1502 2880 1563 ab
2900 1511 3161 1583 utroque
3180 1501 3443 1584 Conjuge
3456 1505 3630 1584 jura-

2091 1602 2212 1656 tam
2241 1593 2670 1675 depositionem
2711 1593 2786 1656 de
2812 1594 3199 1658 Matrimonio
3223 1595 3465 1658 triennii
3495 1616 3632 1677 spa-

2091 1688 2175 1749 tio
2214 1707 2334 1749 non
2363 1697 2776 1749 consummato
2797 1732 2815 1761 ‚
2847 1686 3079 1767 prolata
3104 1696 3190 1750 est
3214 1708 3366 1750 anno
3396 1693 3569 1751 1717.
3593 1707 3631 1752 a

2088 1781 2298 1843 Judiee
2324 1781 2615 1844 sententia
2643 1827 2661 1856 ‚
2706 1781 2769 1842 in
2817 1801 2938 1863 qua
2968 1783 3315 1844 mandatum
3360 1783 3473 1845 fuit
3500 1829 3517 1857 ‚
3564 1791 3632 1847 ut

2090 1874 2522 1938 Marcbionissa
2552 1874 2852 1937 accederet
2890 1877 2966 1937 ad
3000 1876 3466 1939 cohabitandum
3495 1897 3634 1940 cum

2090 1970 2225 2031 viro
2252 2015 2269 2042 ,
2310 1976 2370 2032 et
2415 1970 2577 2051 quod
2614 1969 2927 2032 triennalis
2968 1970 3337 2051 experientia
3368 1990 3402 2033 a
3439 1970 3637 2034 Sacris

2091 2062 2438 2126 Canonibus
2463 2063 2821 2125 demandata
2837 2065 2902 2123 in
2927 2083 3052 2143 cap.
3081 2064 3420 2125 laudabilem
3443 2065 3508 2125 dc
3524 2064 3636 2140 sri-

2090 2160 2238 2238 qidis
2260 2204 2278 2232 ,
2312 2169 2363 2220 et
2400 2158 2755 2239 maleficiotis
2780 2205 2797 2230 ,
2834 2176 2955 2219 non
2983 2176 3018 2220 a
3046 2156 3143 2219 die
3171 2157 3457 2219 contracti
3505 2158 3636 2221 Ma-

2096 2251 2364 2313 trimonii
2394 2297 2411 2325 ‚
2441 2250 2541 2312 sed
2570 2270 2605 2313 a
2633 2250 2731 2313 die
2757 2250 3124 2313 executionis
3162 2251 3490 2314 sententiae
3517 2251 3635 2334 ini-

2096 2343 2247 2406 tium
2276 2344 2527 2405 haberet
2551 2388 2568 2416 ‚
2608 2344 2780 2426 juxta
2809 2342 2930 2406 late
2968 2342 3208 2407 firmata
3240 2363 3344 2424 per
3389 2343 3633 2423 Sper-cll.

2092 2439 2259 2500 decis.
2298 2442 2430 2499 141.
2458 2458 2618 2499 num.
2657 2444 2754 2499 59.
2787 2448 2839 2499 et
2877 2443 2976 2499 60.
3003 2445 3062 2500 et
3095 2438 3171 2500 ad
3200 2437 3639 2518 praecavendas

2097 2532 2473 2594 Marcbionis
2501 2531 2818 2594 violentias
2841 2577 2860 2606 ,
2891 2529 3085 2594 voluit
3111 2529 3269 2594 idem
3303 2531 3497 2592 Judex
3520 2576 3539 2603 ,
3569 2537 3637 2593 ut

2099 2625 2535 2689 Marcbionissa
2578 2645 2779 2687 secum
2816 2625 3060 2688 duceret
3085 2644 3292 2688 omnes
3335 2623 3593 2688 famulas
3618 2670 3636 2699 ,

2098 2740 2250 2802 quas
2291 2720 2556 2783 babebat
2581 2721 2642 2781 in
2673 2719 3036 2782 Monasterio
3063 2766 3080 2793 ,
3105 2727 3165 2782 et
3189 2718 3355 2800 quod
3381 2720 3539 2782 duae
3564 2738 3642 2781 ex

2102 2813 2315 2876 iisdem
2343 2813 2407 2875 in
2437 2813 2717 2876 cubiculo
2743 2812 3160 2895 propinquiori
3191 2812 3525 2874 dormirent
3548 2811 3638 2875 al-

2099 2908 2212 2970 teri
2240 2953 2258 2982 ‚
2289 2908 2353 2969 in
2381 2927 2504 2989 quo
2533 2907 2827 2988 conjuges
2852 2906 3251 2969 dormiebant.

2217 3002 2476 3065 Accessit
2514 3002 2944 3064 Marcbionissa
2979 3001 3055 3063 ad
3087 3021 3302 3062 novam
3331 2998 3641 3062 cohabita·

2106 3096 2325 3160 tionem
2351 3142 2369 3172 ,
2403 3115 2706 3176 novasque
2746 3095 3024 3158 adhibuit
3072 3095 3432 3178 diligentias,
3465 3102 3532 3156 ut
3558 3093 3640 3156 vi·

2100 3211 2239 3253 rum
2272 3191 2348 3253 ad
2396 3189 2766 3266 Matrimonii
2811 3189 3384 3252 consummationem
3418 3189 3641 3250 excita·

2098 3293 2194 3346 ret
2220 3306 2238 3359 3
2266 3284 2366 3345 sed
2400 3302 2535 3346 cum
2569 3281 2716 3345 haec
2740 3282 2932 3362 spatio
2952 3282 3171 3354 trium,
3197 3292 3255 3344 et
3283 3281 3442 3342 ultra
3472 3300 3640 3342 men-

2096 3378 2255 3439 sium
2282 3376 2345 3438 in
2375 3396 2605 3440 cassum
2636 3376 3012 3449 cecidissent,
3049 3386 3108 3438 et
3131 3375 3400 3440 Marchio
3421 3375 3641 3437 iterum

2099 3472 2381 3534 manibus
2407 3517 2423 3545 ,
2456 3482 2512 3533 et
2559 3470 2763 3554 digitis
2801 3471 3118 3533 tentaverit
3147 3470 3208 3532 id
3233 3515 3250 3543 ‚
3286 3468 3447 3550 quod
3493 3468 3644 3531 alias

2100 3573 2455 3640 tentaverat,
2481 3566 2513 3626 J
2520 3566 2675 3627 udex
2704 3584 2858 3627 anno
2886 3569 3059 3626 1717.
3087 3566 3176 3625 die
3205 3571 3301 3626 30.
3325 3565 3644 3626 Novembris

2096 3661 2403 3731 decrevit,
2434 3667 2502 3721 ut
2530 3659 2823 3741 Conjuges
2850 3667 3271 3739 separarentur
3295 3707 3312 3729 ,
3345 3676 3644 3737 causaque

2100 3753 2398 3817 nullitatis
2418 3753 2788 3816 Matrimonii
2819 3751 3165 3815 nullatenus
3190 3751 3494 3825 derelicta,
3519 3750 3643 3813 ele·

2098 3857 2228 3912 ctae
2246 3857 2387 3910 sunt
2408 3856 2631 3929 septem
2654 3846 3036 3920 obstetrices,
3064 3848 3507 3926 deventumque
3528 3844 3645 3908 fuit

2095 3943 2173 4006 ad
2201 3961 2451 4005 examen
2480 3941 2767 4022 septimae
2796 3961 3011 4004 manus
3039 3941 3519 4022 Propinquorum
3537 3985 3554 4012 ,
3584 3947 3644 4002 et

2097 4037 2528 4124 Marcbionissa
2563 4038 2807 4111 intacta,
2835 4046 2897 4099 et
2919 4036 3109 4118 Virgo
3140 4043 3372 4116 reperta
3399 4044 3516 4109 est,
3546 4054 3642 4096 su·

2101 4131 2521 4213 perventisque
2574 4131 2689 4192 boc
2744 4130 2985 4191 interim
3039 4128 3376 4209 apostolicis
3428 4128 3642 4190 litteris

2097 4242 2228 4288 san.
2263 4244 2441 4285 mem.
2477 4223 2799 4287 Clementis
2827 4226 3020 4305 Papae
3051 4224 3161 4284 XI.
3194 4221 3419 4302 quibus
3443 4221 3638 4283 Judici

2097 4319 2583 4382 committebatur
2605 4364 2622 4393 ‚
2653 4326 2720 4380 ut
2749 4327 3045 4399 quatenus
3081 4315 3533 4378 Matrimonium
3561 4317 3640 4377 ob

2100 4412 2219 4474 viri
2248 4412 2660 4493 impotentiam
2688 4413 2847 4475 intra
2882 4411 3208 4474 triennium
3236 4411 3638 4472 consummari

2100 4525 2222 4567 non
2267 4506 2596 4587 potuisset,
2635 4507 2979 4586 procederet
3022 4504 3099 4566 ad
3147 4503 3434 4566 ulteriora
3467 4515 3645 4585 prout

2100 4600 2176 4661 de
2208 4602 2346 4680 jure
2370 4644 2387 4673 ,
2430 4601 2659 4681 absque
2699 4599 2821 4662 alio
2865 4597 3147 4661 triennali
3183 4597 3593 4678 experimento
3620 4644 3637 4670 ,

2100 4693 2189 4754 dic
2218 4694 2438 4754 tandem
2481 4698 2537 4755 3.
2589 4692 2746 4753 Iulii
2775 4696 2948 4753 1720.
2984 4689 3218 4771 prolata
3257 4697 3347 4751 est
3371 4709 3405 4752 a
3436 4689 3645 4752 Judice

2101 4786 2396 4849 sententia
2427 4806 2535 4867 pro
2567 4785 2843 4848 nullitate
2865 4783 3236 4848 Matrimonii
3270 4792 3513 4865 propter
3535 4783 3645 4845 im·

2103 4881 2429 4961 potentiam
2461 4880 2796 4943 naturalem
2831 4877 3218 4942 Marcbionis-

2221 4974 2637 5056 Appellatione
2680 4993 2717 5036 a
2767 4973 3116 5036 Marcbione
3162 4971 3513 5052 interposita
3562 4973 3640 5035 ad

2102 5067 2395 5130 Tribunal
2440 5068 2883 5150 Archiepiscopi
2931 5065 3202 5128 Toletani
3227 5110 3245 5140 ,
3294 5085 3429 5128 cum
3475 5067 3640 5129 Mar-

2102 5161 2399 5224 cbionissa
2426 5162 2657 5225 videret
2681 5181 2745 5224 se
2786 5162 2861 5224 ad
2891 5180 3031 5223 eum
3057 5160 3247 5241 redigi
3278 5169 3498 5222 statum
3526 5208 3544 5233 ,
3576 5170 3643 5224 ut

2100 5274 2208 5318 sua
2240 5255 2408 5336 prius
2431 5256 2555 5318 vita
2578 5305 2595 5328 ,
2627 5275 2810 5338 quam
2840 5254 2916 5319 lis
2936 5262 3088 5317 esset
3111 5252 3474 5318 absolvenda
3491 5300 3509 5328 ,
3546 5274 3641 5317 re·

2102 5368 2343 5412 cursum
2372 5350 2587 5413 habuit
2603 5351 2679 5413 ad
2706 5349 3157 5413 sanctissimum
3182 5348 3507 5410 Dominum
3531 5349 3645 5410 No·

2101 5450 2293 5508 strum
2320 5491 2338 5520 ,
2386 5444 2580 5509 eidem
2622 5444 3013 5528 supplicando
3058 5461 3168 5525 pro
3204 5442 3642 5526 dispensatione
