4393 6299
1976 462 2454 548 Quasi-tom
2488 477 2847 536 σηοω

804 630 1022 695 docent
1082 629 1357 694 Gratiae.
1405 630 1634 712 discspt.
1688 634 1825 695 640.
1877 649 2036 695 nem.
2080 635 2143 695 4.
2198 643 2251 696 ct
2298 639 2357 697 5.
2468 633 2634 715 quod
2656 633 2907 696 Prata-t
2941 631 3400 698 denominatum
3446 640 3576 708 est,
3609 627 3696 698 uti
3729 640 4027 706 testantur

804 724 1363 788 Sanciteziadceal.
1393 727 1492 786 lib.
1536 732 1596 787 5.
1627 747 1756 806 cap.
1812 732 1870 789 3.
1915 747 2075 788 aem.
2123 733 2183 789 5.
2223 737 2356 791 toan.

793 823 856 881 2.
902 819 1147 882 Tondet.
1182 821 1368 883 Rcsol.
1416 818 1611 899 Bonos.
1666 824 1766 883 tib.
1803 827 1858 884 1.
1889 843 2015 903 cap.
2062 826 2161 884 24.
2194 843 2353 885 num.

806 917 903 976 11.
942 914 1272 996 Cumque
1252 934 1317 977 in
1354 914 1734 977 Monasteriis
1782 915 2142 978 Monialium
2169 917 2359 980 Tertii

801 1007 1051 1071 Ordinis
1073 1055 1091 1084 ,
1145 1017 1206 1072 et
1258 1009 1565 1091 signanter
1613 1010 1676 1072 in
1721 1010 1831 1073 illo
1888 1010 2235 1086 Camerini,
2285 1013 2360 1076 de

798 1120 926 1183 quo
978 1122 1142 1165 nunc
1200 1105 1400 1185 agitur
1425 1152 1442 1177 ,
1503 1104 1780 1169 Novitiae
1823 1105 2098 1169 deferant
2151 1106 2356 1169 velum

799 1196 1010 1259 album
1035 1241 1054 1270 ,
1091 1205 1149 1258 et
1177 1198 1484 1261 Professae
1506 1199 1709 1274 velum
1744 1200 1990 1281 nigrum
2012 1247 2031 1276 ‚
2063 1209 2131 1263 ut
2157 1220 2234 1264 ex
2265 1211 2359 1265 at-

799 1290 1217 1351 testationibus
1246 1292 1609 1355 transmissis
1639 1292 1997 1368 desumitur,
2020 1293 2205 1356 infert
2231 1295 2354 1357 Ur-

797 1383 993 1445 banus
1021 1404 1138 1446 non
1169 1404 1297 1447 esse
1320 1405 1532 1459 unum,
1556 1394 1614 1448 et
1635 1386 1893 1450 eundem
1917 1387 2192 1452 habitum
2219 1390 2355 1452 No-

796 1476 1090 1541 vitiarum
1107 1523 1124 1551 ,
1149 1484 1211 1540 et
1231 1479 1642 1543 professarum
1661 1525 1678 1554 ,
1703 1481 1864 1543 etsie
1886 1481 1950 1543 in
1983 1483 2355 1547 monialibus

790 1591 917 1635 non
961 1591 1134 1654 posse
1178 1573 1310 1637 dari
1366 1576 1608 1638 tacitam
1669 1575 2103 1657 professionem
2128 1624 2145 1652 ,
2195 1598 2355 1660 quae

791 1686 912 1728 non
937 1676 1026 1729 est
1053 1667 1434 1748 applicabilis
1458 1714 1474 1741 ‚
1502 1668 1615 1730 nisi
1645 1671 1901 1750 quando
1925 1691 2083 1735 unus
2100 1682 2162 1735 et
2187 1673 2348 1736 idem

789 1771 882 1824 est
906 1770 1266 1842 apparenter
1304 1762 1550 1825 babitus
1585 1764 1994 1838 Novitiarum,
2020 1777 2080 1831 et
2111 1766 2349 1831 Profes-

790 1865 1018 1918 sarum.
1071 1857 1430 1937 Interrogati
1483 1859 1690 1920 Patres
1732 1860 2043 1941 graviores
2102 1861 2352 1924 Ordinis

792 1948 895 2012 bic
927 1950 989 2011 in
1016 1951 1175 2012 Urbe
1197 1996 1215 2024 ,
1247 1959 1541 2014 testantur
1563 1952 1640 2014 de
1666 1955 2100 2018 consuetudine
2132 1954 2350 2018 tacitae

792 2044 1177 2124 professionis
1202 2054 1325 2108 tam
1368 2048 1570 2127 quoad
1600 2046 1843 2110 Fratres
1862 2093 1879 2123 ,
1911 2068 2095 2132 quam
2145 2050 2349 2130 quoad

788 2138 1083 2201 Moniales
1112 2139 1297 2202 etiam
1339 2139 1533 2202 Tertii
1581 2140 1829 2204 Ordinis
1855 2190 1872 2215 ,
1907 2163 2027 2205 non
2073 2145 2349 2207 obstante

789 2233 1126 2297 differentia
1150 2233 1270 2296 veli
1295 2234 1423 2297 albi
1446 2254 1483 2297 a
1509 2234 1645 2298 velo
1674 2236 1848 2318 nigro
1870 2282 1888 2310 ,
1920 2236 1981 2297 in
2013 2237 2137 2299 vim
2169 2257 2346 2319 prae-

788 2329 995 2392 sertim
1024 2329 1472 2411 protestationis
1496 2373 1514 2404 ,
1541 2337 1603 2393 et
1634 2331 1983 2394 monitionis
2002 2378 2020 2405 ,
2049 2352 2209 2414 quae
2233 2353 2346 2398 an-

788 2433 850 2486 te
879 2425 1205 2487 terminum
1228 2423 1571 2487 Novitiatus
1595 2424 1665 2487 fit
1692 2425 1899 2492 iisdem
1928 2427 2303 2491 Monialibus
2321 2474 2339 2502 ‚

788 2526 851 2580 et
874 2517 1129 2581 ulterius
1154 2519 1423 2581 subdunt
1454 2561 1471 2592 ‚
1510 2519 1672 2599 quod
1705 2529 1942 2600 possent
1967 2522 2189 2603 aperiri
2213 2524 2344 2585 Mo·

779 2613 1042 2676 nasteria
1071 2613 1436 2676 Mouialium
1457 2615 1551 2676 sui
1579 2615 1828 2677 Ordinis
1843 2664 1861 2687 ,
1883 2616 1931 2677 si
1964 2616 2178 2680 tacitae
2199 2636 2341 2698 pro·

786 2706 1071 2770 sessiones
1095 2708 1254 2770 dicto
1284 2708 1463 2771 modo
1489 2707 1682 2772 factae
1706 2710 2159 2775 declararentur
2201 2711 2341 2774 nul-

907 2896 1020 2959 His
1047 2896 1389 2977 praemissis
1421 2898 1762 2978 quaeritur:

906 2990 1005 3051 Aa
1030 2990 1373 3070 Man-qartus
1408 2991 1659 3054 Victoria
1683 2994 1759 3054 sit
1784 2993 2136 3056 admittenda
2153 2995 2232 3058 ad
2248 3015 2339 3056 rc-

785 3087 1207 3148 „undationem
1231 3087 1298 3146 ia
1323 3105 1459 3147 casu
1484 3096 1587 3147 stc.

895 3281 1046 3331 Sacra
1073 3279 1268 3349 congr.
1303 3277 1392 3332 die
1415 3279 1468 3329 2.
1502 3278 1716 3349 Augusti
1748 3278 1909 3333 mt.
1938 3280 2232 3350 respondit:

966 3362 1344 3436 Affirmative.

1226 3546 1589 3622 QUAESTIO
1631 3547 1901 3611 CCXIX.

913 3748 986 3811 Ia
1008 3748 1200 3816 Caesa
1221 3751 1562 3814 Piston-ioasi
1584 3798 1602 3826 ‚
1626 3761 1678 3813 ct
1707 3751 1978 3815 Pratcnsi
2000 3800 2019 3825 ,
2051 3754 2141 3815 dic
2161 3757 2223 3814 2.

1338 3846 1587 3927 Augusti
1607 3851 1783 3909 1721.

784 3977 1147 4097 Pistorium
1173 4081 1191 4109 ‚
1219 4054 1323 4098 seu
1351 4035 1729 4099 Pistoriensis
1748 4035 2000 4110 civitas,
2029 4036 2203 4118 cujus
2224 4035 2334 4098 ba-

786 4129 968 4190 betur
1000 4128 1228 4192 mentio
1249 4130 1406 4210 apud
1426 4128 1717 4192 Comicae»
1742 4130 2025 4193 Plautum
2039 4133 2104 4191 in
2131 4128 2342 4212 Capti-

784 4225 872 4284 vis
888 4269 905 4294 ‚
928 4221 1046 4284 fuit
1066 4222 1226 4284 inter
1248 4223 1474 4303 primas
1494 4223 1779 4286 civitates
1799 4223 2124 4286 Hetruriae
2140 4269 2158 4297 ‚
2181 4243 2341 4306 quae

790 4315 1194 4380 Christianam
1224 4317 1434 4379 Fidem
1455 4325 1842 4398 susceperunt
1867 4336 1903 4380 a
1932 4318 2191 4382 Romulo
2216 4319 2339 4381 He-

788 4419 1129 4476 truseorum
1179 4412 1465 4493 Apostolo
1489 4457 1507 4485 ‚
1548 4414 1706 4476 itaut
1760 4413 2164 4478 dubitandum
2216 4435 2334 4479 non

787 4508 869 4570 sit
892 4554 910 4583 ,
946 4507 1109 4589 quod
1139 4525 1176 4569 a
1202 4506 1416 4589 primis
1456 4527 1650 4589 usque
1675 4509 2045 4589 temporibus
2086 4509 2336 4590 Episco-

788 4619 898 4682 pos
938 4620 1060 4662 non
1091 4599 1413 4673 babuerit,
1451 4600 1589 4663 licet
1631 4610 1875 4682 propter
1908 4600 2069 4664 bella
2090 4645 2109 4674 ,
2145 4609 2208 4664 et
2241 4602 2335 4664 in-

786 4694 1021 4767 cendia,
1049 4695 1486 4777 Episcoporum
1508 4694 1963 4758 pistoriensium
1993 4696 2189 4777 prima
2220 4716 2339 4759 me-

787 4789 982 4853 moria
998 4788 1296 4851 referatur
1308 4790 1386 4851 ad
1397 4808 1615 4851 annum
1630 4794 1768 4851 600.
1791 4799 2088 4871 reparatas
2104 4792 2331 4852 salens.

904 4881 1247 4945 Nonnullae
1272 4927 1290 4956 ,
1344 4901 1503 4963 quae
1545 4882 1976 4964 superfuerunt
2037 4883 2100 4946 in
2156 4883 2336 4951 ltalia

786 4976 1325 5060 Langobardorum
1353 4975 1650 5058 reliquiae
1669 4978 1733 5039 in
1769 4977 2073 5059 quendam
2108 4977 2334 5042 collem

784 5078 1155 5135 secuerunt
1174 5115 1193 5144 ,
1240 5070 1337 5133 cui
1390 5090 1609 5135 nomen
1670 5079 1802 5135 erat
1846 5071 2138 5135 lavellum
2162 5118 2179 5148 ,
2234 5073 2337 5136 sed

786 5185 925 5229 mm
971 5172 1167 5227 tractu
1219 5165 1506 5245 temporis
1547 5165 1692 5227 dicti
1738 5163 1921 5227 Collis
1966 5165 2337 5229 habitatores

786 5259 1039 5342 buJusce
1061 5257 1218 5321 sedis
1257 5258 1511 5339 pertaesi
1542 5258 1603 5320 in
1648 5258 1964 5322 Planitiem
2007 5260 2338 5323 descendis-

786 5363 920 5418 sent
940 5401 959 5426 ,
994 5359 1055 5414 et
1075 5361 1316 5434 pratum
1338 5352 1691 5417 coemissent
1716 5399 1734 5428 ,
1760 5353 1917 5417 circa
1941 5353 2184 5416 initium
2205 5372 2334 5416 sae-

785 5447 909 5512 euli
939 5445 1239 5510 undecimi
1266 5492 1286 5523 ,
1320 5448 1626 5531 Oppidum
1668 5449 1735 5511 in
1774 5468 1849 5512 eo
1887 5456 2331 5524 extruxerunt,

2463 728 2870 791 Βίωνδαοείω
2931 713 3357 811 uoluptates,
3424 727 3762 804 villani-u,
3823 729 4025 812 Scipio

2466 824 2857 895 Ammiratus,
2885 821 3116 904 aliique
3138 841 3341 885 rerum
3362 821 3852 888 Florentinarum
3870 823 4025 885 Scri·

2471 926 2691 998 Ρῑοῐθξε

2588 1013 2661 1073 In
2683 1011 2798 1073 boc
2808 1011 3046 1093 Oppido
3067 1010 3223 1074 circa
3252 1011 3475 1091 pariter
3497 1010 3802 1074 saeculum
3827 1010 4019 1073 unde·

2465 1105 2692 1168 cimum
2712 1117 2908 1169 erecta
2936 1105 3053 1168 fuit
3086 1107 3347 1188 Insignis
3372 1105 3634 1168 Ecclesia
3655 1104 4019 1186 collegiata,

2465 1200 2562 1262 cui
2596 1208 2872 1281 praeerat
2915 1199 3296 1280 Praepositus
3319 1244 3336 1273 ,
3366 1207 3427 1261 et
3452 1199 3700 1280 hujusce
3724 1197 4021 1277 Collegiaa

2466 1303 2562 1358 tae
2583 1296 2862 1379 Dignitas
2879 1303 3045 1357 tanta
3070 1294 3188 1356 fuit
3204 1293 3368 1375 apud
3389 1301 3618 1355 veteres
3639 1291 4016 1362 Canonistas‚

2463 1399 2534 1452 ut
2560 1392 2797 1471 quoties
2825 1390 3043 1452 afferre
3077 1389 3366 1450 deberent
3394 1386 3740 1468 exemplum
3762 1387 4020 1467 alicujus

2461 1485 2725 1567 Insignis
2751 1483 3113 1566 collegiatae
3131 1529 3148 1553 ‚
3179 1483 3525 1546 Pratensem
3547 1500 4019 1546 commemorare

2462 1578 2931 1650 consueverint,
2970 1579 3057 1640 uti
3100 1577 3295 1640 videri
3338 1584 3529 1659 potest
3554 1581 3707 1658 apud
3736 1576 4018 1640 Ioannem

2458 1671 2749 1734 Andrcam
2775 1675 2853 1733 ia·
2880 1691 3009 1751 cap.
3041 1673 3299 1750 quamvis
3334 1672 3401 1731 de
3442 1669 3785 1733 Praebendi,
3828 1671 3893 1729 in
3930 1686 4019 1731 ss·

2455 1777 2564 1828 atto
2584 1811 2603 1840 ,
2635 1780 2687 1829 ct
2719 1760 2877 1848 apud
2909 1766 3094 1827 Folia.
3138 1767 3202 1826 ia
3229 1784 3355 1846 cap.
3395 1767 3460 1826 in
3487 1776 3687 1830 nestm
3706 1785 3868 1826 neas.
3911 1768 4014 1825 w.

2456 1872 2509 1922 ct
2529 1864 2596 1922 in
2616 1882 2744 1942 cap.
2770 1862 3127 1942 significante
3149 1881 3310 1924 aem
3356 1865 3411 1922 1.
3439 1860 3505 1921 dc
3528 1862 3813 1941 resa-iptio
3834 1906 3856 1932 ,
3880 1871 3933 1921 et
3951 1862 4017 1921 is

2456 1975 2582 2036 cap.
2607 1975 2737 2017 cem
2752 1958 3102 2017 accessissent
3119 1956 3185 2016 dc
3204 1953 3735 2016 Cemtitetionibm.

2572 2052 2787 2112 Actum
2816 2049 2933 2112 fuit
2956 2068 3148 2130 usque
3171 2051 3244 2111 ab
3269 2069 3423 2111 anno
3455 2053 3630 2112 1409.
3661 2048 3737 2111 de
3764 2047 4005 2130 Oppido

2457 2142 2522 2206 in
2551 2143 2868 2207 Civitatem
2898 2189 2914 2217 ,
2944 2151 3005 2206 et
3031 2144 3108 2206 de
3136 2142 3463 2225 collegiata
3494 2143 3558 2204 in
3590 2142 4010 2208 cathedralem

2453 2238 2755 2320 erigendis
2777 2279 2807 2313 ‚-
2840 2247 2902 2301 et
2938 2259 2977 2301 a
3023 2237 3355 2319 Republica
3407 2238 3758 2300 Florentius
3780 2238 3784 2241 ⁴
3807 2256 4011 2319 preces

2452 2332 2798 2396 Alexandro
2825 2333 3056 2408 Quinto
3082 2333 3394 2396 exhibitae
3436 2332 3687 2395 fuerunt
3712 2378 3730 2406 ‚
3758 2342 3824 2396 et
3850 2333 4010 2398 Pon·

2448 2427 2602 2489 tifex
2628 2473 2646 2501 ,
2668 2428 2774 2509 qui
2802 2436 2945 2491 tunc
2972 2427 3124 2490 Pisis
3152 2428 3505 2490 morabatur
3526 2472 3544 2500 ‚
3573 2447 3712 2490 cum
3747 2437 3867 2490 tota
3894 2427 4010 2494 Cn-

2450 2520 2546 2583 ria
2583 2523 2831 2586 Pratum
2876 2520 3067 2593 adiit,
3112 2520 3326 2601 ibique
3361 2521 3583 2583 mansit
3623 2539 3730 2602 per
3770 2520 4011 2603 aliquot

2450 2615 2578 2677 dies
2597 2661 2614 2689 ,
2661 2625 2721 2680 et
2768 2618 3108 2679 Pratensem
3144 2615 3472 2679 Ecclesiam
3508 2635 3618 2678 sua
3664 2615 4006 2696 praesentia

2450 2710 2817 2781 illustravit,
2853 2711 2956 2773 sed
2991 2730 3130 2773 cum
3159 2718 3405 2791 propter
3445 2711 3836 2774 immaturam
3874 2709 4010 2791 ejus

2451 2812 2704 2867 mortem
2730 2851 2749 2878 ,
2785 2813 2846 2868 et
2873 2805 3224 2867 subsecutas
3260 2812 3603 2885 temporum
3642 2803 4007 2866 vicissitudi-

2450 2918 2588 2971 nes,
2619 2899 2928 2981 negotium
2959 2898 3167 2979 perfici
3209 2917 3329 2964 non
3378 2897 3672 2978 potuerit,
3705 2896 3823 2958 fuit
3850 2896 4005 2959 illud

2450 2995 2690 3055 tandem
2714 2995 3060 3057 absolutum
3103 3001 3373 3074 tempore
3397 2992 3727 3056 iunocentii
3774 2989 4004 3058 Decimi

2447 3087 2680 3149 Summi
2716 3089 3041 3153 pontificis.
3071 3088 3220 3149 Cum
3248 3087 3472 3151 etenim
3496 3088 3813 3151 Pratenses
3832 3086 4007 3152 Prae-

2449 3183 2624 3263 positi
2654 3193 2775 3245 tam
2806 3183 3014 3264 vigore
3044 3182 3512 3265 privilegiorum
3539 3226 3558 3253 ‚
3596 3200 3782 3263 quam
3806 3181 3872 3243 in
3906 3199 4005 3244 se-

2446 3277 2688 3355 quelam
2724 3276 3179 3357 antiquissimae
3215 3275 3667 3341 consuetudinis
3689 3321 3706 3350 ,
3748 3274 4005 3356 jurisdi-

2446 3372 2704 3434 ctionem
2756 3370 3144 3433 Ordinariam
3169 3416 3188 3443 ,
3249 3378 3311 3435 et
3361 3368 3535 3450 quasi
3585 3366 4001 3450 Episcopalem

2448 3476 2826 3540 exercerent,
2855 3476 2917 3528 et
2945 3465 3223 3547 Episcopi
3254 3464 3644 3527 pistorienses
3672 3463 3734 3526 id
3757 3462 3846 3525 eis
3879 3480 4003 3525 non

2448 3558 2629 3623 licere
2667 3562 3130 3630 contenderent,
3175 3578 3242 3621 re
3282 3559 3359 3622 ad
3390 3559 3618 3625 dictum
3649 3556 4004 3621 Pontificem

2443 3653 2643 3717 delata
2670 3674 2778 3736 per
2804 3653 3087 3717 carolum
3116 3652 3455 3716 Mediceum
3482 3652 3545 3714 S.
3580 3654 3654 3715 R.
3691 3653 3760 3715 E.
3797 3650 4003 3714 cardi·

2447 3747 2682 3821 nalem,
2709 3758 2770 3811 et
2812 3749 3174 3830 Episcopum
3221 3747 3556 3811 Ostiensem
3579 3791 3599 3820 ,
3638 3754 3703 3809 et
3736 3746 4002 3810 Veliter-

2445 3858 2691 3904 nensem
2715 3886 2732 3915 ,
2763 3841 3053 3923 Sacrique
3093 3839 3345 3921 collegii
3382 3842 3689 3903 Decanum
3717 3885 3735 3913 ‚
3767 3847 3829 3903 et
3852 3859 3999 3902 exo·

2447 3944 2619 3999 rante
2655 3937 3040 3999 Ferdinando
3083 3935 3359 3998 Secundo
3404 3936 3627 4016 Magno
3669 3934 3998 4001 neemiae

2445 4032 2631 4101 Duce.
2663 4040 2795 4112 post
2813 4051 2941 4095 rem
2964 4039 3204 4097 mature
3226 4031 3288 4092 in
3318 4029 3796 4112 congregatione
3816 4031 3998 4094 rebus

2444 4123 2972 4188 consistorialibus
3025 4124 3361 4206 praeposita
3409 4125 3736 4188 discussam
3768 4170 3787 4197 ‚
3834 4125 3997 4189 edita

2446 4229 2535 4282 est
2560 4242 2711 4282 anno
2746 4226 2923 4285 1653.
2945 4220 3122 4283 Bulla
3150 4220 3215 4282 in
3234 4238 3359 4301 qua
3391 4219 3695 4283 Pratensis
3732 4218 3997 4285 Ecclesia

2445 4314 2509 4376 in
2552 4314 2975 4385 Catbedralem
3018 4323 3217 4381 erecta
3257 4323 3348 4376 est
3373 4360 3391 4383 ‚
3438 4313 3771 4394 eademque
3805 4314 3998 4376 Pisto·

2444 4410 2626 4473 riensi
2674 4429 2866 4491 aeque
2894 4407 3309 4492 principaliter
3342 4407 3513 4481 unita
3533 4452 3550 4481 ,
3599 4408 3755 4472 itaut
3786 4427 3948 4471 unus
3968 4450 3995 4483 ,

2440 4512 2503 4566 et
2522 4503 2681 4566 idem
2711 4505 3040 4585 Episcopus
3062 4510 3388 4583 utramque
3413 4520 3656 4584 regere,
3685 4509 3744 4563 et
3768 4500 3993 4582 guber·

2441 4617 2589 4661 nare
2615 4598 2905 4670 deberet,
2936 4597 3025 4659 uti
3057 4595 3240 4661 latius
3267 4615 3344 4658 ex
3370 4604 3577 4659 tenore
3598 4593 3811 4661 Bullae
3839 4596 3995 4676 apud

2445 4692 2820 4772 Uyhcllt'ees'
2793 4713 2859 4753 aa
2885 4691 3066 4755 Italia
3105 4689 3296 4753 Sacra
3323 4702 3457 4751 tom.
3503 4695 3563 4751 3.
3607 4691 3847 4752 numae
3871 4691 3993 4753 sdi-

2442 4791 2612 4850 tiom's
2635 4790 2779 4851 aaut·
2824 4791 2998 4849 1718.
3045 4806 3183 4867 paq.
3232 4790 3372 4847 326.
3421 4785 3749 4867 impressae
3788 4783 3992 4866 colligi

2442 4891 2654 4965 potest.

2560 4978 2634 5039 In
2659 4975 2835 5041 Bulla
2866 4973 3296 5039 innocentiana
3319 4973 3568 5039 fuerunt
3600 4971 3807 5036 statuti
3840 4970 3994 5034 lines

2438 5069 2739 5135 Dioecesis
2775 5067 3079 5135 Pratensis
3105 5112 3123 5143 ,
3167 5067 3474 5130 habentur
3516 5065 3679 5129 enim
3725 5065 3791 5127 in
3832 5064 3992 5128 dicta

2442 5164 2622 5229 Bulla
2648 5164 2799 5227 baec
2838 5163 3065 5235 verbe,
3109 5179 3268 5242 quae
3307 5159 3556 5223 fuerunt
3586 5160 3669 5222 ab
3712 5158 3993 5240 Ugbellio

2441 5259 2661 5325 omissa
2684 5305 2702 5334 ,
2741 5265 2947 5340 utpote
2978 5256 3090 5338 qui
3117 5255 3359 5319 Bullam
3383 5274 3504 5318 non
3533 5254 3855 5336 integram,
3883 5253 3990 5316 sed

2439 5352 2857 5417 abbreviatam
2898 5350 3145 5414 exbibet
3169 5394 3188 5423 ‚
3232 5369 3444 5411 necnon
3491 5349 3666 5410 eidam
3708 5348 3996 5410 Ecclesiae

2440 5447 2681 5512 Pratcn.
2711 5449 2792 5511 sic
2817 5450 2882 5508 in
2908 5443 3305 5510 cathedralem
3328 5453 3539 5507 wactas
3562 5489 3582 5517 ,
3607 5462 3715 5525 pro
3740 5440 3991 5506 civitate
