4393 6299
939 467 1010 518 πο
1960 463 2408 532 Qiflss‘rtosss
2440 462 2797 518 CANONtCAE

761 620 986 683 militer
1027 636 1402 699 conquerens
1443 618 1604 698 apud
1627 616 2081 680 Sanctissimum
2105 615 2315 679 Domi-

762 735 912 777 num
940 715 1226 778 Nostrum
1251 714 1327 775 de
1352 712 1727 775 Professione
1751 711 1967 774 emissa
1996 712 2062 773 in
2105 712 2313 774 Abba-

765 811 848 873 tia
879 810 1130 872 Sanctae
1179 808 1407 873 Mariae
1439 807 1629 869 Vallis
1667 808 2028 881 Umbrosae‚
2060 806 2314 872 Fesula-

761 926 875 970 nae
905 905 1200 968 Dioecesis
1243 905 1357 965 sub
1385 903 1484 966 die
1516 909 1614 964 25.
1658 903 1806 963 Julii
1854 908 2028 965 1680.
2056 923 2165 983 per
2191 922 2308 963 ass.

762 1001 887 1064 vim
907 1049 924 1072 ,
955 1009 1015 1062 et
1039 1008 1264 1062 metum
1293 999 1408 1059 sibi
1434 1019 1470 1060 a
1493 999 1780 1060 Genitore
1801 998 2137 1071 incussum,
2169 1018 2313 1077 sup-

765 1095 1010 1178 plicavit
1039 1114 1199 1157 anno
1227 1098 1399 1155 1701.
1430 1093 1491 1153 in
1517 1093 1816 1175 integrum
1841 1093 2072 1154 restitui
2103 1094 2314 1154 adver-

763 1209 866 1251 sus
915 1189 1147 1269 lapsum
1184 1187 1626 1268 quinquennii,
1669 1188 1742 1248 ad
1785 1189 2061 1247 effectum
2104 1188 2310 1247 redar-

762 1283 984 1366 guendi
1033 1282 1109 1344 de
1151 1281 1531 1344 invaliditate
1567 1282 1788 1343 dictam
1835 1281 2306 1343 Professionem.

762 1380 908 1459 Ejus
928 1386 1127 1439 tamen
1152 1376 1428 1457 precibus
1449 1377 1525 1442 ad
1551 1376 1707 1437 hanc
1720 1375 1852 1438 Sac.
1886 1376 2312 1457 Congregatior

765 1492 903 1534 nem
933 1472 1196 1533 remissis
1215 1516 1234 1546 ,
1266 1471 1608 1554 injunctum
1655 1471 1776 1532 fuit
1800 1470 2093 1551 Episcopo
2128 1472 2313 1531 Fesu·

767 1567 941 1641 lano,
974 1577 1044 1628 ut
1074 1555 1286 1628 audito
1319 1565 1643 1645 Superiora
1685 1565 1860 1627 locali
1890 1613 1905 1636 ,
1938 1567 2315 1647 receptisque

767 1661 1042 1722 formiter
1083 1660 1580 1742 probationibus,
1612 1660 1865 1721 eandem
1898 1651 2143 1721 Sacram
2166 1659 2318 1721 Con·

767 1753 1175 1835 gregationem
1209 1753 1563 1815 instructam
1598 1752 1891 1815 redderet.
1918 1752 2083 1814 Idem
2114 1762 2318 1836 autem

766 1849 1094 1929 Episcopus
1119 1848 1389 1928 injuncto
1419 1849 1654 1908 muneri
1684 1848 2020 1927 obsequens
2042 1893 2059 1920 ,
2084 1847 2314 1909 litteras

765 1942 1196 2007 remissor-iales
1228 1942 1554 2004 extradidit
1580 1942 1654 2004 ad
1689 1953 1808 2004 tres
1827 1944 1860 2002 J
1868 1943 2067 2004 udices
2091 1942 2313 2004 subde-

767 2038 1029 2119 legatos,
1063 2056 1172 2118 pro
1209 2036 1489 2098 examine
1536 2037 1803 2098 Testium
1855 2037 2199 2118 degentium
2249 2035 2314 2096 in

766 2131 952 2193 variis
991 2130 1317 2211 respective
1343 2129 1522 2201 locis,
1556 2150 1749 2209 eoque
1780 2150 1886 2210 per
1910 2131 2157 2191 illorum
2186 2131 2314 2191 sin-

766 2224 940 2307 gulos
964 2224 1291 2304 completo,
1343 2223 1462 2285 fuit
1493 2223 1714 2285 exinde
1755 2222 2132 2286 constructus
2166 2225 2315 2286 Pro-

767 2338 994 2391 cessus,
1024 2319 1197 2400 cujus
1227 2316 1538 2397 exemplar
1576 2317 1652 2378 ad
1701 2318 1942 2380 Sacram
1976 2317 2314 2399 Congrege-

769 2414 993 2475 tionem
1014 2420 1180 2474 extat
1208 2412 1645 2473 transmissum.
1682 2413 1872 2474 Porro
1905 2415 2183 2493 quinque
2203 2414 2316 2474 Te·

767 2506 1132 2570 stesinducti
1160 2525 1269 2587 per
1296 2506 1524 2568 dictum
1566 2508 1804 2567 Patrem
1846 2506 2141 2568 Mathiam
2186 2506 2319 2568 fue·

768 2613 910 2665 runt
944 2620 1146 2664 coram
1177 2601 1535 2681 supradictis
1570 2601 1885 2663 Judicibns
1912 2601 2319 2683 subdelegatis

769 2718 905 2759 eum
927 2698 1275 2779 juramento
1301 2695 1628 2756 examinati
1662 2696 1736 2756 de
1764 2716 1966 2758 mense
1995 2696 2139 2777 Maji
2171 2697 2319 2757 anni

774 2797 948 2853 1705.
996 2789 1177 2851 etiam
1210 2788 1470 2869 praeviis
1519 2789 1997 2870 interrogatoriis
2030 2789 2323 2850 exhibitis

773 2904 885 2965 pro
914 2890 1083 2964 parte
1106 2882 1518 2944 procuratoris
1537 2882 1849 2943 Generalis
1878 2884 1951 2944 ad
1979 2883 2141 2944 hunc
2177 2883 2319 2943 etl’e-

771 2990 933 3039 ctum
974 2976 1243 3058 deputati
1293 2995 1330 3038 a
1360 2977 1538 3039 Patre
1565 2976 1846 3039 Generali
1894 2977 2323 3058 praecedenter

772 3072 976 3135 citato.
1319 3121 1322 3125 .
1946 3066 1951 3070 ’

891 3169 987 3229 Ex
1037 3186 1249 3228 eorum
1306 3185 1451 3228 sane
1503 3164 1710 3237 dictis,
1771 3175 2002 3229 constat
2042 3167 2328 3230 saevitiae

773 3270 981 3335 actus,
1015 3280 1167 3341 quos
1215 3260 1278 3320 in
1334 3261 1575 3321 patrem
1621 3261 1916 3321 Mathiam
1966 3260 2321 3336 Oratorem,

771 3366 911 3419 ante
926 3353 1361 3417 Professionem
1381 3355 1632 3419 Genitor
1651 3356 1941 3427 exercuit,
1968 3355 2195 3435 quippe
2216 3357 2321 3436 qui

779 3452 999 3513 nedum
1021 3449 1231 3511 mortis
1260 3448 1462 3522 minis,
1488 3470 1700 3510 verum
1722 3450 1903 3510 etiam
1930 3451 2322 3530 percussioni-

773 3547 921 3618 bus,
950 3542 1171 3605 strictis
1210 3543 1397 3605 armis
1422 3542 1640 3616 illatis,
1687 3543 2054 3604 cibariorum
2089 3590 2105 3615 ,
2136 3555 2196 3604 et
2223 3565 2324 3606 ve-

774 3638 959 3699 stium
1011 3635 1420 3710 detractione,
1475 3636 1710 3716 privata
1775 3637 2039 3697 custodia
2066 3682 2082 3709 ,
2142 3648 2328 3717 atque
2385 3652 2386 3655 ’

774 3731 1065 3814 ejectione
1091 3751 1126 3792 e
1154 3731 1369 3803 domo,
1401 3730 1772 3811 caeterisque
1800 3730 2192 3810 impulsibus,
2224 3732 2326 3793 Fi-

779 3826 932 3887 lium
953 3823 1635 3905 compulitReligiosum
1678 3823 1954 3886 habitum
1999 3826 2325 3905 suscipere,

773 3920 1153 4000 subindeque
1183 3918 1476 4000 profiteri.
1509 3918 1738 3982 Verum
1768 3920 1889 3980 duo
1911 3939 1989 3981 ex
2034 3920 2158 3981 illis
2182 3920 2329 3983 haec

777 4015 930 4074 scire
951 4013 1239 4085 fatentur,
1259 4011 1339 4072 ob
1352 4020 1703 4073 consuetum
1725 4031 2023 4073 accessum
2049 4012 2327 4075 habitum
2380 4010 2381 4016 '

775 4107 850 4168 ad
876 4107 1120 4167 domum
1149 4103 1423 4166 Oratoris
1448 4151 1464 4174 ‚
1488 4096 1707 4185 reliqui
1740 4119 1883 4166 vero
1904 4105 1981 4166 de
2003 4105 2241 4177 auditu,
2269 4116 2329 4169 et
2389 4142 2390 4145 =

777 4199 1020 4282 publica
1055 4198 1217 4260 fama
1241 4198 1448 4259 eadem
1480 4209 1950 4279 prosequuntur.

902 4292 994 4354 Ad
1020 4292 1166 4353 haec
1192 4292 1374 4353 binae
1402 4293 1808 4354 attestationes
1830 4313 1968 4354 cum
1983 4294 2332 4376 juramento

783 4385 1122 4468 recognitae
1143 4430 1160 4457 ‚
1185 4393 1243 4446 et
1278 4385 1338 4444 in
1381 4385 1723 4446 Summario
1761 4386 2071 4448 exhibitae
2092 4434 2109 4461 ‚
2138 4389 2331 4450 altera

781 4479 1033 4541 Joannis
1079 4477 1396 4540 Bonvicini
1442 4478 1727 4540 Germani
1779 4479 2087 4554 OratoriS‚
2140 4483 2332 4545 altera

782 4595 929 4636 vero
971 4571 1269 4634 Francisci
1309 4573 1575 4634 Fabretti
1597 4620 1613 4646 ‚
1644 4573 1750 4654 qui
1783 4593 1962 4653 supra
1993 4576 2332 4638 enunciatis

785 4669 1019 4731 actibus
1042 4676 1380 4747 praesentes
1403 4687 1530 4727 sese
1556 4666 1820 4729 extitisse
1843 4668 2129 4737 fatentur.
2163 4669 2330 4743 Quin

787 4772 848 4824 et
899 4770 1250 4823 renuentem
1304 4760 1502 4820 filium
1560 4763 2078 4824 renunciationem
2137 4764 2335 4827 facere

786 4865 926 4918 ante
958 4854 1389 4915 professionem
1440 4854 1501 4914 in
1549 4855 1921 4917 Cancellaria
1950 4858 2286 4938 Episcopali
2311 4904 2328 4931 ‚

790 4948 953 5029 quod
975 4947 1224 5008 Genitor
1253 4948 1379 5026 ipse
1408 4947 1496 5008 ira
1529 4948 1822 5022 ftomam,
1856 4950 2037 5011 minis
2065 4951 2335 5032 adegerit

791 5043 959 5105 illam
986 5041 1300 5122 perficere,
1330 5043 1506 5103 pater
1528 5042 1602 5103 de
1626 5044 1858 5125 poggiis
1878 5053 2020 5105 tunc
2038 5045 2334 5108 Procura-

791 5146 886 5198 tor
913 5135 1224 5197 Generalis
1255 5144 1502 5196 testatur
1524 5182 1540 5209 ,
1571 5138 1732 5217 quod
1765 5138 1989 5217 pai-iter
2015 5139 2090 5200 de
2123 5140 2334 5202 auditu

795 5240 993 5293 tamen
1013 5275 1029 5301 ‚
1061 5238 1180 5290 tres
1206 5229 1308 5290 alii
1334 5231 1534 5291 Testes
1560 5234 1973 5311 comprobant.

914 5322 1226 5402 Aliquales
1255 5336 1556 5404 praeterea
1586 5325 1858 5388 Oratoris
1884 5329 2337 5408 conquestiones

797 5425 928 5499 post
963 5415 1398 5478 Professionem
1447 5438 1628 5499 super
1665 5419 1973 5484 recensitis
2015 5422 2337 5484 coactioni-

2425 616 2569 691 bus,
2593 616 2715 678 duo
2737 613 3115 696 Correligiosi
3147 615 3450 687 referunt,
3481 613 3708 695 quibus
3730 635 3977 698 quoque

2423 714 2644 777 accinit
2683 714 2885 774 Abbas
2919 712 3208 792 Superior
3249 712 3483 774 Localis
3510 733 3615 794 per
3646 713 3976 794 Epistulam

2422 809 2709 871 directam
2738 807 3005 888 praefato
3032 807 3324 887 Episcopo
3343 808 3665 882 Fesulano,
3692 810 3976 888 superad-

2423 904 2572 967 dens
2598 903 2853 965 ulterius
2874 905 3133 965 eundem
3165 902 3483 965 Oratorem
3512 924 3816 966 recusasse
3844 925 3976 965 mu-

2424 1009 2539 1063 nus
2560 1002 2792 1063 scribae
2826 1001 2901 1063 ad
2925 999 3327 1079 effugiendam
3357 998 3751 1060 professionis
3782 1000 3974 1061 ratiti-

2421 1096 2715 1158 cationem
2737 1143 2753 1171 ,
2789 1105 3226 1177 proptereaque
3253 1094 3543 1173 Superior
3571 1094 3698 1175 ipse
3725 1095 3973 1169 citatus,

2421 1211 2544 1252 non
2573 1192 2745 1264 alias,
2771 1211 2955 1272 quam
2983 1201 3112 1269 post
3132 1191 3180 1250 T
3182 1190 3401 1251 estium
3425 1208 3679 1250 examen
3698 1238 3714 1258 ‚
3741 1191 3855 1251 sub
3877 1190 3977 1252 die

2424 1307 2640 1367 nempe
2668 1294 2767 1348 28.
2804 1286 3028 1366 Aprilis
3056 1290 3231 1345 1706.
3265 1283 3417 1344 nihil
3439 1303 3502 1344 se
3531 1282 3784 1357 habere,
3811 1285 3977 1364 quod

2418 1394 2778 1465 opponeret,
2802 1383 2867 1442 in
2890 1382 3097 1442 eadem
3125 1379 3395 1459 Epistola
3429 1377 3545 1440 fuit
3571 1387 3929 1457 protestatus
3956 1422 3974 1440 .

2541 1478 2820 1541 vicarius
2841 1475 3155 1537 Generalis
3186 1473 3546 1544 Fesulanus,
3571 1474 3817 1535 absente
3840 1474 3981 1554 Epi-

2419 1594 2598 1655 scopo
2618 1620 2635 1649 ,
2673 1574 2738 1634 in
2778 1571 3046 1652 Epistola
3072 1615 3088 1642 ‚
3121 1588 3309 1650 quam
3336 1568 3412 1630 ad
3440 1569 3684 1630 Sacram
3713 1568 3981 1649 Congre-

2422 1669 2724 1750 gationem
2784 1665 3115 1729 transmisit
3143 1709 3159 1736 ‚
3221 1661 3628 1726 transcribens
3692 1662 3983 1743 pleraque

2422 1763 2689 1824 Testium
2712 1763 2869 1825 dicta
2886 1810 2903 1833 ,
2932 1768 3102 1840 putat
3128 1758 3402 1820 Oratoris
3424 1777 3628 1836 preces
3655 1776 3782 1819 esse
3802 1776 3986 1819 exau-

2424 1857 2674 1919 diendas
2699 1903 2716 1930 ‚
2751 1875 2870 1917 non
2912 1856 3188 1917 obstante
3231 1857 3362 1935 ejus
3408 1852 3699 1915 diuturna
3743 1852 3985 1932 acquie-

2423 1952 2646 2014 scentia
2666 2000 2682 2023 ,
2708 1970 2892 2031 quam
2919 1948 3266 2030 provenisse
3288 1993 3305 2021 ‚
3329 1947 3553 2027 inquit,
3581 1966 3657 2008 ex
3681 1966 3753 2008 eo
3771 1995 3789 2019 ,
3820 1947 3984 2028 qnod

2424 2047 2675 2109 Genitor
2718 2045 2941 2106 vixerit
2968 2063 3162 2124 usque
3189 2042 3266 2104 ad
3294 2060 3523 2104 annum
3556 2046 3731 2102 1705.
3767 2043 3833 2102 in
3860 2060 3986 2122 quo

2423 2142 2538 2201 sub
2570 2140 2669 2202 die
2697 2145 2795 2201 28.
2826 2139 2969 2220 Maji
2997 2138 3157 2200 diem
3190 2137 3407 2198 clausit
3427 2144 3789 2198 extremum.

2544 2235 2698 2304 Vice
2732 2252 2937 2304 versa,
2969 2234 3143 2313 jussu
3180 2232 3363 2313 hujus
3392 2232 3611 2293 Sacrae
3638 2231 3983 2311 Congrega-

2430 2330 2609 2392 tionis
2633 2329 2829 2391 citatis
2842 2327 3163 2389 Fratribus
3186 2325 3355 2387 laicis
3377 2324 3652 2386 Orator-is
3672 2323 3747 2385 ad
3771 2344 3985 2384 eorum

2394 2446 2403 2456 ·
2421 2427 2561 2506 jura
2597 2422 2967 2492 deducenda,
2990 2442 3067 2483 ex
3091 2422 3177 2482 eis
3198 2420 3697 2482 Bartholomaeus
3718 2419 3986 2500 ejusdem

2427 2518 2702 2581 Oratoris
2738 2514 3222 2579 renunciatarius
3258 2512 3641 2591 comparuit,
3692 2513 3986 2591 quasdam

2426 2613 2772 2691 exhibendo
2816 2609 3265 2679 attestationeS,
3331 2607 3427 2669 vel
3475 2607 3804 2667 eorundem
3869 2611 3981 2669 Te-

2426 2707 2634 2779 stium,
2686 2713 2756 2765 ut
2804 2723 2984 2783 supra
3026 2701 3509 2763 examinatorum
3557 2699 3857 2761 centraria
3903 2711 3990 2761 te-

2430 2797 2852 2865 stiffi-antium,
2898 2795 2990 2855 vel
3038 2795 3295 2853 aliorum
3327 2801 3707 2869 praetensum
3761 2801 3985 2851 metum

2432 2894 2748 2953 excludi-tre
2782 2889 3128 2951 cenantium
3160 2933 3173 2943 .
3211 2889 3299 2945 Ex
3345 2889 3597 2963 (μιξῐιιις,
3647 2895 3703 2945 et.
3747 2889 3881 2945 aliis
3923 2889 3985 2945 in

2432 2985 2772 3045 Summarie
2814 2985 3098 3059 utrinque
3136 2981 3497 3039 deducendis
3535 2982 3651 3039 EE.
3712 2983 3841 3039 ΨΥ.
3887 2981 3981 3037 de-

2434 3083 2662 3143 clarare
2696 3101 2812 3137 nen
2838 3085 3191 3155 graventur,
3217 3095 3291 3133 an
3323 3077 3397 3133 sit
3429 3075 3591 3133 locus
3623 3075 3985 3133 restitutioni

2436 3177 2498 3233 in
2536 3177 2858 3249 integrum.

2554 3269 2714 3325 llaec
2748 3277 2882 3323 sunt
2904 3311 2916 3333 ,
2956 3283 3110 3341 quae
3140 3261 3605 3321 continebantur
3639 3261 3699 3319 in
3723 3261 3867 3319 folio
3893 3261 3987 3319 di-

2434 3365 2690 3423 stribute
2724 3381 2828 3439 pre
2848 3359 3321 3439 Congregatiene
3345 3355 3457 3413 diei
3487 3361 3583 3413 21.
3615 3355 3981 3433 Septembris

2442 3463 2616 3515 1708.

2554 3549 2880 3621 Quaeritur
2912 3549 3156 3625 itaque:

2554 3647 2646 3701 :ln
2678 3647 2748 3701 sit
2780 3643 3042 3701 stan-dnm
3061 3689 3074 3709 ,
3102 3641 3187 3697 ‘rel
3218 3637 3575 3695 recedendum
3617 3655 3653 3695 a
3697 3637 3891 3695 decisis
3929 3639 3991 3695 in

2438 3760 2592 3797 casu.

2546 3917 2682 3963 Sacr.
2712 3913 2906 3977 Cuugr.
2936 3909 3020 3959 die
3048 3909 3138 3957 21.
3165 3905 3393 3957 Januarii
3427 3907 3579 3957 1'1‘19.
3613 3907 3903 3975 respondit:

2622 4003 2682 4050 1η
2715 3997 2934 4060 decisis,
2974 4009 3022 4046 ec
3052 3995 3302 4062 mnplius.

2888 4186 3247 4262 QtL-ESTIO
3285 4186 3535 4244 Lxxx.

2440 4382 2508 4440 In
2539 4402 2709 4440 carisa
2740 4380 2982 4438 Nullis-s
3003 4426 3018 4444 ,
3050 4396 3142 4434 seii
3175 4374 3379 4432 Sancti
3429 4372 3689 4430 Severini
3731 4374 3773 4432 J
3779 4376 3989 4432 urisdc'-

2716 4474 2912 4528 (stirmis
2934 4520 2946 4538 ,
2978 4472 3064 4526 dio
3092 4472 3189 4526 21.
3223 4466 3505 4526 Jmmurii
3541 4471 3709 4524 1719.

2442 4620 2626 4734 Inter
2680 4674 2999 4752 Episcopus
3034 4670 3233 4730 Sancti
3285 4666 3595 4740 Severini,
3639 4674 3697 4726 et
3741 4666 3991 4726 abbates

2440 4768 2990 4830 Commendataries
3018 4766 3311 4825 Abbati-ae
3341 4764 3539 4822 Sancti
3567 4760 3873 4820 Laurentii
3925 4760 3989 4820 iu

2444 4864 2718 4942 Degliele
2754 4862 3096 4938 frequentes
3132 4858 3424 4916 excitatae
3461 4862 3599 4912 sunt
3641 4862 3991 4912 controver-

2386 5010 2387 5014 ,
2444 4958 2596 5016 siae:
2628 4956 2836 5016 Clarae
2864 4956 3082 5014 etenim
3118 4972 3293 5010 mein.
3325 4948 3659 5008 Cat-[linaiis
3695 4948 3995 5006 Antonius

2448 5050 2810 5110 Barberinus
2843 5050 3044 5108 All-bas
3068 5044 3625 5106 Commendatarins
3655 5042 3993 5102 [terminavit

2446 5144 2774 5204 Antonium
2803 5142 3125 5200 Faberium
3150 5142 3223 5198 atl
3243 5136 3647 5198 parochialem
3667 5135 3993 5195 Ecclesiam

2450 5240 2508 5296 ὃ.
2540 5238 2766 5296 Mariae
2794 5238 2980 5294 Castri
3014 5234 3207 5292 l‘etini
3237 5278 3249 5304 ,
3283 5240 3341 5290 et.
3365 5230 3689 5308 Episcopus
3719 5230 3777 5286 S.
3815 5230 3996 5288 Seve-

2450 5333 2564 5392 rini
2602 5344 2886 5408 tanquam
2926 5328 3319 5396 Ordinarius,
3367 5324 3611 5402 praevie
3659 5344 3950 5382 coiit-ursii
3977 5370 3992 5394 ‚

2451 5446 2560 5504 pre
2578 5426 2730 5484 dicta
2756 5416 3785 5503 parochialiapprobavitNicolauin
3811 5418 4000 5478 Bean-
