4393 6299
909 445 1010 496 130

727 616 803 669 no
822 600 1034 661 Nostro
1052 578 1480 677 supplicaverit
1499 613 1605 674 pro
1625 590 2069 673 dispensatione
2084 608 2266 668 super
2313 596 2326 684 t

719 701 858 755 voto
891 691 1312 764 continentiae,
1336 690 1450 752 sub
1480 689 1754 762 obtentu,
1786 686 1946 768 quod
1972 684 2265 748 Ordinem
2316 694 2322 742 2

719 788 1009 868 receperit
1036 805 1143 867 per
1172 786 1321 859 vim,
1351 792 1412 847 et
1452 791 1675 845 metum
1696 802 1727 844 a
1758 780 2218 843 Matreillatum
2248 822 2265 850 ,

720 879 1007 960 scriptum
1042 879 1192 951 fuit,
1237 880 1409 960 juxta
1443 896 1666 938 rnorem
1696 922 1711 948 ,
1745 874 1997 938 Officiali
2032 871 2266 953 Iprcnsi

724 994 833 1056 pro
861 973 1308 1044 informatione,
1331 980 1390 1034 et
1424 981 1583 1032 voto.

843 1065 1166 1147 Respondit
1191 1063 1474 1128 Officialis
1497 1108 1514 1136 ,
1543 1062 1810 1143 exposita
1837 1062 1899 1123 in
1933 1059 2089 1123 facto
2119 1060 2266 1120 sub-

728 1159 934 1221 sistere
956 1203 973 1229 ,
1010 1166 1069 1219 et
1096 1157 1417 1219 nonnullas
1458 1155 1862 1218 attestationes
1893 1152 2222 1214 transmisit
2249 1198 2266 1226 ,

732 1251 795 1316 in
827 1251 1048 1331 quibus
1078 1250 1335 1312 refertur
1357 1296 1373 1324 ‚
1402 1249 1771 1312 comitissam
1800 1247 2072 1312 Oratoris
2123 1247 2277 1307 Ma-‘

731 1353 881 1405 trem
906 1389 923 1416 ,
958 1362 1115 1424 quae
1135 1352 1265 1405 erat
1293 1344 1495 1405 Vidua
1516 1387 1533 1417 ,
1588 1352 1647 1403 et
1674 1340 2120 1404 usufructuaria
2151 1340 2261 1399 bo·

730 1455 947 1498 norum
974 1482 991 1510 ,
1021 1456 1249 1498 necnon
1278 1435 1497 1498 indolis
1523 1481 1539 1509 ,
1572 1444 1630 1508 et
1658 1444 1909 1497 naturae
1938 1434 2266 1496 admodum

727 1529 1025 1593 violentae
1049 1577 1065 1601 ,
1095 1542 1154 1592 et
1174 1529 1559 1602 vehementis,
1589 1529 1782 1590 eidem
1813 1529 2105 1590 minatam
2130 1527 2270 1588 fuis-

732 1643 796 1686 se
819 1669 836 1697 ,
873 1624 1035 1704 quod
1077 1624 1271 1705 ipsum
1313 1631 1462 1685 esset
1492 1624 1740 1686 omnino
1784 1623 2143 1685 derelictura
2168 1666 2184 1692 ,
2217 1620 2270 1679 si

735 1716 946 1780 Sacros
989 1717 1244 1780 Ordines
1290 1718 1585 1798 suscipere
1631 1725 1994 1791 recusasset;
2045 1714 2272 1778 accedit

731 1810 921 1893 ipsius
963 1812 1362 1874 Maximiliani
1391 1831 1638 1873 examen
1666 1858 1683 1886 ,
1714 1812 1776 1873 in
1821 1831 1942 1892 quo
1971 1811 2272 1891 praedicta

733 1904 942 1967 omnia
988 1906 1274 1987 exponit,
1319 1907 1628 1979 addendo,
1662 1906 1821 1987 quod
1855 1906 1933 1967 ab
1977 1904 2270 1984 Episcopo

738 1999 1126 2061 Ambianensi
1190 2002 1410 2082 recepit
1457 1999 1749 2064 Ordinem
1793 2000 2271 2062 subdiaconatus

739 2093 965 2155 virtute
1018 2094 1503 2157 dimissorialium
1561 2093 1832 2174 Episcopi
1879 2092 2137 2174 lprcnsis
2176 2091 2269 2153 sui

736 2185 1046 2264 Ordinarii
1072 2232 1090 2262 ‚
1119 2205 1276 2269 quae
1300 2188 1548 2250 fuerunt
1570 2207 1606 2273 a
1646 2189 1836 2250 Matre
1882 2188 1958 2251 ad
1986 2207 2048 2248 se
2073 2196 2275 2247 trans-

742 2281 986 2356 missae,
1016 2300 1140 2344 una
1166 2302 1303 2344 cum
1325 2281 1537 2344 litteris
1557 2281 2046 2344 comminatoriis:
2073 2281 2277 2360 Eques

735 2374 918 2442 etiam
948 2376 1023 2437 de
1061 2376 1352 2459 Coupigni
1388 2376 1572 2439 frater
1600 2385 1744 2437 natu
1775 2375 1963 2456 major
1989 2372 2274 2436 suum'li·

739 2469 1154 2531 bentissimum
1193 2478 1448 2551 praestat
1470 2489 1580 2551 pro
1611 2468 2047 2549 dispensatione
2072 2487 2274 2531 assen-

736 2581 912 2633 sum,
956 2572 1016 2627 et
1047 2565 1593 2627 Reverendissimus
1632 2564 1893 2625 Nuntius
1931 2562 2267 2628 Galliarum

740 2655 857 2718 sibi
894 2665 1162 2719 constare
1188 2657 1396 2720 asserit
1424 2706 1438 2728 ,
1475 2657 1636 2738 quod
1667 2676 1875 2717 revera
1904 2655 2270 2717 Maximilia-

741 2767 857 2811 nus
897 2769 1000 2830 per
1046 2751 1169 2813 vim
1198 2800 1212 2821 ,
1245 2761 1305 2813 et
1337 2761 1559 2812 metum
1609 2771 1645 2813 a
1689 2751 1882 2813 Matre
1923 2750 2224 2810 incussum
2251 2793 2269 2823 ,

744 2841 1155 2906 Subdiaconus
1175 2844 1364 2907 factus
1385 2853 1493 2906 est.

856 2934 1316 3018 Supplicationis
1343 2936 1796 2999 fundamentum
1839 2933 1901 2996 in
1935 2935 1992 2996 vi
2035 2933 2272 3015 praedi-

744 3036 878 3102 cta,
906 3038 966 3091 et
1009 3041 1168 3093 metu
1216 3030 1627 3102 constituitur,
1663 3030 1798 3092 licet
1842 3029 2002 3092 enim
2060 3046 2280 3110 magna

743 3122 822 3185 sit
863 3122 1020 3187 inter
1060 3127 1341 3189 Doctores
1387 3125 1709 3210 disputatio
1736 3170 1754 3198 ,
1800 3143 1878 3187 an
1912 3123 2082 3185 sicuti
2127 3121 2280 3184 reci-

742 3216 912 3298 piens
947 3217 1232 3281 Ordinem
1261 3219 1733 3281 Subdiaconatus
1764 3237 1870 3298 per
1915 3217 2283 3292 coactionem

744 3330 864 3373 non
892 3312 1223 3376 absolutam
1242 3359 1259 3389 ,
1289 3314 1387 3375 sed
1415 3312 1873 3376 conditionalem
1902 3358 1919 3385 ,
1957 3332 2078 3373 non
2108 3331 2280 3392 prae-

743 3404 926 3468 cisam
949 3452 966 3480 ,
991 3408 1092 3469 sed
1130 3408 1489 3470 causativam
1515 3453 1532 3481 ,
1560 3427 1702 3468 vere
1743 3406 1954 3486 recipit
1980 3405 2284 3469 characte-

740 3516 869 3559 rem
893 3543 911 3571 ,
944 3498 1028 3562 ita
1065 3501 1243 3561 etiam
1274 3509 1545 3562 teneatur
1583 3499 1658 3563 ad
1698 3500 2126 3561 continentiam
2152 3544 2169 3572 ,
2206 3519 2282 3560 ex

742 3608 865 3674 quo
883 3592 1103 3656 Votum
1121 3594 1519 3656 continentiae
1553 3604 1639 3656 est
1662 3595 1840 3655 Sacro
1865 3594 2078 3656 Ordini
2101 3611 2176 3654 an
2186 3612 2281 3654 ne·

744 3705 915 3759 xum,
939 3688 1021 3748 uti
1045 3688 1231 3749 videri
1258 3699 1443 3769 potest
1462 3689 1523 3748 in
1550 3687 1707 3751 binis
1720 3687 2161 3769 Magistralibus
2184 3686 2282 3748 de-

742 3781 1088 3855 cisionibus,
1101 3785 1289 3863 prima
1309 3784 1579 3855 videlicet,
1600 3794 1648 3843 et
1670 3784 1908 3844 secunda
1928 3780 2188 3844 Caesaris
2215 3783 2280 3841 de

745 3874 970 3937 Grassis
1003 3880 1094 3938 tit.
1126 3879 1189 3937 de
1217 3879 1325 3950 itis,
1361 3899 1502 3956 quae
1523 3880 1602 3950 vi,
1632 3890 1868 3938 metusve
1897 3898 2067 3939 causa
2102 3879 2273 3958 fiunt,

744 3968 809 4031 in
846 3972 1069 4053 quihus
1114 3971 1512 4033 decisionibus
1558 3971 1936 4033 auctoritates
1962 4015 1979 4043 ,
2009 3979 2067 4033 et
2095 3970 2279 4033 ratio-

652 4121 663 4133 ,
744 4083 848 4126 nes
873 4064 1176 4127 hincinde
1200 4075 1532 4145 pugnantes
1552 4066 1917 4138 afferuntur,
1949 4065 2062 4126 hac
2086 4084 2277 4125 unum

747 4167 945 4225 tamen
977 4168 1201 4220 certum
1244 4178 1367 4220 esse
1408 4159 1644 4223 videtur
1667 4205 1683 4231 ,
1718 4158 1877 4240 quod
1926 4168 2115 4220 metus
2140 4159 2278 4220 licet

745 4250 1162 4312 conditionalis
1187 4260 1435 4330 praestat
1475 4250 1743 4313 Pontifici
1783 4253 2003 4333 justam
2041 4270 2279 4313 causam

746 4344 1125 4424 dispensandi
1149 4364 1184 4406 a
1212 4354 1350 4406 voto
1377 4345 1776 4407 continentiae
1800 4391 1818 4417 ,
1850 4346 2009 4425 quod
2040 4355 2127 4407 est
2168 4364 2279 4406 an-

744 4457 969 4500 nexum
993 4437 1461 4499 Subdiaconatui
1492 4483 1508 4509 ,
1542 4438 1628 4499 uti
1657 4438 1910 4499 babetur
1941 4441 2006 4499 in
2032 4440 2281 4518 alleqata

747 4532 911 4593 decis.
943 4537 997 4591 1.
1022 4535 1088 4591 in
1104 4532 1246 4613 fine,
1279 4531 1398 4592 ihi:
1430 4532 1556 4591 Ideo
1578 4531 1805 4591 Domini
1822 4534 1998 4610 maqis
2026 4551 2281 4593 securum

746 4645 854 4688 esse
874 4626 1318 4698 existimabant,
1353 4625 1501 4703 quod
1530 4627 1631 4685 iste
1657 4624 1987 4685 Franciscus
2016 4627 2280 4704 impetra·

745 4730 830 4784 ret
857 4721 1318 4801 dispensationem
1356 4721 1580 4779 omnino
1601 4738 1638 4780 a
1674 4718 1840 4798 Papa
1864 4766 1878 4788 ,
1909 4729 1959 4778 et
1986 4719 2238 4783 dicebant
2264 4764 2281 4792 ,

743 4815 892 4894 quod
929 4814 1249 4890 huiusmodi
1289 4822 1465 4874 metus
1507 4823 1759 4894 praestat
1786 4813 2003 4891 justam
2056 4832 2285 4875 causam

734 4912 911 4971 illam
936 4908 1285 4969 concedendi.

862 5003 1105 5081 Absque
1132 5020 1202 5062 eo
1248 5000 1406 5081 quod
1436 5001 1774 5080 quidquam
1824 4998 2085 5061 referant
2119 5019 2282 5063 reso-

743 5099 870 5173 luta
898 5097 977 5160 ab
1004 5094 1117 5163 hac
1142 5095 1321 5157 Sacra
1364 5093 1833 5177 Congregatione
1873 5094 1938 5153 in
1972 5092 2273 5173 Hispalen.

744 5192 1054 5256 Nullitatis
1083 5187 1320 5250 Ordinis
1345 5193 1443 5249 25.
1469 5189 1716 5262 Martii,
1739 5198 1792 5247 et
1817 5192 1875 5247 2.
1912 5186 2073 5265 Maji
2100 5192 2273 5249 1716.

745 5285 887 5367 quia
918 5285 982 5344 in
1010 5290 1240 5344 tantum
1279 5281 1504 5341 dictum
1549 5280 1699 5352 fuit,
1741 5298 1861 5340 non
1896 5287 2165 5341 constare
2204 5281 2280 5342 de

745 5378 1022 5440 nullitate
1040 5374 1374 5437 collationis
1391 5374 1637 5436 Ordinis
1661 5372 2135 5435 subdiaconatus
2155 5417 2172 5447 ,
2211 5373 2275 5433 in

1916 437 2354 508 QnAEs'rtoNtzs
2391 437 2617 492 CANON
2625 441 2750 494 10AE

2373 599 2666 670 quantum
2712 599 2904 652 metus
2931 607 3048 650 nou
3080 589 3195 651 suit
3223 607 3297 650 ex
3323 586 3600 650 Testibus
3639 582 3915 664 allegatis

2376 686 2798 765 comprobatus
2828 731 2845 758 ,
2896 686 3066 766 cujus
3104 681 3471 744 contrarium
3500 680 3914 762 praetenditur

2378 777 2438 837 in
2470 776 2780 859 hypothesi
2815 778 3106 859 praesenti
3133 777 3454 858 contigere.
3608 774 3612 778 ’

2493 872 2800 951 Proposita
2829 871 2941 934 fuit
2967 870 3112 933 baec
3133 872 3322 932 Causa
3354 870 3415 930 in
3444 867 3557 930 hac
3578 868 3910 946 Congrega-

2376 967 2576 1038 tione,
2635 986 2741 1027 nec
2788 965 2915 1027 ulla
2957 965 3073 1027 fuit
3118 972 3287 1044 capta
3336 962 3657 1034 resolutio,
3689 960 3788 1021 sed
3824 959 3913 1019 di-

2374 1066 2535 1121 ctum
2565 1058 2716 1120 fuit:
2764 1060 2968 1123 Dilata
2989 1107 3007 1133 ,
3039 1071 3089 1120 et
3130 1060 3532 1139 coadjuvantur
3560 1057 3912 1137 probationes

2365 1154 2547 1231 juxta
2568 1158 3011 1216 instructionem.

2494 1249 2813 1312 Instructio
2851 1250 2967 1311 fuit
3011 1256 3257 1311 exarata
3284 1292 3301 1320 ,
3333 1256 3393 1309 et
3416 1244 3755 1308 transmissa
3788 1251 3912 1303 tam

2376 1341 2450 1401 ad
2499 1343 2799 1404 Nuncium
2843 1343 3215 1414 Galliarum,
3262 1361 3444 1423 quam
3475 1340 3550 1401 ad
3582 1335 3909 1402 Officialem

2377 1434 2681 1514 Iprensem
2710 1482 2727 1509 ,
2762 1446 2822 1498 et
2844 1436 2904 1497 in
2939 1436 3337 1498 Instructione
3361 1434 3628 1515 apposita
3665 1431 3912 1492 suerunt

2376 1531 2685 1610 sequentia
2706 1531 2916 1592 verba:
2947 1529 3307 1609 supplicavit
3336 1529 3703 1591 Sanctissimo
3724 1526 3913 1586 Domi·

2376 1644 2448 1683 no
2496 1623 2706 1685 Nostro
2735 1624 3127 1685 Subdiaconus
3176 1625 3627 1686 maximilianus
3671 1620 3914 1681 Carolus

2376 1718 2441 1777 de
2481 1716 2760 1799 Coupiqni
2811 1718 3000 1798 Ipren.
3059 1717 3328 1778 Dioecesis
3374 1736 3480 1796 pro
3509 1716 3916 1796 dispensatione

2378 1831 2544 1891 super
2586 1825 2709 1873 voto
2756 1814 3165 1881 continentiae,
3214 1830 3275 1871 eo
3305 1812 3407 1870 sub
3449 1812 3673 1870 obtentu
3703 1854 3721 1878 ,
3765 1805 3928 1885 quotl'

2379 1904 2831 1966 Subdiaconatus
2857 1908 3110 1964 ordinem
3138 1907 3403 1985 receperit
3421 1923 3524 1984 per
3543 1904 3658 1962 vim
3679 1947 3696 1971 ,
3722 1911 3773 1959 et
3800 1918 3915 1959 me-

2381 2011 2500 2059 tum
2537 2002 2645 2060 sibi
2669 2021 2706 2062 a
2736 2001 2933 2062 Matre
2963 2002 3196 2060 illatum
3223 2044 3239 2072 ‚
3269 2000 3627 2079 precibusque
3670 1995 3746 2056 ad
3769 1994 3917 2054 banc

2379 2092 2623 2155 Sacram
2664 2094 3157 2173 Conqreqatinnem
3186 2092 3433 2156 Concilii
3456 2092 3738 2160 remissis,
3769 2087 3912 2150 ΕΕ.

2384 2187 2511 2247 ΡΡ.
2552 2190 2753 2251 audita
2782 2201 2882 2250 tua
2908 2190 3211 2258 relatione,
3255 2188 3652 2265 nonnullisque
3680 2191 3917 2244 attesta-

2382 2284 2624 2342 tionibus
2665 2304 2834 2363 super
2865 2285 3029 2345 dictis
3053 2286 3114 2344 vi
3127 2329 3144 2357 ,
3179 2293 3230 2343 et
3256 2293 3408 2343 metu
3429 2281 3805 2349 transmissis,
3830 2279 3920 2337 in·

2379 2379 2598 2455 spectis,
2625 2379 3016 2438 resolutionem
3046 2377 3318 2458 propositi
3345 2375 3527 2444 dubii,
3559 2393 3638 2433 an
3662 2375 3736 2431 sit
3768 2372 3919 2431 locus

2380 2470 2585 2550 petitae
2630 2470 3031 2549 dispensationi
3063 2517 3079 2541 ,
3131 2468 3441 2550 differentes
3476 2514 3492 2538 ,
3541 2473 3916 2536 censuerunt,

2382 2565 2796 2642 coadjuvandas
2823 2584 2931 2625 esse
2950 2566 3301 2643 probationes
3317 2607 3334 2635 ,
3360 2573 3480 2625 tam
3508 2580 3675 2641 super
3698 2558 3923 2639 praedi·

2381 2661 2486 2718 ctis
2511 2661 2570 2719 vi
2586 2707 2601 2730 ,
2632 2670 2680 2718 et
2703 2671 2887 2728 metu,
2914 2665 3086 2736 quam
3107 2661 3278 2720 etiam
3297 2677 3465 2738 super
3494 2665 3676 2717 aetate
3700 2653 3922 2716 Matris

2383 2753 2449 2812 de
2477 2764 2744 2831 tempore,
2776 2771 2885 2830 quo
2916 2763 3122 2812 metum
3151 2753 3385 2812 incussit
3411 2799 3426 2821 ,
3459 2761 3510 2811 et
3536 2768 3703 2829 super
3734 2766 3920 2826 quan-

2386 2849 2545 2907 titate
2574 2848 2841 2907 bonorum
2868 2857 3234 2925 paternorum
3263 2842 3527 2906 Oratoris
3553 2891 3568 2914 ,
3599 2863 3672 2905 ex
3696 2862 3755 2903 co
3781 2843 3925 2919 quia

2387 2942 2571 3001 libello
2615 2943 2756 3002 dicti
2794 2940 3212 3002 Maximiliani
3252 2942 3588 3019 eoeponitur,
3620 2939 3766 3017 quod
3802 2937 3924 3014 ejus

2386 3034 2601 3106 Mater,
2634 3055 2777 3114 quae
2803 3046 3011 3094 metum
3038 3036 3297 3105 incussit,
3329 3044 3449 3095 erat
3477 3034 3674 3105 vidua,
3703 3043 3753 3091 et
3782 3051 3922 3092 usu-

2388 3130 2711 3207 fructuaria
2744 3132 3046 3215 bonorum:
3083 3149 3211 3190 cum
3248 3131 3448 3189 etenim
3477 3138 3650 3188 metus
3693 3127 3769 3188 ad
3794 3124 3923 3207 effe-

2388 3233 2534 3283 ctum
2552 3269 2568 3297 ,
2606 3225 2671 3284 de
2698 3244 2808 3303 quo
2842 3226 3038 3302 aqitur
3061 3271 3077 3294 ,
3114 3223 3303 3285 debeat
3336 3242 3445 3284 esse
3473 3223 3669 3283 cadens
3698 3224 3762 3280 in
3789 3239 3925 3281 con-

2387 3329 2624 3379 stantem
2652 3322 2862 3389 virum,
2891 3319 3026 3378 talis
3053 3319 3118 3377 in
3138 3320 3418 3397 praesenti
3435 3337 3570 3378 casu
3591 3335 3697 3376 esse
3721 3325 3923 3394 posset,

2387 3413 2438 3471 si
2464 3412 2917 3474 Maximilianus
2951 3409 3196 3481 Orator,
3226 3411 3313 3471 vel
3332 3429 3432 3490 per
3460 3410 3684 3487 lonqum
3711 3418 3925 3487 tempus

2386 3509 2596 3567 vivente
2623 3505 2852 3577 Matre,
2882 3507 2968 3566 vel
3008 3508 3178 3566 etiam
3210 3514 3329 3584 post
3357 3505 3519 3563 illius
3543 3504 3754 3563 obitum
3775 3504 3925 3581 suis·

2383 3611 2462 3661 set
2484 3601 2560 3661 ad
2587 3610 2973 3680 paupertatem
3004 3598 3354 3676 rediqendus,
3382 3606 3656 3674 quatenus
3685 3598 3927 3676 imperio

2386 3696 2603 3758 Matris
2629 3696 2694 3753 de
2719 3695 3068 3773 suscipiendo
3098 3691 3527 3752 Subdiaconatu
3544 3710 3666 3750 -non
3692 3691 3923 3770 paruis-

2384 3802 2482 3851 set.
2510 3786 2697 3867 Super
2723 3788 2809 3846 his
2837 3789 3027 3865 itaque
3039 3787 3264 3866 punctis
3289 3784 3637 3863 probationes
3658 3787 3924 3863 recipias,

2384 3893 2437 3943 et
2466 3881 2641 3943 Testes
2669 3928 2684 3950 ,
2716 3882 2818 3958 qui
2868 3880 3061 3941 haberi
3103 3887 3363 3958 poterunt
3391 3921 3408 3949 ,
3433 3877 3689 3953 formiter
3715 3887 3765 3939 et
3793 3897 3927 3938 con..

2381 3978 2539 4056 qruis
2567 3975 2836 4037 adhibitis
2863 3973 3318 4051 interr-oqatoriis
3361 3973 3689 4033 examinari
3724 3991 3881 4032 cures
3902 4019 3921 4042 ,

2384 4091 2451 4133 ac
2498 4070 2926 4150 processiculum
2963 4067 3157 4126 deinde
3197 4065 3502 4141 consectum
3547 4067 3625 4129 ad
3679 4065 3926 4127 Sacram

2389 4164 2882 4242 Conqreqationem
2905 4162 3254 4221 transmittas
3275 4208 3290 4230 ,
3323 4169 3424 4220 etc.

2505 4259 2994 4337 Supervenerunt
3021 4254 3377 4315 documenta
3425 4253 3770 4315 transmissa
3800 4261 3923 4315 tam

2387 4371 2423 4414 a
2445 4351 2678 4413 Nuncio
2704 4350 3039 4412 Galliarum
3059 4393 3074 4418 ,
3108 4366 3289 4427 quam
3319 4347 3398 4409 ab
3429 4347 3681 4409 Officiali
3712 4348 3923 4427 Ipren-

2387 4446 2434 4506 si
2470 4467 2487 4518 ς
2542 4462 2800 4525 cumque
2869 4444 3087 4503 iterum
3160 4441 3612 4503 Maximilianus
3675 4441 3924 4502 Carolus

2387 4538 2679 4619 supplicet
2710 4556 2819 4618 pro
2846 4535 3062 4618 gratia,
3093 4543 3160 4596 ut
3188 4554 3261 4596 ex
3284 4537 3412 4618 ejus
3438 4533 3688 4615 supplici
3716 4533 3926 4595 libello

2388 4652 2494 4714 per
2515 4650 2729 4692 manus
2749 4627 3260 4692 circumferendo:

2505 4725 2832 4800 Quaeritur
2857 4723 3099 4804 itaque:

2504 4819 2599 4879 An
2624 4820 2699 4880 sit
2741 4819 2888 4877 locus
2915 4815 3351 4895 dispensationi,
3389 4830 3555 4893 super
3580 4821 3702 4872 voto
3737 4812 3919 4873 conti·

2265 4930 2270 4935 ·
2388 4915 2610 4975 nentiae
2634 4961 2652 4985 ,
2682 4914 2749 4972 in
2770 4930 2907 4973 casu
2931 4920 3034 4971 etc.

2491 5104 2640 5157 Sacra
2668 5103 2862 5170 Congr.
2892 5101 2979 5156 die
3009 5102 3094 5155 16.
3116 5096 3422 5154 Decembris
3454 5097 3607 5150 171⁹.
3637 5096 3928 5166 respondit:

2570 5189 2847 5259 Negative.
