4393 6299
1702 564 2165 635 QUAES'I'IO
2225 562 2328 615 XV.

414 716 614 781 Missas
638 736 755 799 pro
792 716 1007 800 majori
1041 725 1209 799 parte
1234 717 1602 792 recitaverit,
1627 720 1855 800 absque
1875 737 1947 780 eo

409 811 566 893 quod
608 811 749 873 sciri
784 811 999 890 possit,
1039 831 1119 874 an
1154 831 1287 885 eaS,
1326 830 1512 875 necne
1554 812 1949 893 applicaverit

407 907 470 967 in
491 907 853 987 suffragium
878 905 1131 969 Animae
1149 907 1512 970 Fundatoris
1526 952 1543 980 ,
1565 914 1672 968 aut
1687 907 1950 970 aliorum

407 1001 484 1061 de
522 999 715 1080 ipsius
760 999 1053 1074 Familia,
1105 1000 1192 1063 uti
1233 1001 1419 1064 refert
1456 1001 1953 1083 Arcbiepiscopus

408 1093 797 1156 Florentinus
821 1096 887 1156 in
908 1115 1014 1158 sua
1041 1095 1465 1159 informatione
1487 1097 1834 1159 transmissa
1876 1096 1953 1158 ad

408 1188 566 1253 hanc
592 1190 838 1252 Sacram
866 1191 1421 1273 congregationem.

3367 561 3433 614 15

2543 711 2906 788 QUAESTIO
2946 711 3113 775 xvt.

2135 903 2208 964 In
2238 902 2432 966 Causa
2461 902 2726 965 casalem.
2757 901 2978 963 Montis
3007 900 3283 973 Pietatis,
3307 901 3396 961 dis
3425 902 3522 960 12.

2625 996 2815 1060 Mart.
2849 1001 3022 1058 1718.

2060 1135 2632 1253 Administratores
2667 1186 2890 1248 Montis
2915 1182 3161 1253 Pietatis
3194 1182 3468 1246 Civitatis
3494 1183 3606 1246 Ca-

526 1283 813 1346 Rebusin
841 1284 953 1346 boc
981 1294 1137 1347 statu
1166 1287 1581 1362 manentibus,
1604 1287 1818 1351 collata
1840 1287 1956 1352 fuit
2058 1284 2306 1348 salensis
2363 1302 2522 1345 anno
2582 1286 2755 1343 1699..
2809 1278 3226 1360 supplicarunt
3264 1297 3376 1359 pro
3418 1277 3607 1340 facul-

405 1376 796 1457 Cappellania
843 1378 1169 1441 Laurentio
1214 1381 1288 1441 de
1335 1379 1626 1442 Franchis
1646 1425 1664 1455 ,
1694 1382 1800 1461 qui
1830 1380 1955 1443 ani·
2062 1389 2183 1445 tate
2217 1378 2547 1460 accipiendi
2580 1377 2862 1457 pecunias
2887 1375 2961 1440 ad
2995 1374 3289 1437 rationem
3313 1376 3608 1436 interusu·

409 1472 821 1546 madvertens,
851 1473 1080 1534 reditus
1113 1472 1454 1554 Apothecae
1481 1475 1809 1558 assignatos
1853 1477 1956 1540 de-

404 1565 693 1639 crevisse,
745 1586 993 1629 manum
1038 1567 1309 1631 admovit
1356 1568 1432 1630 ad
1488 1570 1955 1651 perquirendam

407 1659 835 1740 Cappellaniae
861 1662 1305 1734 fundationem,
1329 1664 1743 1745 supplicesque
1759 1684 1961 1746 preces

402 1754 623 1818 Sacrae
644 1754 1104 1839 Congregationi
1130 1758 1410 1821 exhibuit
1429 1779 1538 1839 pro
1560 1759 1961 1823 declaratione

403 1868 551 1910 suae
572 1851 975 1931 exemptionis
1001 1853 1081 1915 ab
1112 1853 1401 1915 oneribus
1426 1874 1459 1917 a
1483 1854 1726 1917 Vicario
1765 1856 1958 1918 Gene-

405 1942 519 2007 rali
545 1942 837 2025 injunctis
856 1965 1021 2008 anno
1056 1952 1230 2008 1597.
1266 1948 1354 2009 uti
1383 1967 1562 2029 supra
1594 1949 1708 2011 fuit
1731 1950 1961 2031 exposi-

407 2048 854 2120 tumtcumque
883 2041 1063 2103 Sacra
1106 2041 1502 2125 Congregatio
1526 2043 1624 2106 'die
1658 2048 1753 2106 13.
1796 2046 1956 2108 Mar·

408 2132 474 2194 tii
517 2137 691 2194 ¹717.
742 2136 1030 2216 jusserit,
1068 2137 1231 2216 quod
1282 2137 1472 2199 Causa
1523 2148 1845 2220 poneretur
1893 2139 1956 2202 in

403 2223 585 2299 folio,
614 2225 690 2289 de
715 2229 846 2310 ejus
877 2227 1109 2293 meritis
1144 2229 1281 2304 bic,
1303 2242 1364 2294 et
1404 2251 1566 2295 nunc
1606 2251 1713 2314 per
1753 2251 1959 2296 conse-

400 2336 597 2399 quens
631 2321 933 2402 agendum
959 2329 1070 2384 est.

518 2412 640 2475 Pro
670 2414 1037 2495 Cappellano
1062 2414 1250 2492 facit,
1290 2418 1454 2499 quod
1500 2417 1563 2480 in
1601 2417 1956 2483 fundatione

400 2524 525 2570 non
572 2507 692 2570 fuit
717 2508 913 2571 ullum
950 2529 1105 2573 onus
1131 2511 1482 2593 impositum
1506 2558 1524 2586 ,
1565 2521 1626 2576 et
1652 2513 1816 2594 quod
1844 2513 1954 2575 Vi·

399 2601 605 2663 carius
641 2601 954 2666 Generalis
995 2623 1116 2667 non
1165 2615 1396 2688 poterat
1435 2625 1621 2670 onera
1666 2608 1953 2688 superad-

400 2694 547 2757 dere
585 2696 649 2757 in
690 2696 1044 2761 fundatione
1082 2720 1206 2761 non
1242 2701 1546 2782 apposita,
1586 2701 1678 2765 uti
1713 2722 1953 2784 respon-

401 2788 493 2850 dit
528 2788 679 2851 haec
707 2791 889 2854 Sacra
932 2792 1330 2876 congregatio
1366 2814 1528 2859 anno
1570 2802 1743 2859 1589.
1786 2798 1954 2879 Epis·

400 2901 551 2964 copo
578 2885 950 2949 Ariminensi
985 2887 1097 2949 lib.
1130 2895 1191 2949 ’1.
1235 2890 1642 2969 Epistularum
1678 2911 1812 2975 pag.
1850 2899 1947 2955 38.

398 2976 553 3039 etin
583 2980 840 3042 Sarnen.
887 2987 946 3043 3.
987 2981 1137 3043 Julii
1187 2987 1362 3046 1690.
1396 2986 1502 3050 lib.
1544 2991 1640 3048 40.
1675 2989 1954 3050 Decretu-

399 3090 537 3133 rum
573 3093 709 3157 pag.
758 3079 896 3137 340.
940 3086 1001 3138 et
1036 3076 1100 3138 in
1141 3080 1347 3140 Asten.
1387 3080 1813 3163 Cappellaniae
1854 3087 1947 3145 ¹4.

400 3167 723 3233 Februarii
758 3177 932 3234 1699.
969 3172 1076 3234 fol.
1116 3180 1215 3235 57.
1255 3175 1367 3237 lib.
1402 3181 1501 3237 49.
1538 3179 1952 3253 Decretorum3

400 3263 635 3345 absque
665 3285 740 3327 eo
783 3266 945 3347 quod
985 3267 1226 3330 obstare
1265 3270 1449 3349 possit
1489 3281 1594 3333 aut
1630 3271 1955 3351 acceptatio

399 3357 671 3419 Rectoris
699 3366 843 3421 tunc
879 3360 1185 3441 temporis,
1222 3371 1327 3424 aut
1359 3362 1583 3426 factum
1620 3363 1787 3426 illius
1815 3364 1953 3427 Suc-

399 3470 704 3514 cessorum
728 3498 761 3523 ,.
791 3461 922 3515 tum
968 3454 1114 3535 quia
1159 3454 1581 3520 successorum
1625 3461 1953 3521 observan-

406 3545 490 3608 tia
528 3557 619 3607 est
664 3548 999 3623 difformis,
1046 3558 1170 3612 tum
1220 3553 1366 3632 quia
1408 3562 1577 3615 actus
1616 3573 1654 3617 a
1697 3554 1954 3617 Praede-

404 3640 744 3703 censoribus
777 3642 965 3723 gesti,
1001 3650 1144 3706 tunc
1175 3644 1630 3709 Successoribus
1657 3649 1955 3730 praejudi-

402 3750 542 3794 care
573 3743 860 3814 possunt,
891 3738 1137 3816 quando
1167 3757 1482 3801 versamur
1509 3741 1573 3802 in
1603 3742 1952 3804 Praedeces·

404 3826 670 3901 soribus,
702 3828 810 3907 qui
853 3828 1078 3891 babent
1106 3832 1208 3912 jus
1242 3832 1554 3914 obligandi
1590 3853 1675 3907 se,
1715 3842 1775 3896 et
1815 3854 1953 3896 suos

396 3919 772 3983 successores
799 3965 817 3994 ,
859 3923 1025 4001 quod
1061 3942 1182 3983 non
1223 3925 1462 3987 videtur
1493 3927 1557 3987 in
1597 3947 1738 3989 casu
1783 3947 1951 4009 prae-

396 4017 554 4077 senti
597 4016 922 4078 verificari.

521 4109 691 4171 Facit
722 4130 756 4170 e
780 4118 990 4172 contra
1025 4111 1314 4174 adversus
1350 4113 1785 4194 Cappellanum
1814 4133 1948 4177 sen-

406 4205 594 4266 tentia
628 4203 746 4269 lata
787 4223 823 4267 a
869 4204 1114 4267 Vicario
1147 4207 1428 4270 Generali
1470 4209 1856 4283 Florentino,
1892 4217 1952 4271 et

390 4298 558 4377 quod
586 4317 664 4359 ex
701 4298 934 4360 actibus
963 4319 1069 4380 per
1097 4300 1345 4383 longum
1382 4303 1666 4384 temporis
1691 4304 1953 4384 spatium

400 4392 794 4465 continuatis,
819 4392 956 4454 licet
973 4414 1008 4457 a
1032 4395 1327 4476 principio
1342 4395 1572 4459 fuerint
1591 4399 1946 4473 voluntarii,

399 4484 580 4546 datur
608 4485 795 4559 actio,
825 4498 884 4549 et
923 4489 1149 4550 coactio
1177 4489 1242 4549 in
1271 4489 1544 4551 futurum
1582 4491 1788 4554 favore
1817 4491 1951 4573 piae

397 4597 617 4641 causae
642 4581 719 4641 ad
750 4582 1037 4644 terminos
1072 4582 1124 4643 T
1118 4593 1282 4644 extus
1309 4586 1374 4645 in
1402 4604 1526 4666 cap.
1556 4588 1634 4648 ad
1661 4586 1947 4666 Apostoli-

397 4694 546 4746 eom,
573 4676 638 4736 «10
658 4679 922 4738 simonia.

519 4768 634 4828 His
691 4768 895 4850 itaque
940 4789 1050 4852 pro
1098 4779 1362 4855 utraque
1418 4781 1589 4853 parte
1633 4771 1903 4836 deductis
1926 4819 1943 4848 ‚

401 4862 719 4942 quaeritur

520 4957 615 5016 An
659 4958 860 5019 [ἔσειον
902 4958 1310 5041 Cappellaniao
1354 4969 1613 5024 tenemur
1641 4962 1950 5044 adimplere

396 5066 602 5122 onera,
636 5051 701 5112 de
737 5053 940 5130 quibus
974 5056 1172 5132 agitur
1207 5058 1272 5114 in
1311 5076 1447 5117 casu
1485 5066 1587 5117 otc.

505 5243 646 5293 Sacc.
684 5244 884 5310 (ἴαυεν.
924 5244 1202 5313 respondit
1219 5283 1235 5309 ,

576 5331 840 5398 Negotium

2064 1475 2138 1536 rii
2172 1474 2360 1536 trium
2390 1493 2499 1553 pro
2521 1471 2898 1543 centenario,
2927 1479 2986 1532 et
3021 1469 3299 1553 exigendi
3326 1490 3360 1532 a
3390 1470 3610 1550 Pigno-

2063 1570 2341 1632 rantibns
2368 1569 2442 1630 ad
2475 1567 2769 1630 rationem
2797 1567 3070 1647 quinque
3092 1584 3201 1646 pro
3231 1565 3606 1639 centenario,

2062 1670 2124 1724 et
2178 1662 2276 1724 die
2330 1667 2424 1723 19.
2487 1661 2714 1742 Aprilis
2762 1660 2941 1722 Sacra
2983 1658 3130 1722 baec
3174 1657 3603 1739 Congregatio,

2064 1757 2311 1839 praevia
2340 1756 2617 1837 Episcopi
2644 1755 2957 1826 relatione,
2983 1754 3229 1834 petitam
3265 1752 3608 1816 facultatem

2063 1852 2350 1915 concessit
2375 1870 2482 1933 pro
2503 1851 2684 1913 scutis
2708 1854 2883 1911 3000.
2914 1849 3241 1911 dummodo
3267 1868 3379 1930 pro
3399 1849 3607 1910 eadem

2065 1947 2383 2010 dumtaxat
2400 1966 2635 2008 summa
2663 1945 2822 2027 exigi
2854 1953 3047 2024 posset
3070 1943 3504 2015 interusurium
3534 1944 3609 2005 ad

2066 2042 2364 2104 rationem
2404 2040 2712 2122 quinque,
2748 2047 2809 2102 et
2849 2039 3176 2101 dummodo
3220 2037 3382 2103 intra
3425 2037 3613 2102 trien-

2065 2135 2259 2207 nium,
2289 2155 2362 2197 ex
2397 2143 2541 2196 tunc
2568 2133 3010 2197 decurrendum
3037 2132 3211 2195 fieret
3233 2132 3428 2196 dictae
3456 2151 3616 2194 sum·

2065 2248 2201 2291 mae
2226 2227 2546 2291 restitutio.

2181 2324 2523 2403 Pauperum
2549 2320 2948 2403 indigentiae,
2978 2338 3136 2401 quae
3157 2317 3407 2383 fuerunt
3434 2337 3613 2383 causa

2061 2434 2339 2478 recursus
2371 2414 2564 2477 babiti
2604 2415 2684 2477 ab
2732 2413 3341 2476 Administratoribus
3388 2414 3612 2475 Montis

2061 2509 2338 2583 Pietatis,
2367 2517 2796 2580 excreverunt,
2835 2509 3169 2590 iisdemque
3207 2507 3609 2571 Administra-

2062 2604 2299 2666 toribus
2336 2601 2814 2683 supplicantibus
2852 2620 2961 2682 pro
2994 2621 3153 2664 nova
3191 2600 3476 2664 facultate
3510 2621 3611 2664 ac-

2064 2697 2325 2779 cipiendi
2350 2695 2565 2777 duplas
2577 2702 2752 2758 6000.
2777 2697 2851 2759 ad
2876 2696 3168 2761 rationem
3189 2696 3470 2766 trium,et
3488 2694 3612 2757 exi-

2064 2793 2244 2875 gendi
2286 2792 2361 2854 ad
2398 2791 2692 2854 rationem
2724 2792 3031 2871 quinque,
3086 2791 3235 2853 haec
3266 2790 3474 2853 eadem
3501 2789 3612 2851 Sa-

2059 2905 2161 2952 cra
2191 2887 2611 2970 Congrrgatio,
2633 2893 2861 2948 attenta
2889 2886 3179 2948 relatione
3202 2885 3479 2966 Episcopi
3506 2885 3612 2948 Ca·

2060 2982 2332 3052 salensis,
2362 2991 2424 3044 et
2443 2981 2602 3043 veris
2624 2980 3021 3044 existentibus
3048 2981 3335 3053 narratis,
3360 2989 3421 3043 et
3444 2998 3613 3060 prae-

2061 3078 2294 3152 sertim;
2325 3078 2487 3159 quod
2533 3076 2685 3138 facta
2723 3075 2933 3138 fuisset
2961 3075 3262 3137 restitutio
3304 3084 3608 3136 scutorum

2062 3180 2240 3236 3000.
2285 3173 2588 3235 licentiam
2629 3172 2935 3250 impartita
2973 3180 3061 3233 est
3092 3171 3417 3253 recipiendi
3441 3190 3610 3232 sum·

2060 3286 2222 3329 mam
2276 3275 2583 3329 scutorum
2615 3270 2790 3328 3000.
2842 3264 2954 3326 sub
2998 3283 3205 3327 annuo
3240 3264 3610 3326 interusurio

2061 3362 2247 3423 trium
2282 3379 2392 3440 pro
2421 3358 2801 3432 centenario,
2831 3378 2941 3420 nec
2972 3377 3090 3419 non
3127 3356 3405 3438 exigendi
3435 3375 3472 3418 a
3506 3356 3609 3418 Pi-

2061 3456 2461 3538 gnorantibus
2491 3473 2599 3535 pro
2632 3453 2838 3515 eadem
2867 3454 3183 3515 dumtaxat
3212 3470 3448 3513 summa
3474 3470 3610 3513 scu-

2061 3558 2261 3612 torum
2288 3556 2463 3612 3000.
2486 3549 2561 3611 ad
2586 3547 2880 3611 rationem
2902 3547 3175 3629 quinque
3199 3565 3307 3627 pro
3326 3554 3607 3609 centena·

2059 3644 2153 3706 rio
2184 3690 2204 3719 ,
2230 3653 2637 3724 renovataque
2663 3641 2930 3705 clausula
2957 3685 2975 3715 ,
3009 3641 3173 3722 quod
3199 3660 3433 3703 summa
3457 3641 3608 3703 reci·

2060 3737 2280 3819 pienda
2303 3738 2460 3798 intra
2491 3736 2820 3818 trienninm
2841 3754 2877 3797 a
2900 3735 2999 3796 die
3023 3735 3380 3815 receptionis
3400 3735 3609 3796 decur-

2060 3830 2318 3893 rendum
2343 3829 2776 3900 restitueretur,
2803 3827 2891 3888 uti
2920 3827 3225 3907 colligitur
3251 3847 3325 3888 ex
3357 3829 3606 3889 Decreto

2056 3925 2217 3988 edito
2247 3925 2343 3986 die
2372 3930 2470 3985 28.
2503 3923 2776 3988 Januarii
2810 3926 2985 3984 1708.
3016 3932 3077 3983 et
3109 3922 3288 4002 paulo
3324 3929 3481 4001 post,
3507 3920 3606 3986 die

2058 4017 2567 4082 videlicet7.Julii
2596 4020 2769 4077 1708.
2800 4014 3092 4095 ampliata
3121 4014 3236 4076 fuit
3259 4015 3338 4076 ab
3368 4014 3480 4076 hac
3503 4012 3607 4076 Sa·
3668 4011 3681 4025 '

2056 4133 2157 4176 cra
2189 4113 2660 4196 congregatione
2680 4109 2964 4184 facultas,
2990 4128 3182 4190 usque
3204 4107 3279 4171 ad
3306 4127 3606 4171 summam

2054 4213 2360 4269 scutorum
2390 4211 2565 4268 6000.
2607 4204 2691 4266 ita
2720 4212 2944 4274 tamen,
2974 4213 3038 4265 ut
3066 4203 3215 4264 baec
3242 4221 3477 4264 summa
3504 4202 3601 4264 in·

2057 4310 2148 4364 tra
2176 4301 2554 4374 sexennium,
2583 4318 2618 4361 a
2646 4299 2745 4361 die
2772 4297 3128 4379 receptionis
3155 4297 3602 4360 decurrendum

2056 4396 2493 4459 restitueretur.
2968 4433 3012 4481 0

2174 4491 2510 4553 Facultates
2524 4490 2602 4550 ab
2625 4488 2740 4550 hac
2761 4488 2942 4579 Saqra
2962 4485 3437 4567 congregatione
3466 4504 3606 4548 con-

2055 4605 2251 4649 cessae
2282 4582 2887 4647 Administratoribus
2934 4581 3156 4644 Montis
3194 4580 3440 4642 Pietatis
3479 4598 3603 4641 non

2053 4680 2302 4742 fuerunt
2331 4678 2718 4751 sufficientes,
2758 4683 2827 4737 ut
2851 4675 3085 4738 occurri
3122 4683 3317 4755 posset
3350 4674 3602 4735 necessi·

2055 4774 2279 4837 tatibus
2320 4775 2693 4859 Pauperum,
2732 4770 2838 4851 qui
2877 4776 3137 4852 egestate
3167 4768 3352 4849 pressi
3388 4766 3600 4829 confu-

2051 4888 2191 4951 gere
2232 4868 2622 4948 incoeperunt
2642 4868 2720 4928 ad
2743 4864 3051 4926 Hebraeos
3076 4909 3094 4938 ,
3134 4882 3170 4925 a
3202 4861 3427 4943 quibus
3474 4880 3603 4922 mu·

2051 4972 2185 5025 tuas
2205 4969 2555 5042 acceperunt
2580 4959 2861 5041 pecunias
2880 4959 2956 5020 ad
2977 4957 3271 5019 rationem
3290 4957 3516 5028 decem,
3538 4962 3601 5017 et

2050 5063 2182 5117 octo
2205 5075 2314 5136 pro
2340 5054 2613 5135 quolibet
2637 5051 3004 5124 centenario,
3027 5060 3086 5112 et
3115 5068 3309 5124 anno;
3333 5049 3407 5112 ad
3434 5047 3600 5130 quod

2054 5148 2485 5211 inconveniens
2517 5148 2591 5209 de
2624 5146 2821 5208 medio
2863 5144 3228 5216 tollendum,
3258 5163 3395 5205 cum
3420 5161 3598 5223 saepe

2053 5242 2369 5306 memorati
2431 5241 2959 5305 Administratores
3017 5239 3315 5320 supplices
3374 5237 3597 5299 iterum

2055 5355 2259 5417 preces
2285 5334 2676 5398 exhibuerint
2716 5352 2827 5416 pro
2862 5332 3099 5394 licentia
3123 5330 3451 5413 accipiendi
3479 5329 3597 5390 du·

2055 5430 2186 5510 plas
2207 5429 2409 5492 decem
2436 5428 2603 5498 mille
2623 5428 2699 5490 ad
2732 5427 3024 5489 rationem
3055 5425 3236 5486 trium
3265 5444 3375 5505 pro
3400 5432 3594 5494 cente-

2055 5524 2230 5587 nario
2256 5572 2273 5596 ,
2305 5531 2369 5587 et
2395 5522 2669 5606 quinque
2697 5519 2975 5603 exigendi
3006 5538 3044 5582 a
3076 5517 3542 5601 Pignorantibus
3572 5562 3590 5591 ,
