4393 6299
1629 511 1691 580 *Q
1717 514 1758 566 υ
1784 514 1842 563 11
1870 515 1904 567 s
1933 512 1979 564 'r
2009 510 2105 563 ιο
2178 504 2425 564 ccxxu
3356 523 3453 589 301

437 687 573 729 nem
595 715 613 743 ,
639 677 697 731 et
727 667 787 727 in
821 667 1033 731 ordine
1059 667 1133 727 ad
1165 669 1317 731 hanc
1347 669 1585 731 Missam
1611 713 1627 739 ‚
1657 685 1815 747 quae
1849 667 1975 727 die-

439 765 555 827 bus
589 765 905 829 ferialibus
931 765 1107 827 modo
1135 769 1435 849 praedicto
1461 769 1819 845 celebratur,
1845 781 1977 835 orta

433 867 523 921 est
553 861 957 923 controversia
977 909 993 933 ‚
1043 881 1119 923 an
1159 863 1365 925 eadem
1407 873 1557 925 esset
1599 887 1707 945 pro
1749 867 1979 947 Populo

435 953 795 1033 applicanda
821 977 837 1029 ;
869 975 1129 1035 cumque
1159 957 1231 1017 de
1259 957 1374 1019 hac
1405 979 1471 1021 re
1507 967 1703 1021 actum
1733 968 1885 1021 esset
1913 961 1977 1021 in

431 1047 775 1113 visitatione
819 1049 973 1113 facta
1005 1053 1085 1113 ab
1127 1049 1421 1133 Episcopo
1447 1075 1596 1113 anno
1627 1059 1797 1115 1707.
1831 1055 1973 1135 Epi-

431 1159 643 1223 scopus
669 1145 901 1207 censuit
929 1165 1003 1207 ex
1031 1147 1369 1207 rationibus
1395 1167 1596 1209 coram
1621 1169 1683 1211 se
1711 1149 1979 1211 deductis

431 1255 553 1297 non
585 1239 791 1301 adesse
817 1239 1037 1303 dictam
1067 1239 1517 1323 obligationem,
1547 1243 1863 1325 delataque
1883 1265 1979 1305 su-

427 1327 613 1391 binde
635 1333 1051 1395 controversia
1079 1335 1155 1397 ad
1177 1335 1419 1397 Sacram
1443 1335 1977 1419 congregationem

431 1423 863 1505 Episcoporum
887 1475 903 1498 ‚
935 1435 993 1489 et
1019 1429 1441 1511 Regularium,
1479 1431 1593 1493 fuit
1621 1433 1750 1513 ejus
1779 1433 1975 1514 cogni-

429 1517 517 1581 tio
545 1539 581 1581 a
607 1521 765 1583 dicta
787 1521 1261 1605 Congregatione
1307 1525 1553 1587 remissa
1581 1527 1655 1589 ad
1682 1527 1839 1589 hauc
1867 1529 1974 1591 Sa-

429 1633 591 1677 cram
623 1615 1181 1699 Congregnfinnem,
1211 1619 1274 1681 in
1307 1623 1479 1701 cujus
1509 1621 1875 1683 remissionis
1893 1641 1977 1683 se-
2025 1667 2027 1672 ⁷

431 1707 671 1789 quolam
691 1709 1049 1793 disputanda
1075 1725 1501 1793 proponuntur
1529 1715 1713 1779 dubia
1741 1717 1817 1781 ad
1851 1717 1975 1779 cal-

427 1821 555 1865 cem
591 1803 839 1885 huiusce
865 1807 1173 1869 restrictus
1203 1809 1549 1871 referenda.

545 1895 773 1961 Multae
801 1897 879 1961 ab
915 1897 1029 1961 hac
1077 1899 1139 1961 S.
1201 1899 1673 1984 Congregatione
1721 1911 1977 1967 statutae

435 1997 577 2051 sunt
607 1991 849 2071 regulae
871 1993 1067 2073 quoad
1111 1995 1573 2076 applicationem
1609 1997 1929 2059 Missamm
1957 2047 1975 2073 ,

425 2093 485 2147 et
505 2085 569 2145 in
599 2105 669 2147 eo
691 2087 935 2167 quidem
959 2091 1117 2171 quod
1141 2091 1355 2153 attinet
1387 2093 1461 2153 ad
1483 2093 1781 2155 Parochos
1803 2139 1821 2167 ,
1849 2093 1977 2175 plu-

425 2179 547 2241 ries
576 2181 905 2243 resolutum
939 2183 1054 2245 fuit
1081 2185 1317 2247 eosdem
1351 2187 1543 2248 teneri
1591 2189 1835 2251 Missam
1869 2208 1977 2267 pro
2035 2246 2036 2255 ,

425 2271 659 2353 Populo
685 2273 993 2355 applicare
1039 2277 1299 2359 singulis
1341 2279 1561 2341 diebus
1601 2281 1767 2343 festis
1793 2327 1809 2355 ,
1843 2281 1977 2343 licet

425 2383 751 2445 congruam
777 2387 897 2429 non
923 2369 1207 2445 habeant,
1235 2381 1297 2435 et
1319 2373 1711 2437 resolutiones
1729 2375 1977 2439 fuerunt

427 2459 817 2523 confirmatae
857 2481 893 2523 a
921 2481 1049 2523 san.
1101 2485 1278 2527 mem.
1327 2467 1679 2529 Innocentio
1731 2471 1873 2533 XII.
1912 2471 1975 2531 in

423 2551 549 2615 suis
591 2553 807 2615 litteris
855 2559 1193 2637 apostolicis
1231 2559 1293 2619 in
1337 2559 1531 2623 forma
1559 2563 1769 2623 Brevis
1797 2583 1975 2643 expe-

425 2646 567 2709 ditis
607 2647 695 2709 die
733 2653 833 2711 24.
873 2651 1095 2731 Aprilis
1128 2659 1303 2713 1699.
1355 2663 1413 2717 et
1463 2655 1769 2737 impressis
1817 2659 1977 2739 apud

429 2737 699 2803 Clm‘cat.
733 2743 975 2805 discor-d.
1009 2749 1109 2807 29.
1143 2747 1209 2807 de
1233 2747 1429 2827 Renes.
1457 2751 1562 2809 sub
1597 2771 1657 2811 π.
1703 2755 1803 2813 43.

545 2833 761 2907 Quoad
806 2837 1051 2901 Missam
1097 2841 1607 2917 conventualem,
1657 2845 1863 2907 eadem
1913 2845 1975 2907 in

423 2925 915 3005 cathedralibus,
948 2939 1007 2993 et
1031 2933 1375 3015 Collegiatis
1405 2936 1685 2999 Ecclesiis
1723 2939 1977 3021 singulis

425 3021 637 3083 diebus
663 3031 751 3085 est
791 3025 1149 3107 applicanda
1175 3049 1283 3109 pro
1315 3031 1805 3095 Benefactoribus
1833 3081 1849 3107 ,
1899 3035 1975 3095 ad

427 3116 715 3178 terminos
737 3117 945 3182 Textus
965 3124 1029 3180 in
1045 3144 1169 3202 cop.
1201 3124 1485 3188 Creator-a
1507 3128 1571 3188 de
1589 3132 1783 3188 celebr.
1803 3130 1971 3192 Miss.

427 3210 581 3272 etad
609 3214 893 3276 terminos
927 3216 1307 3280 resolutionis
1327 3222 1391 3280 in
1421 3220 1773 3282 camerinen.
1801 3224 1971 3284 Miss.

429 3302 835 3370 conventualis
867 3314 923 3370 6.
959 3310 1135 3372 lunii
1164 3316 1339 3374 1705.
1383 3326 1437 3374 et
1467 3321 1525 3376 5.
1575 3316 1749 3376 Junii
1799 3322 1969 3378 1706.

427 3398 767 3478 quinimmo
787 3402 835 3462 si
855 3420 1001 3464 cura
1033 3404 1391 3468 Animarum
1417 3408 1493 3468 sit
1515 3428 1694 3488 penes
1715 3410 1975 3470 Canoni-

425 3510 525 3552 cos
543 3538 561 3566 ,
587 3492 769 3556 iidem
801 3502 1083 3558 tenentur
1103 3498 1319 3560 diebus
1347 3500 1509 3562 festis
1535 3502 1839 3582 applicare
1865 3524 1975 3584 pro

427 3584 695 3666 Populo,
749 3596 807 3650 et
857 3590 1113 3652 ulterius
1157 3594 1497 3656 satisfacere
1545 3598 1711 3656 oneri
1759 3596 1975 3660 Missae

423 3678 851 3744 Conventuatis
883 3704 991 3764 pro
1019 3688 1511 3750 Benefactoribus
1537 3690 1931 3770 applicandae
1955 3740 1971 3764 ‚

419 3772 593 3854 juxta
615 3776 1239 3860 Resolutionrseditas
1263 3782 1323 3842 in
1359 3782 1661 3844 Viterbien.
1687 3788 1784 3844 31.
1809 3786 1975 3844 Mar-

425 3868 499 3926 tii
537 3872 709 3930 1708.
759 3880 819 3932 et
861 3870 924 3930 in
970 3866 1399 3952 Balneoreqien.
1451 3882 1545 3936 19.
1591 3876 1743 3956 Any.
1793 3882 1969 3938 1713.

423 3962 525 4024 sed
547 3963 661 4026 hoc
685 3984 839 4026 onus
861 3966 1077 4028 Missae
1101 3968 1531 4032 conventualis
1557 3970 1713 4032 solas
1733 3970 1973 4050 respicit
2021 3960 2022 3979 ³

425 4054 719 4118 Ecclesiae
744 4056 1131 4122 cathedrales
1157 4107 1173 4134 ,
1207 4068 1267 4122 et
1299 4060 1691 4146 Collegiatas,
1725 4064 1877 4126 itaut
1923 4066 1971 4126 si

423 4148 631 4230 aliqua
655 4152 917 4214 Ecclesia
945 4154 1155 4232 probet
1173 4174 1237 4216 se
1261 4174 1381 4216 non
1401 4176 1529 4218 esse
1557 4156 1971 4238 Collegiatam,

421 4242 506 4306 ab
547 4242 665 4306 hoc
705 4264 889 4308 onere
933 4246 1169 4310 dicatur
1203 4260 1513 4332 exempta,
1552 4252 1731 4332 juxta
1767 4270 1971 4314 casum
2031 4238 2032 4248 ¹

421 4336 793 4418 disputatum
819 4384 839 4414 ,
885 4348 947 4402 et
997 4342 1331 4406 resolutum,
1375 4348 1439 4406 in
1494 4346 1717 4406 Montis
1759 4346 1975 4408 Falisci
2031 4430 2032 4436 ἵ

421 4430 641 4494 Missae
669 4430 1070 4496 conventualis
1103 4440 1199 4498 12.
1229 4436 1533 4500 Februarii
1563 4444 1735 4502 1718.

543 4526 775 4590 Rursus
817 4528 1065 4608 quando
1095 4530 1425 4612 disputatio
1453 4542 1661 4596 exorta
1695 4542 1783 4596 est
1811 4534 1969 4598 cirea
2031 4514 2032 4521 ¹

421 4617 633 4682 Missas
657 4620 1097 4686 Conventualea
1115 4622 1177 4684 in
1207 4626 1597 4704 praeteritum
1623 4646 1741 4686 non
1772 4626 1969 4708 appli-
2029 4696 2030 4699 Ἴ

421 4718 615 4788 eatan,
641 4716 891 4794 quando
915 4716 1123 4778 aderat
1151 4718 1443 4800 obligatio
1465 4720 1829 4800 applicandi,
1861 4720 1969 4783 Sa-

423 4822 527 4870 cra
557 4804 707 4870 haec
747 4807 1145 4892 Congregatio
1171 4812 1481 4872 consuevit
1509 4812 1781 4875 relaxare
1809 4814 1969 4896 rigo-

423 4917 587 4974 remJ.
613 4906 675 4966 et
703 4902 997 4986 Episcopo
1019 4904 1387 4968 demandare
1409 4952 1427 4980 ,
1459 4914 1669 4970 utnon
1693 4908 1769 4970 ad
1815 4908 1969 4970 inte·-

423 5004 595 5076 gram
619 5014 969 5058 mensuram,
995 4998 1319 5060 missarum
1341 5046 1359 5074 ‚
1389 5019 1547 5082 quae
1575 5008 1749 5064 erant
1773 5002 1969 5086 appli-

423 5088 681 5162 candae,
713 5096 775 5152 et
801 5090 1137 5172 applicatae
1165 5112 1287 5154 non
1323 5102 1465 5156 mut
1487 5140 1505 5168 ‚
1535 5096 1841 5158 celebrare
1879 5096 1969 5158 fa-

423 5177 575 5254 ciat,
605 5190 667 5244 et
691 5182 1027 5264 applicare,
1059 5184 1159 5246 sed
1199 5204 1337 5248 cum
1363 5186 1571 5268 aliqua
1599 5188 1971 5270 aequitativa

423 5276 825 5338 diminutione
849 5324 867 5352 ‚
901 5278 987 5340 uti
1019 5278 1349 5342 resolutum
1377 5280 1497 5342 fuit
1535 5280 1597 5342 in
1637 5280 1829 5344 Conse
1859 5280 1970 5344 Co-

423 5381 571 5432 men.
621 5368 837 5434 Missae
889 5372 1291 5434 oona-emunt&
1319 5420 1337 5448 ,
1377 5384 1429 5436 et
1469 5372 1831 5438 Poroehiolis
1871 5380 1965 5438 11.

423 5461 585 5546 ΜσῘι·
605 5465 781 5526 1720.
807 5466 873 5526 in
901 5470 1255 5548 responsione
1279 5468 1355 5530 od
1379 5468 1683 5530 secundnm
1699 5512 1717 5530 .

2204 662 2340 739 Quo
2368 664 2443 727 ad
2490 664 2726 745 reliqua
2770 669 2986 733 deinde
3026 673 3212 735 dubia
3260 675 3634 755 respicientia

2035 798 2036 801 κ
2084 755 2404 819 Missarum
2434 759 2918 841 applicationem,
2950 765 3066 826 nisi
3090 767 3266 829 aliter
3288 789 3362 829 ex
3384 769 3634 829 circum-

2082 853 2320 913 stantiis
2352 853 2728 927 desumatur,
2774 859 2974 919 statim
3020 879 3091 921 ac
3118 859 3342 941 aliquis
3386 863 3632 925 deman-

2086 945 2254 1007 davit
2278 947 2488 1009 Missas
2516 949 2808 1011 celebrari
2836 997 2852 1023 ‚
2886 951 3248 1035 intelligitur
3271 1001 3286 1027 ,
3332 957 3494 1035 quod
3530 977 3634 1017 vo-

2033 1040 2034 1043 ’
2084 1037 2266 1100 luerit
2296 1059 2396 1101 eas
2422 1041 2600 1101 etiam
2634 1063 2740 1121 pro
2770 1044 2986 1107 Anima
3012 1066 3118 1107 sua
3148 1047 3438 1127 applicari
3458 1051 3634 1129 juxta

2082 1133 2420 1213 antiquam,
2452 1145 2506 1195 et
2534 1155 2766 1217 semper
2792 1149 3080 1201 retentam
3112 1141 3535 1205 resolutionem
3568 1145 3630 1205 in

2040 1225 2046 1233 '
2088 1227 2138 1285 T
2138 1231 2284 1289 iri-en.
2310 1229 2726 1309 Appii-cationis
2748 1231 3038 1315 sacrificii
3064 1241 3156 1297 18.
3180 1237 3430 1315 Auyusti
3452 1245 3626 1301 1668.

2080 1323 2180 1381 tib.
2220 1327 2318 1383 26.
2364 1323 2580 1383 Decret.
2616 1327 2718 1403 fol.
2766 1331 2862 1387 61.
2916 1327 3002 1389 ibi
3038 1365 3124 1375 —-
3160 1351 3232 1389 em
3276 1333 3632 1411 dispositione

2026 1434 2027 1437 ¹
2086 1419 2506 1477 testamentoria
2530 1421 2852 1497 antiquitus
2872 1421 3026 1499 facta
3050 1443 3086 1483 a
3108 1421 3216 1483 Pio
3242 1423 3294 1483 T
3288 1435 3522 1485 astatore
3548 1447 3632 1487 re-

2082 1511 2304 1587 peritur
2332 1511 2576 1587 fundata
2610 1515 2886 1591 quaedam
2918 1515 3294 1595 Coppellnnia
3320 1539 3446 1579 cum
3474 1541 3634 1581 onere

2086 1599 2436 1683 cappellano
2454 1625 2558 1685 pro
2584 1615 2820 1687 tempore
2850 1607 3096 1671 Sacrum
3118 1613 3366 1691 faciendi
3392 1615 3634 1691 singulis

2084 1693 2426 1771 Dominicis,
2456 1701 2698 1779 aliisque
2742 1703 2950 1777 festivis
2980 1705 3192 1777 diebus,
3221 1709 3388 1767 nulla
3416 1709 3632 1785 adjecta

2084 1789 2460 1853 declaratione
2504 1795 2580 1853 ad
2632 1795 2794 1871 cujus
2838 1795 3176 1875 suffragium
3226 1803 3631 1879 applicanda-m

2086 1895 2218 1943 esset
2244 1883 2628 1967 Sacrificium.
2664 1887 2790 1947 Ideo
2818 1889 3130 1971 Episcopus
3164 1893 3360 1953 Tinea.
3412 1897 3632 1975 suppti-

2035 2022 2036 2055 3
2084 1987 2174 2037 cat
2192 1999 2296 2059 per
2316 1981 2560 2043 Sacram
2586 1981 3080 2061 Conqrey‘orionem
3100 1989 3404 2061 declarari,
3432 2011 3508 2049 an
3534 1991 3632 2049 hu-

2072 2073 2326 2149 jusmodi
2370 2073 2732 2155 Sacrificium
2760 2081 3161 2157 omnimodum
3192 2085 3264 2139 sit
3292 2103 3392 2159 pro
3420 2083 3632 2143 Animo

2084 2167 2264 2243 ipsius
2298 2167 2594 2229 Testatoris
2620 2217 2634 2238 ‚
2664 2189 2742 2229 an
2769 2189 2893 2229 vero
2916 2173 2990 2231 ad
3022 2175 3244 2231 libitum
3270 2173 3628 2253 cappellani,

2086 2262 2177 2319 uti
2208 2261 2474 2321 hactenus
2500 2263 2714 2339 factum
2742 2285 2848 2323 esse
2876 2269 3165 2345 comperiit
3190 2311 3206 2325 .
3246 2267 3348 2327 Die
3382 2273 3474 2327 18.
3508 2269 3634 2329 Au·-

2086 2357 2240 2433 9usti
2284 2359 2456 2415 1668.
2518 2355 2650 2417 Soc.
2706 2357 3078 2437 Conyreqatio
3116 2363 3398 2441 respondit
3442 2365 3631 2443 appli-

2090 2449 2332 2511 candum
2362 2471 2468 2509 esse
2494 2449 2860 2533 Sacrificium
2890 2473 2994 2533 pro
3018 2457 3215 2515 anima
3242 2455 3574 2517 Τυπαῖον-ξε.

2204 2543 2366 2605 Haec
2388 2553 2566 2617 sunt,
2592 2565 2749 2625 quae
2778 2565 2994 2625 operae
3032 2551 3292 2629 pretium
3322 2569 3446 2611 esse
3486 2571 3629 2613 cen-

2038 2661 2040 2666 ·
2088 2637 2180 2699 sui
2213 2641 2502 2699 adnotare
2528 2685 2546 2711 ,
2582 2647 2652 2699 ut
2678 2639 2754 2701 ad
2787 2659 3005 2703 manus
3032 2643 3306 2703 omnium
3338 2645 3458 2705 sint
3500 2647 3632 2725 opi-

2038 2749 2040 2752 ·
2088 2731 2300 2793 niones
2332 2731 2392 2791 in
2444 2731 2558 2795 hac
2586 2733 2764 2795 Sacra
2812 2733 3286 2815 Congregatione
3324 2747 3630 2818 receptam

2038 2855 2040 2858 ⁴
2084 2845 2342 2905 cumque
2382 2825 2444 2885 in
2480 2825 2670 2889 Causa
2694 2871 2710 2899 ,
2748 2827 2822 2887 de
2852 2845 2972 2909 qua
3004 2849 3163 2891 nunc
3194 2831 3394 2913 agitur
3422 2880 3436 2901 ,
3476 2831 3632 2891 obli-

2086 2921 2248 3001 gatio
2276 2919 2696 2999 applicationis
2722 2921 2952 2983 desumi
2978 2925 3372 2985 contendatur
3400 2927 3634 3005 potissi-

2085 3031 2250 3073 mum
2284 3033 2362 3075 ex
2390 3013 2640 3095 antiqua
2664 3017 3126 3091 consuetudine,
3162 3019 3512 3097 quaeritur:

2202 3107 2252 3168 1.
2288 3107 2384 3168 An
2424 3107 2704 3182 Por-ochi,
2752 3112 2966 3190 aliique
2992 3112 3274 3194 Beneficia
3302 3116 3632 3192 possidentes

2084 3204 2146 3262 in
2182 3204 2454 3264 Ecclesiis
2482 3202 2550 3264 S.
2584 3204 2846 3264 Martini
2872 3254 2888 3276 ,
2924 3204 2992 3266 S.
3028 3206 3236 3286 Anyeli
3258 3256 3276 3278 ‚
3307 3221 3354 3266 et
3388 3208 3455 3268 S.
3494 3208 3632 3268 Ma-

2082 3300 2204 3358 riae
2246 3296 2622 3358 Valliscursoe
2648 3308 2943 3360 teneantur
2970 3298 3184 3362 Missas
3206 3310 3314 3360 tres
3348 3302 3630 3362 celebran-

2082 3392 2184 3452 das
2206 3410 2308 3470 per
2332 3402 2566 3450 turnum
2592 3392 2884 3470 applicare
2902 3412 3010 3472 pro
3038 3392 3280 3474 Populo,
3310 3406 3358 3454 et
3388 3394 3632 3474 Banasa-

2033 3522 2034 3527 *
2082 3486 2324 3546 otor-ibus
2346 3530 2362 3558 ,
2390 3488 2560 3546 etiam
2586 3486 2775 3546 diebus
2796 3486 3114 3562 ferialibus,
3146 3508 3318 3548 unam
3350 3508 3538 3570 ncntpe
3570 3492 3630 3549 in

2082 3598 2422 3658 unaquoque
2448 3580 2546 3638 dd.
2578 3580 2966 3642 Ecclesierum
2982 3624 2996 3640 .

2197 3672 2280 3734 Π.
2306 3672 2402 3732 An
2424 3674 2500 3734 ad
2522 3674 2736 3734 dictum
2752 3694 2890 3734 onus
2910 3684 3206 3736 teneamur
3228 3696 3336 3758 pro
3352 3682 3632 3758 praeteri-

2084 3774 2170 3838 to,
2206 3776 2260 3826 et
2285 3786 2324 3828 a
2350 3786 2460 3846 quo
2496 3776 2737 3848 tempore
2760 3770 2824 3828 in
2852 3788 2988 3828 casu
3016 3778 3116 3828 ete.

2184 3956 2336 4008 Sacra
2360 3955 2558 4024 congr.
2586 3954 2674 4008 die
2696 3954 2752 4008 ¹2.
2776 3956 3026 4008 Octobris
3056 3958 3214 4008 1721.
3244 3958 3552 4026 respondit:

2256 4042 2354 4094 Ad
2372 4040 2612 4112 primum
2638 4042 2898 4110 negative.
2924 4042 3018 4096 Ad
3036 4044 3332 4096 secundum
3352 4046 3490 4098 sons
3510 4064 3636 4116 pm-

2076 4130 2260 4186 vr'sum
2288 4132 2346 4182 in
2366 4132 2550 4202 primo
2567 4168 2578 4180 .

2476 4322 2836 4396 QUAESTIO
2886 4321 3244 4384 ccxxxn.

2154 4524 2226 4584 In
2256 4520 2448 4588 Causa
2474 4524 2822 4584 Bononiensi
2840 4522 3007 4584 Iuris
3038 4524 3344 4594 visitandi,
3372 4524 3462 4586 die
3486 4528 3550 4586 2.

2630 4616 2884 4678 Octobris
2918 4620 3092 4676 1721.

2080 4754 2172 4870 In
2204 4802 2460 4866 civitate
2482 4802 2819 4877 Bononiae,
2850 4820 3037 4884 quam
3058 4848 3076 4876 ,
3104 4810 3172 4864 ut
3200 4804 3418 4866 caeteri
3452 4822 3626 4886 prae-

2078 4896 2486 4960 termittantur
2512 4942 2528 4968 ,
2576 4894 2808 4957 Summi
2852 4894 2962 4976 ipsi
3010 4896 3264 4958 Romani
3314 4896 3634 4960 Pontifices

2078 5010 2294 5054 vocare
2338 5009 2458 5052 non
2490 4985 2848 5052 dubitantur
2879 4988 3356 5068 Antiquissimum
3386 4990 3626 5050 Studio-

2074 5106 2204 5146 rum
2234 5086 2488 5148 Matrem
2520 5132 2538 5156 ,
2568 5084 2870 5146 Commune
2900 5084 3174 5144 bonerum
3196 5086 3412 5144 artium
3442 5086 3622 5146 domi-

2031 5202 2032 5205 *
2076 5182 2274 5242 cilium
2300 5228 2314 5250 ‚
2352 5192 2404 5238 et
2428 5180 2864 5258 disciplinarum
2894 5180 3224 5258 emporium,
3254 5178 3342 5238 uti
3374 5178 3489 5260 legi
3514 5198 3622 5260 po-

2078 5282 2188 5336 test
2216 5272 2278 5334 in
2310 5272 2526 5334 litteris
2550 5271 2924 5354 Apostolicis'
2947 5272 3164 5332 Leonis
3206 5272 3290 5332 X.
3320 5272 3628 5354 impressis

2076 5368 2230 5448 apud
2260 5366 2568 5430 Belsinum
2590 5368 2656 5428 de
2692 5368 2868 5428 Vario
2896 5364 3184 5428 Bononiae
3214 5364 3392 5428 Stet-u
3422 5368 3520 5428 tib.
3564 5374 3624 5430 6.

2017 5466 2018 5473 ’
2080 5484 2210 5550 9⁰9·
2246 5466 2386 5526 292.
2430 5472 2478 5522 et
2506 5464 2568 5522 in
2604 5460 2852 5524 constit.
2884 5466 2982 5522 69.
3025 5458 3092 5542 S.
3136 5464 3192 5522 1.
3238 5464 3388 5524 inter
3418 5481 3510 5526 eos
3528 5462 3638 5526 Po·
