4393 6299
990 499 1098 551 ⁴8⁰

795 650 930 720 Sec.
963 650 1436 735 congregatione
1476 650 1542 713 in
1580 651 1966 734 responsione
1989 651 2067 716 ad
2091 651 2338 715 relatio-

796 762 939 807 nem
965 763 1148 825 super
1187 754 1346 807 statu
1366 744 1675 808 Ecclesiae
1698 765 1843 811 suae
1861 792 1881 821 ,
1912 765 1952 810 a
1988 745 2147 809 dicto
2175 745 2323 830 Epi-

796 855 976 919 scopo
1008 836 1085 900 de
1110 857 1276 900 more
1296 839 1707 902 transmissam
1732 884 1750 901 .

917 932 1401 995 Fundamentum
1433 933 1740 1015 petitionis
1765 933 2033 997 consistit
2079 933 2145 996 in
2189 932 2345 1009 hoc,

796 1027 961 1108 quod
987 1028 1146 1089 bona
1177 1027 1473 1089 Ecclesiae
1502 1047 1606 1109 per
1640 1027 1925 1090 unionem
1964 1028 2344 1112 incorporata

798 1121 1082 1185 dicuntur
1116 1122 1480 1185 Monasterio
1506 1169 1525 1193 ,
1559 1123 1714 1185 itaut
1734 1142 1872 1184 cum
1902 1124 2178 1186 Vicarius
2208 1143 2344 1206 per-

796 1225 1014 1297 petuus
1055 1216 1341 1278 Sacerdos
1381 1217 1705 1279 saecularis
1736 1236 1946 1279 curam
1982 1219 2343 1281 Animarum

795 1319 1089 1384 exerceat,
1120 1319 1179 1372 et
1200 1310 1447 1391 quidem
1472 1331 1609 1372 cum
1642 1312 1872 1374 modico
1894 1312 2113 1386 reditu,
2137 1332 2340 1393 quan·

797 1406 877 1467 do
904 1406 1064 1468 bona
1098 1405 1395 1467 Ecclesiae
1421 1406 1623 1488 magni
1650 1406 1874 1468 valoris
1900 1415 2042 1469 sunt
2074 1407 2139 1468 in
2170 1415 2340 1488 pote-

794 1505 947 1562 state
972 1499 1321 1562 Monasterii
1349 1544 1366 1572 ,
1395 1519 1550 1561 onus
1584 1500 1904 1581 reparandi
1934 1520 2249 1582 nunquam
2269 1502 2347 1565 ad

794 1592 1106 1655 Vicarium
1132 1638 1151 1667 ,
1185 1592 1287 1655 sed
1322 1592 1399 1655 ad
1441 1594 1767 1656 Monachus
1794 1600 2094 1675 pertinere
2139 1594 2346 1657 dicen-

794 1685 942 1747 dum
967 1686 1086 1761 sit,
1123 1706 1262 1749 cum
1286 1686 1364 1749 ad
1395 1687 1707 1750 Vicarium
1732 1695 1971 1750 tantum
1999 1689 2342 1769 pertineant

792 1799 980 1843 onera
1003 1825 1023 1854 ,
1051 1800 1208 1861 quae
1229 1801 1439 1844 curam
1465 1782 1824 1844 Animarum
1865 1782 2237 1865 respiciunt,
2277 1792 2337 1846 et

793 1873 1319 1936 Sacramentorum
1350 1875 1936 1938 administrationem
1961 1919 1979 1937 .

911 1968 1122 2030 Simile
1146 1978 1256 2042 est,
1283 1970 1447 2049 quod
1478 1969 1756 2031 adnotari
1779 1970 2092 2033 consuevit
2113 1970 2182 2032 in
2205 1990 2343 2033 con-

792 2060 1094 2125 similibus
1138 2063 1574 2126 Controversiis
1616 2064 1776 2127 inter
1823 2065 2120 2127 Abbatem
2170 2064 2347 2126 Com·

792 2156 1236 2221 mendatarium
1264 2201 1282 2229 ,
1327 2166 1388 2219 et
1435 2156 1746 2219 vicarium
1796 2165 2156 2237 perpetuum
2181 2203 2200 2231 ,
2261 2157 2340 2220 ad

795 2269 976 2330 quem
1002 2249 1279 2312 videlicet
1307 2269 1384 2312 ex
1407 2249 1552 2330 ipsis
1576 2259 1799 2330 spectet
1827 2270 1979 2312 onus
2007 2251 2329 2333 reparandi

789 2343 1149 2406 Ecclesiam.
1180 2344 1402 2406 Variae
1427 2345 1656 2426 quippe
1683 2353 1893 2407 extant
1913 2345 2096 2426 hujus
2123 2346 2346 2409 Sacrae

792 2437 1282 2520 congregationis
1320 2439 1715 2501 resolutiones
1739 2485 1758 2514 ,
1793 2438 1896 2501 sed
1942 2458 2099 2523 quae
2139 2439 2202 2501 in
2237 2439 2349 2503 hoc

789 2532 1153 2594 concordare
1172 2532 1476 2604 videntur,
1498 2539 1567 2594 ut
1583 2552 1737 2595 onus
1759 2533 2054 2613 pertineat
2075 2534 2152 2594 ad
2174 2533 2346 2594 Com-

790 2625 1236 2687 mendatarium
1279 2625 1344 2686 in
1394 2626 1711 2706 hypothesi
1768 2634 2002 2687 tantum
2030 2670 2047 2698 ‚
2098 2626 2165 2687 in
2215 2646 2339 2708 qua

793 2739 923 2781 non
941 2719 1058 2781 fuit
1081 2720 1380 2799 assignata
1409 2719 1652 2782 Vicario
1673 2728 1960 2800 perpetuo
1988 2720 2185 2801 portio
2205 2722 2332 2783 suf-

792 2812 1038 2887 ficiens,
1082 2814 1307 2876 nedum'
1333 2834 1443 2893 pro
1489 2814 1833 2888 alimentis,
1872 2815 1974 2877 sed
2021 2816 2203 2878 etiam
2232 2836 2344 2898 pro

787 2907 1271 2987 reparationibus
1291 2953 1308 2981 ‚
1344 2908 1433 2969 uti
1457 2908 1660 2990 colligi
1691 2916 1883 2989 potest
1908 2928 1986 2971 ex
2017 2910 2343 2974 resolutio-

795 3002 977 3063 nibus
1008 3002 1310 3082 impressis
1338 3004 1492 3082 apud
1521 3003 1851 3064 Ber-lachin.
1880 3014 2003 3064 υοιο
2033 3010 2170 3066 100.

914 3096 990 3157 Et
1015 3097 1161 3177 quia
1188 3096 1540 3160 l‘arochiani
1567 3098 1940 3177 praevident,
1965 3098 2185 3180 opponi
2216 3119 2345 3180 pos-

795 3210 891 3264 se,
938 3192 1099 3271 quod
1146 3211 1182 3252 a
1227 3192 1539 3258 Monachis
1587 3191 1839 3253 fuerunt
1873 3212 2081 3254 omnes
2111 3194 2344 3257 reditus

793 3286 1092 3348 Ecclesiae
1139 3287 1365 3348 dimissi
1396 3285 1604 3348 favore
1626 3288 1855 3348 Vicarii
1888 3289 2295 3351 Antecessoris
2322 3336 2341 3365 ,

794 3381 1188 3460 respondetur
1219 3381 1278 3442 id
1313 3400 1523 3443 revera
1544 3381 1611 3442 in
1640 3381 1796 3443 facto
1819 3401 1939 3442 non
1972 3383 2300 3446 subsistere
2322 3430 2339 3458 ,

792 3494 931 3536 cum
974 3476 1261 3556 majorem
1309 3483 1536 3556 partem
1569 3476 1868 3537 bonorum
1914 3476 2075 3557 apud
2103 3497 2167 3539 se
2199 3479 2345 3540 reti·

794 3576 1020 3641 neam,
1072 3576 1133 3630 et
1175 3569 1369 3650 portio
1411 3569 1709 3649 quaedam
1761 3570 2123 3632 miserabilis
2159 3569 2347 3635 fuerit

795 3660 1039 3722 Vicario
1055 3661 1410 3723 antecessori
1432 3661 1802 3742 consignata,
1824 3664 2054 3744 absque
2072 3683 2149 3726 eo
2176 3666 2344 3744 quod

795 3754 1074 3816 Vicarius
1087 3774 1415 3837 congruam
1434 3755 1703 3817 obtineat
1721 3756 1783 3816 in
1807 3775 2044 3819 summa
2062 3765 2214 3819 scut.
2238 3765 2338 3820 80.

792 3846 909 3910 sibi
931 3848 1010 3909 ab
1029 3848 1320 3929 Episcopo
1340 3855 1625 3910 statutam
1647 3848 1712 3908 in
1734 3857 2046 3911 numerata
2066 3852 2340 3930 pecunia.

911 3940 1079 4004 Alias
1119 3962 1460 4024 processum
1494 3942 1611 4004 fuit
1632 3963 1771 4005 cum
1798 3944 2103 4023 supposito
2131 3991 2148 4016 ‚
2180 3946 2344 4025 quod

790 4035 1069 4098 Monachi
1089 4044 1284 4098 essent
1308 4044 1540 4097 tantum
1560 4035 1802 4098 Patroni
1828 4035 2009 4118 hujus
2030 4038 2346 4100 Parochia-

792 4128 869 4191 lis
883 4128 1209 4205 Ecclesiae;
1233 4138 1295 4191 at
1324 4128 1624 4210 quidquid
1658 4129 1744 4191 sit
1768 4129 1844 4191 de
1866 4128 2006 4202 hoc,
2034 4131 2343 4205 subditur,

792 4223 956 4303 quod
986 4225 1126 4306 jure
1174 4242 1329 4285 novo
1357 4223 1693 4285 Tridentini
1724 4223 1981 4285 Concilii
2024 4224 2179 4286 ἕως.
2240 4231 2337 4286 21.

791 4338 918 4399 cap.
945 4324 1004 4379 7.
1029 4320 1093 4379 de
1113 4318 1341 4396 reform.
1365 4316 1783 4379 deficientibus
1803 4316 2105 4380 Ecclesiae
2133 4319 2344 4380 rediti-

793 4412 938 4483 bus,
965 4414 1207 4474 Patroni
1230 4413 1305 4473 ad
1330 4414 1459 4493 ejus
1491 4411 1991 4473 restaurationem
2017 4421 2299 4474 tenentur
2322 4459 2340 4487 ,

791 4505 932 4569 licet
958 4515 1190 4570 tantum
1229 4506 1563 4587 percipiant
1601 4506 1863 4566 fructum
1911 4507 2343 4585 praesentatio-

793 4600 929 4674 nis,
952 4601 1042 4663 uti
1068 4603 1218 4663 bene
1248 4601 1538 4682 ponderat
1562 4599 1808 4680 Sperell.
1842 4601 2010 4661 decis.
2044 4605 2142 4662 67.
2174 4622 2336 4663 num.

795 4700 891 4756 10.
927 4706 978 4755 et
1003 4715 1154 4774 seqq.

912 4787 1220 4868 Proposita
1246 4787 1365 4850 suit
1405 4787 1551 4850 haec
1581 4787 1861 4850 instantia
1893 4788 1959 4850 in
2005 4789 2344 4872 Congrege-

790 4880 955 4943 tione
973 4881 1181 4943 habita
1199 4879 1310 4942 hac
1329 4882 1417 4940 die
1444 4887 1538 4941 18.
1564 4880 1696 4940 Dec.
1726 4886 1897 4942 1723.
1923 4902 2031 4944 nec
2056 4882 2179 4944 ulla
2201 4892 2344 4947 tuuc

789 4975 909 5037 fuit
940 4984 1109 5056 capta
1138 4975 1450 5045 resolutio,
1477 4977 1973 5057 repropositaque
1999 4977 2209 5039 eadem
2237 4980 2339 5039 In-

791 5069 1009 5132 stantia
1028 5069 1092 5130 in
1119 5069 1593 5150 Congregatione
1615 5069 1826 5131 habita
1849 5073 1938 5131 dic
1967 5076 2059 5132 12.
2089 5071 2341 5133 Februa-

790 5167 872 5225 rii
896 5165 1171 5243 sequentis
1192 5167 1335 5224 anni
1361 5168 1535 5224 1724.
1562 5164 1988 5226 demandatum
2009 5164 2148 5238 suit,
2176 5168 2339 5247 quod

789 5256 1014 5319 factum
1065 5256 1529 5317 concordaretur
1562 5301 1579 5329 ‚
1633 5265 1691 5317 et
1746 5257 1910 5338 quod
1967 5258 2334 5320 scriberetur

790 5352 1017 5414 Nuntio
1038 5349 1379 5432 Apostolico
1401 5350 1753 5412 Florentino
1779 5371 1887 5431 pro
1910 5351 2341 5416 informatione

790 5465 970 5528 super
996 5444 1292 5526 praesenti
1321 5451 1479 5506 statu
1501 5443 1800 5507 Ecclesiae
1831 5444 2234 5509 parochialis.

2012 501 2459 569 QUAESTIONES
2494 497 2849 558 cANomcAE:

2572 653 2834 718 Nuntius
2861 653 3247 718 Florentinus
3274 655 3628 736 respondit,
3671 656 4000 725 Ecclesiam

2454 767 2580 811 esse
2600 749 2663 810 in
2684 755 2844 812 statu
2875 748 3244 812 imminentis
3267 749 3504 825 ruinae,
3536 760 3595 814 et
3619 771 3732 833 pro
3759 754 3888 836 ejus
3911 776 4002 818 re-

2453 843 2767 925 paratione
2806 861 2932 906 esse
2979 842 3376 906 necessariam
3417 863 3743 926 expensam
3801 857 4000 912 scuto-

2455 957 2594 998 rum
2629 940 2763 998 150.

2577 1030 2693 1091 Pro
2719 1037 2888 1109 parte
2914 1047 3059 1092 vero
3092 1028 3528 1093 Monacborum
3548 1031 3820 1095 exhibita
3850 1033 4000 1095 mihi

2455 1122 2704 1186 fuerunt
2733 1123 3028 1186 nonnulla
3055 1123 3415 1197 documenta
3440 1169 3459 1197 ,
3489 1124 3709 1204 quibus
3735 1127 4003 1189 ostendi·

2457 1226 2558 1280 tur
2577 1266 2595 1290 ‚
2623 1218 3027 1280 introductam
3055 1217 3202 1280 olim
3223 1217 3407 1279 fuisse
3437 1218 3500 1279 in
3523 1219 3702 1281 Sacra
3736 1220 4002 1304 Congre-

2454 1310 2694 1393 gatione
2719 1311 3188 1392 Episcoporum‚
3230 1320 3290 1374 et
3331 1310 3722 1393 Regularium
3760 1324 4002 1377 contro-

2454 1404 2711 1467 versiam
2744 1424 2924 1485 super
2945 1411 3203 1487 puncto,
3231 1423 3310 1465 an
3342 1403 3776 1467 Monasterium
3798 1407 4001 1471 omnia

2453 1498 2613 1560 bona
2642 1497 2961 1561 dimisisset
2989 1497 3349 1579 per-tinentia
3372 1499 3448 1560 ad
3471 1498 3652 1572 hanc,
3677 1508 3737 1562 et
3755 1501 3831 1562 ad
3852 1500 4003 1563 alias

2453 1592 2744 1683 Ecclesias
2767 1592 3165 1665 Parochiales,
3192 1592 3333 1655 etin
3359 1594 3566 1655 eadem
3586 1592 4003 1676 congregatio·

2453 1706 2531 1748 ne
2569 1685 2898 1749 resolutum
2925 1687 3109 1749 fuisse
3131 1732 3150 1761 ,
3195 1687 3362 1766 quod
3387 1685 3640 1750 licuerat
3693 1686 4004 1751 Monachis

2452 1779 2755 1843 dimittere
2781 1781 2987 1844 omnia
3018 1782 3177 1843 bona
3214 1782 3545 1862 spectantia
3587 1782 3667 1843 ad
3709 1783 4006 1847 Ecclesias

2455 1873 2584 1953 loco
2604 1875 2917 1957 Congruae
2937 1873 3090 1938 alias
3115 1875 3194 1937 ab
3216 1875 3508 1957 Episcopo
3531 1875 3792 1938 vicariis
3815 1877 3879 1939 in
3900 1898 4006 1961 pe-

2453 1968 2633 2031 cunia
2660 1970 2994 2051 assignatae
3016 2012 3034 2030 .

2570 2063 2707 2126 Alia
2734 2083 2978 2145 quoque
3011 2064 3367 2126 documenta
3410 2063 3782 2139 ostendunt,
3813 2064 4004 2128 Cura-

2452 2163 2582 2219 tum
2603 2158 2665 2218 S.
2700 2157 3002 2221 Leonardi
3041 2156 3345 2219 Arcidorsi
3374 2157 3674 2219 instetisse
3702 2178 3812 2238 pro
3856 2160 4005 2221 assi-

2452 2251 2738 2335 gnatione
2763 2251 3076 2333 Congruae
3118 2250 3183 2312 in
3221 2250 3512 2332 pecunia,
3558 2252 3876 2333 eidemque
3910 2254 4003 2316 fa-

2453 2356 2611 2410 ctam
2648 2346 2834 2408 fuisse
2859 2346 3322 2428 assignationem
3368 2365 3474 2425 per
3515 2347 3760 2408 modurn
3794 2349 4004 2428 provi-

2451 2440 2658 2514 sioniS‚
2683 2439 2836 2502 facta
2863 2450 3060 2501 tamen
3089 2427 3464 2501 restitutione
3488 2457 3593 2518 per
3615 2440 3874 2501 eundem
3897 2441 4002 2503 bo-

2454 2554 2671 2596 norum
2692 2554 2726 2597 a
2749 2533 3059 2596 Monachis
3078 2532 3488 2606 dimissorum,
3512 2532 3616 2593 sed
3636 2534 4005 2615 subsequen-

2454 2637 2546 2691 ter
2581 2648 2878 2691 recessum
2903 2628 3086 2689 fuisse
3121 2647 3158 2690 a
3181 2627 3425 2698 decisis,
3462 2635 3521 2688 et
3552 2626 3770 2690 factam
3817 2629 4004 2694 fuisse

2452 2723 2726 2784 omnium
2773 2722 3184 2785 remissionem
3231 2720 3308 2783 ad
3353 2720 3648 2782 Nuntium
3699 2721 4001 2786 Florenti-

2451 2836 2600 2878 num
2623 2863 2642 2891 ,
2671 2836 2874 2891 coram
2895 2819 3067 2899 cujus
3086 2815 3406 2878 Tribunali
3422 2860 3441 2889 ,
3471 2834 3609 2877 cum
3630 2818 3849 2878 caeteri
3878 2819 3993 2881 Pa-

2451 2911 2618 2974 rochi
2639 2957 2656 2985 ,
2689 2922 2748 2974 et
2770 2911 2951 2972 etiam
2986 2910 3120 2981 ille,
3152 2910 3227 2973 de
3252 2929 3375 2991 quo
3400 2929 3563 2971 nunc
3584 2909 3808 2991 agitur,
3837 2931 4001 2974 cont-

2450 3005 2834 3085 paruissent,
2871 3011 2939 3064 ut
2967 3003 3387 3076 ostenderent,
3423 3021 3549 3063 non
3579 3001 3764 3065 fuisse
3790 3024 3826 3067 a
3869 3006 4001 3067 Mo-

2452 3097 2660 3162 nachis
2687 3097 2932 3160 dimissa
2966 3096 3169 3158 omnia
3212 3096 3370 3157 bona
3415 3095 3494 3157 ad
3530 3114 3671 3159 suas
3708 3097 4006 3161 Ecclesias

2451 3191 2847 3273 pertinentia,
2878 3209 3058 3251 causa
3089 3188 3347 3251 subinde
3366 3186 3715 3251 ulteriorem
3741 3210 3863 3253 non
3894 3190 4001 3254 ha-

2452 3286 2588 3350 buit
2613 3284 3110 3367 prosecutionem,
3141 3292 3201 3346 et
3228 3283 3430 3365 lapsus
3452 3291 3541 3345 est
3575 3285 3868 3347 terminus
3895 3286 4001 3347 iis-

2452 3382 2589 3444 dem
2619 3379 2922 3462 praefixus
2948 3379 3027 3441 ad
3073 3398 3245 3441 suam
3290 3379 3665 3459 probandam
3714 3378 4001 3444 intentio-

2453 3496 2592 3539 nem
2617 3520 2635 3536 .

2569 3569 2734 3631 Haec
2763 3575 2936 3641 sunt,
2966 3585 3125 3648 quae
3152 3585 3229 3627 ex
3255 3565 3626 3628 documentis
3648 3566 3797 3628 mihi
3824 3567 4000 3630 exhi-

2452 3663 2595 3725 bitis
2631 3663 2844 3725 deduci
2886 3667 3248 3748 potuerunt3
3278 3679 3536 3740 cumque
3580 3659 3696 3722 hoc
3750 3661 3999 3724 interim

2450 3756 2692 3819 labatur
2719 3754 2984 3819 Ecclesia
3000 3799 3018 3828 ,
3050 3753 3166 3815 nisi
3189 3761 3465 3834 prompta
3486 3752 3642 3815 adsit
3665 3755 3992 3835 reparatio,

2452 3849 2806 3932 quaeritur:

2570 3944 2665 4003 An
2714 3942 3132 4005 montanarium
3179 3948 3433 4001 teneatur
3467 3939 3546 4001 ad
3585 3943 4002 4022 reparationem

2451 4037 2738 4102 Ecclesiae
2768 4040 2834 4098 in
2864 4055 3001 4099 casu
3027 4044 3129 4096 etc.

2557 4230 2709 4282 Sacra
2734 4229 2930 4298 Congr.
2960 4226 3046 4278 die
3061 4224 3134 4276 82
3174 4222 3502 4292 Septembris
3522 4223 3684 4278 172⁸.
3707 4224 4001 4293 respondit:

2631 4315 2729 4369 Ad
2776 4318 2895 4368 Sac.
2942 4311 3424 4381 Congregacr'onem
3473 4312 3872 4381 Epr'scoporum
3898 4351 3911 4377 ,
3952 4326 4005 4366 et

2447 4404 2825 4473 Regularium‚
2856 4415 2907 4455 ee
2932 4401 3151 4454 interim
3174 4417 3277 4469 per
3302 4399 3519 4451 modum
3535 4401 3866 4466 provisionis
3891 4404 4003 4453 Ec·

2448 4492 2615 4544 clesia
2656 4492 2877 4543 omnino
2917 4479 3253 4543 restauretur·
3295 4489 3546 4557 expensis
3574 4490 4003 4557 ΜοηαεΙιοι-ιιιη,

2447 4592 2500 4630 ee
2525 4578 2720 4631 deinde
2746 4579 2900 4647 cujus
2931 4577 2995 4629 de
3019 4580 3191 4641 Jure,
3223 4588 3275 4627 et
3298 4576 3593 4644 exequutIO
3634 4576 4009 4629 comminatur

2445 4669 2656 4722 Nuntio
2685 4665 3036 4732 Florentiae,
3066 4665 3164 4734 qui
3184 4660 3253 4716 ⁴de
3279 4663 3469 4715 eadem
3498 4664 3782 4732 certior-ee,
3813 4677 3866 4717 et
3890 4683 4004 4716 am·

2440 4755 2591 4826 plius
2610 4797 2620 4808 .

2843 4945 3199 5022 QUAESTIO
3256 4943 3617 5007 CCCLXIX.

2541 5165 2613 5225 In
2641 5165 2834 5227 Causa
2866 5164 3033 5225 Urbis
3056 5210 3075 5233 ,
3105 5162 3193 5222 die
3228 5166 3321 5221 18.
3355 5160 3665 5222 Decembris
3702 5162 3874 5219 1723.

2447 5303 2787 5416 Parochus
2823 5351 2884 5412 S.
2930 5348 3191 5429 Spiritus
3237 5346 3297 5406 in
3343 5345 3520 5408 Saxia
3563 5344 3745 5426 hujus
3781 5344 4000 5406 Almae

2449 5447 2628 5509 Urbis
2672 5446 3003 5529 supplicem
3051 5441 3332 5506 exhibuit
3375 5440 3437 5502 S.
3496 5439 4000 5503 l’oenitentiariae
