4393 6299
956 512 1067 576 202

1976 505 2422 586 Quns'rtousss'
2460 516 2589 570 CAN
2596 519 2686 571 ΟΝ
2693 518 2817 570 10AE

767 673 872 732 tol.
903 690 1031 751 par.
1069 676 1127 733 2.
1166 693 1292 753 cap.
1330 678 1388 736 6.
1421 669 1486 754 S.
1525 677 1620 733 10.
1650 690 1809 732 mm.
1845 677 1906 731 8.
1950 668 2210 732 Sanctia
2252 668 2319 728 do
2424 677 2514 730 ter
2537 669 2937 750 Adoptantem
2960 715 2976 738 ,
3009 666 3354 749 et-‚Uxorem
3382 667 3662 748 Adoptati
3691 715 3707 740 ,
3739 667 3804 731 in
3835 674 3971 731 tau-

766 765 1143 828 Matrimom‘o
1169 770 1265 828 tib.
1295 773 1352 828 7.
1378 770 1588 847 disput.
1621 772 1717 828 66.
1742 785 1899 825 num.
1928 770 1986 824 6.
2014 770 2142 824 217.
2177 763 2313 822 Pir-

2426 772 2550 824 tum
2599 762 2750 824 illud
2792 762 3033 823 irritum
3076 754 3204 836 est,
3254 763 3317 822 in
3358 773 3653 841 quantum
3683 763 3968 849 Nicolaus

769 862 932 937 hinff.
970 864 1046 923 ad
1085 865 1317 923 titulum
1360 863 1721 921 decretalium
1750 861 1814 919 de
1859 861 2228 936 consanyuin.
2262 868 2312 917 et
2425 856 2585 934 Papa
2608 857 2656 916 Ι.
2688 856 2750 915 in
2779 855 3039 917 Ecclesia
3069 855 3309 915 induxit
3339 855 3838 934 impedimentum
3866 876 3967 925 co-

767 955 972 1033 affinit.
997 967 1127 1017 sect.
1158 960 1216 1015 2.
1242 954 1307 1036 §-
1337 956 1395 1014 2.
1428 974 1586 1014 num.
1637 959 1733 1014 32.
1784 951 2055 1013 clericae.
2104 952 2168 1011 de
2196 949 2313 1011 Sa-

763 1060 1034 1109 crament.
1065 1048 1407 1110 Mati-imon.
1441 1049 1604 1107 decis.
1634 1053 1731 1107 31.
1760 1067 1918 1104 num.
1946 1049 2043 1105 41.
2081 1055 2131 1103 et
2159 1065 2309 1122 seqq.

772 1142 851 1202 At
901 1142 1048 1205 baec
1092 1143 1496 1204 controversia
1547 1141 1699 1203 nihil
1754 1140 1938 1202 habet
1993 1158 2314 1200 commune

764 1255 902 1296 eum
923 1254 1060 1297 casu
1089 1243 1315 1308 nostro,
1351 1236 1413 1297 in
1451 1255 1596 1316 quo,
1622 1235 1709 1297 uti
1741 1234 1856 1295 fuit
1884 1234 2307 1319 ponderatum,

764 1348 884 1390 non
913 1338 1000 1390 est
1022 1350 1117 1390 res
1138 1330 1214 1390 de
1250 1328 1637 1411 matrimonio
1665 1329 1823 1389 inter
1853 1326 2060 1389 affines
2088 1325 2151 1386 in
2187 1324 2314 1405 pri-

768 1444 866 1485 mo
885 1425 1115 1506 gradu
1097 1445 1161 1485 ιιι
1193 1424 1353 1486 linea
1380 1434 1563 1496 recta,
1598 1424 1703 1486 sed
1731 1423 1806 1484 de
1829 1423 1944 1495 his,
1981 1439 2140 1501 quae
2169 1430 2314 1482 sunt

763 1517 1004 1580 affines'
986 1538 1050 1578 ιιι
1075 1518 1345 1579 secundo
1356 1518 1575 1598 gradu.
1894 1544 1895 1547 ¹

881 1613 1129 1693 Majoris
1178 1613 1412 1673 roboris
1451 1632 1571 1672 non
1613 1611 1841 1683 estid,
1884 1609 2044 1690 quod
2095 1615 2315 1689 quarto

767 1705 897 1768 loco
923 1708 1363 1799 opponebatur,
1390 1708 1592 1786 vigere
1616 1705 1892 1766 videlicet
1922 1703 2310 1787 impedimen-

772 1810 902 1862 tum
947 1801 1226 1881 publicae
1269 1800 1642 1863 honestatis
1626 1821 1693 1861 ιιι
1718 1790 2108 1865 Matrimonio
2154 1799 2327 1860 inter.

762 1893 1094 1968 vitricum,
1130 1904 1190 1956 et
1218 1896 1479 1956 Uxorem
1522 1895 1839 1976 Privigni,
1870 1914 1945 1954 ex
1979 1913 2101 1974 quo
2133 1894 2312 1963 Uxor

763 1987 1035 2069 Privigni
1066 2035 1082 2058 ,
1117 1988 1355 2050 vivente
1386 1984 1693 2067 Privigno,
1725 1987 1840 2048 fnit
1866 1998 2153 2065 tanquam
2183 1986 2311 2047 filia

764 2080 830 2140 in
865 2100 936 2142 eo
960 2081 1124 2162 quod
1151 2082 1369 2143 attinet
1396 2082 1471 2143 ad
1511 2076 1842 2142 Viti-icumi
1876 2091 2109 2160 praeter
2147 2070 2311 2140 enim

763 2193 833 2236 ea
858 2222 876 2245 ,
926 2195 1084 2262 quae
1132 2195 1314 2256 supra
1349 2176 1506 2238 dicta
1542 2183 1684 2236 sunt
1711 2221 1727 2247 ,
1774 2176 1849 2238 de
1883 2176 2313 2255 impedimento

766 2268 1046 2348 publicae
1070 2270 1400 2354 honestatis
1422 2317 1438 2341 ,
1461 2271 1621 2350 quod
1645 2270 1951 2342 sublatum
1971 2269 2086 2331 dici
2112 2270 2310 2342 debet,

762 2361 963 2423 statim
981 2382 1051 2424 ac
1072 2364 1377 2426 sublatum
1397 2363 1514 2424 fuit
1544 2365 2043 2444 impedimentum
2067 2363 2312 2426 secundi

762 2455 1328 2535 generisassinitatis
1351 2502 1367 2529 ,
1400 2458 1775 2537 procedendo
1803 2457 1879 2521 ad
1918 2445 2186 2518 tramites
2218 2476 2312 2519 sa·

762 2568 1005 2609 crorum
1038 2550 1386 2623 Canonnm,
1422 2570 1560 2610 cum
1597 2550 2328 2630 quibuspraesens-baec·

763 2643 837 2704 de
882 2644 1271 2706 matrimonio
1325 2646 1734 2707 controversia
1782 2658 1872 2707 est
1926 2646 2314 2718 dirimenda,

759 2735 1259 2817 impedimentum
1285 2740 1558 2818 publicae
1598 2740 1922 2801 honestatis
1948 2740 2144 2801 oritur
2177 2749 2311 2805 tan·

763 2841 893 2893 tum
935 2853 1008 2893 ex
1037 2833 1418 2912 sponsalibus
1449 2835 1707 2907 validis,
1743 2836 1831 2895 uti
1868 2834 2208 2895 desumitur
2238 2854 2313 2896 ccc

764 2924 1036 3006 Capitulo
1060 2948 1133 2986 ex
1161 2927 1533 3007 Sponsalibus
1565 2931 1630 2989 dc
1652 2929 2001 3009 sponsalibus
2028 2941 2077 2989 et
2107 2931 2312 2989 matri-

759 3025 981 3082 moniis
992 3025 1055 3081 in
1080 3027 1136 3082 6.
1169 3033 1219 3082 ct
1244 3042 1316 3083 ex
1348 3044 1472 3102 cap.
1514 3030 1570 3085 3.
1595 3043 1722 3084 sess.
1756 3028 1854 3084 24.
1896 3022 2144 3084 Concilii
2181 3022 2313 3084 Tri-

758 3116 977 3178 donnini
994 3118 1060 3181 de
1081 3117 1390 3195 Reformae.
1418 3138 1494 3180 ex
1518 3118 1902 3181 matrimonio
1926 3127 2080 3191 1·,ato
2108 3126 2169 3180 et
2188 3137 2311 3180 non

761 3222 1173 3288 consummato
1216 3214 1391 3292 juxta
1431 3213 1927 3276 Constitutionem
1975 3213 2037 3274 S.
2094 3213 2183 3273 Pii
2230 3214 2307 3274 V.

758 3307 966 3369 editam
992 3328 1145 3368 anno
1182 3312 1354 3368 1568.
1398 3327 1555 3385 quae
1598 3309 1912 3386 incipit-ad
1954 3309 2311 3378 Romanum,

760 3409 820 3462 et
838 3420 915 3461 ex
940 3401 1327 3472 matrimonio
1347 3400 1516 3462 nullo
1538 3446 1553 3471 ‚
1584 3400 1678 3462 vel
1709 3401 1855 3480 quia
1881 3421 2000 3462 non
2042 3401 2158 3462 fuit
2186 3420 2313 3463 ser-

760 3505 899 3558 vata
929 3495 1127 3556 forma
1148 3494 1395 3556 Concilii
1415 3541 1431 3566 ,
1460 3495 1553 3556 vel
1578 3511 1659 3556 ex
1687 3495 1805 3557 alia
1828 3514 2030 3568 causa,
2063 3495 2148 3558 nti
2180 3516 2314 3576 pro-

760 3589 867 3652 bat
889 3589 1148 3667 Faqnan.
1179 3592 1245 3648 in
1267 3610 1392 3668 cap.
1423 3591 1498 3650 ad
1520 3591 1877 3654 audientiam
1896 3591 1961 3650 dc
1983 3592 2230 3671 sponsal.
2262 3603 2315 3652 et

764 3686 1019 3744 rnatu-im.
1060 3683 1121 3743 in
1147 3703 1269 3762 qno
1281 3703 1495 3743 rerum
1523 3693 1709 3756 stato,
1742 3685 1818 3746 de
1843 3685 2176 3765 excogitato
2208 3685 2316 3747 illo

759 3778 1188 3860 impedimento
1209 3779 1492 3857 publicae
1524 3778 1854 3842 honestatis
1883 3781 2124 3842 ratione
2150 3800 2313 3848 reve-

759 3875 995 3949 rentiae
1016 3891 1148 3933 ‘non
1180 3883 1267 3935 est
1297 3872 1422 3934 ulla
1446 3872 1730 3945 habenda
1756 3875 1947 3947 ratio,
1980 3894 2056 3936 ne
2087 3894 2314 3938 novum

759 3977 1027 4048 praeter,
1055 3977 1116 4029 et
1145 3976 1357 4028 contra
1401 3967 1673 4029 &nones
1705 3967 2027 4030 inducatur
2059 3966 2315 4048 impedi-

757 4071 1027 4124 mentum
1051 4061 1403 4140 impediens,
1431 4070 1490 4123 et
1514 4058 1801 4134 dirimens
1823 4064 2307 4132 matrimonium.

780 4199 783 4204 ·
876 4157 967 4218 Ad
991 4165 1187 4234 partes
1217 4155 1408 4235 posito
1435 4156 1838 4236 ,quodeor
1869 4157 2137 4239 Privigni
2161 4203 2178 4232 ,
2225 4158 2310 4219 vi-

760 4259 935 4312 vente
964 4251 1252 4330 Privigno
1277 4297 1293 4318 ,
1323 4248 1441 4310 fuit
1478 4250 1924 4329 tanquamfilia
1958 4251 2022 4312 in
2053 4271 2124 4312 eo
2149 4252 2313 4333 quod

758 4343 975 4406 attinet
1010 4343 1084 4405 ad
1122 4342 1423 4404 Vitricum
1450 4388 1467 4417 ,
1508 4342 1860 4406 haecenim
1906 4344 2192 4410 dicuntur
2236 4345 2314 4407 ad

756 4436 1214 4499 similitudinem
1247 4482 1266 4510 ,
1297 4437 1483 4517 idque
1508 4437 1650 4499 facit
1676 4483 1693 4510 ‚
1739 4448 1810 4500 ut
1851 4441 2188 4502 reverentia
2230 4440 2316 4501 si-

760 4530 1209 4593 militudinaria
1254 4539 1514 4609 nequeat
1543 4531 1993 4593 matrimonium
2023 4532 2266 4600 irritare
2291 4581 2310 4610 ‚

757 4634 827 4686 ut
850 4625 915 4685 in
943 4623 1129 4686 simili
1157 4624 1312 4685 bene
1342 4623 1674 4703 ponderant
1700 4621 1943 4685 Ganzal.
1989 4628 2053 4685 in
2069 4647 2205 4707 cap.
2239 4648 2313 4690 σω

759 4721 963 4781 littoris
981 4720 1084 4779 sub
1109 4737 1271 4777 num.
1303 4723 1361 4778 9.
1390 4719 1455 4778 de
1475 4722 1844 4800 consonantia.
1873 4730 1924 4779 ot
1945 4717 2150 4798 affluit.
2181 4721 2311 4784 Clo-

755 4816 925 4875 ricat.
957 4813 1021 4874 do
1054 4811 1318 4875 Sacram.
1350 4809 1624 4875 mtrem.
1660 4815 1824 4874 dmin.
1875 4817 1975 4874 31.
2010 4815 2112 4874 sub
2144 4835 2305 4877 num.

757 4912 855 4969 44.
889 4927 1031 4969 vers.
1059 4907 1140 4970 ad
1166 4917 1423 4968 octavum
1449 4907 1835 4987 respondetur.

878 5004 948 5064 ln
980 5000 1152 5063 nulla
1178 5001 1423 5080 demum
1451 5001 1932 5064 consideratione
1957 5001 2171 5068 baberi
2207 5002 2312 5065 de-

753 5096 900 5160 bent
926 5102 1170 5157 caetera
1202 5113 1279 5155 ex
1307 5093 1561 5156 adverso
1595 5094 1872 5168 deducta,
1897 5095 2059 5175 quod
2085 5096 2314 5160 scilieet

765 5183 924 5251 inter
972 5188 1377 5267 Adoptantem
1402 5231 1421 5260 ‚
1448 5195 1534 5250 ,et
1576 5187 1833 5264 Uxorem
1858 5189 2143 5269 Adoptati
2193 5211 2315 5255 ma-

759 5282 1118 5344 trimonium
1145 5280 1426 5344 contrabi
1453 5300 1572 5343 non
1600 5290 1790 5361 potest
1808 5327 1825 5356 ,
1850 5291 1912 5344 et
1935 5284 2098 5364 quod
2127 5286 2313 5349 tutior

768 5376 1079 5456 opinioest
1098 5375 1378 5457 eligenda
1402 5376 1467 5437 in
1492 5376 1743 5438 materia
1761 5375 2312 5455 sacramentorum

791 5470 853 5548 in
870 5488 942 5530 eo
974 5469 1136 5530 enim
1159 5514 1177 5544 ‚
1208 5468 1369 5549 quod
1399 5469 1619 5547 attinet
1633 5469 1710 5531 ad
1736 5468 2194 5533 Matrimonium
2218 5472 2312 5535 in-

2422 950 2724 1031 gnationis
2742 950 2952 1031 legalis
2975 970 3009 1011 a
3028 951 3058 1009 J
3067 970 3174 1010 ure
3201 949 3378 1015 Civili
3405 951 3839 1021 introductum,
3864 971 3971 1013 neo

2424 1046 2721 1123 reperitur
2746 1092 2763 1115 ,
2809 1045 2972 1122 quod
2999 1043 3160 1104 ullus
3198 1043 3354 1108 alius
3382 1043 3658 1105 Pontifex
3685 1089 3702 1118 ,
3748 1044 3844 1106 vel
3874 1045 3968 1106 ul-

2425 1137 2552 1198 lum
2580 1137 2872 1199 Generale
2903 1136 3236 1198 Concilium
3265 1183 3282 1210 ,
3333 1137 3699 1216 praedictum
3742 1136 3968 1200 limita-

2424 1233 2577 1293 verit
2617 1232 3156 1311 impedimentum,
3191 1241 3253 1292 et
3300 1230 3361 1291 in
3413 1239 3646 1292 tantum
3691 1251 3820 1307 non
3853 1231 3972 1303 fuit

2425 1328 2918 1408 impedimentum
2944 1326 3269 1387 limitatum
3292 1372 3310 1398 ,
3348 1326 3411 1386 in
3444 1336 3741 1406 quantum
3781 1326 3967 1388 raris-

2424 1422 2611 1487 simae
2635 1421 3187 1499 suntadoptioneS,
3234 1429 3293 1480 et
3319 1419 3729 1500 arrogationes
3750 1464 3766 1490 ‚
3811 1438 3971 1499 quae

2423 1515 2555 1577 fieri
2598 1516 2996 1594 contingunt,
3030 1515 3134 1586 ita,
3157 1524 3218 1574 ut
3253 1513 3490 1595 nullum
3538 1534 3615 1574 ex
3664 1513 3970 1576 illimitato

2425 1611 2531 1672 illo
2552 1610 2980 1690 impedimento
3005 1590 3373 1689 provenerit,
3397 1617 3503 1669 aut
3530 1608 3848 1687 provenire
3868 1628 3971 1669 va-

2423 1705 2542 1768 leat
2589 1701 2925 1792 periculum
2976 1703 3353 1766 animarum.
3407 1721 3668 1783 cumque
3714 1702 3971 1784 impedi-

2425 1810 2691 1861 mentum
2743 1781 3049 1865 affinitatis
3083 1797 3145 1857 in
3192 1797 3452 1881 secunde
3486 1816 3706 1877 genere
3743 1815 3779 1857 a
3823 1796 3971 1858 Jure

2422 1893 2596 1955 Civili
2627 1893 2974 1974 cognitum,
3007 1902 3067 1953 et
3091 1892 3169 1953 ab
3212 1890 3664 1971 antiquioribus
3707 1890 3969 1952 Canoni-

2423 1990 2535 2049 bus
2560 1996 2861 2067 receptum
2890 2026 2908 2061 ,
2938 1985 3244 2047 sublatum
3274 1984 3490 2046 deinde
3516 1983 3700 2055 fuerit
3725 2004 3761 2045 a
3784 1993 3972 2065 poste-

2424 2082 2569 2143 riori
2593 2082 3041 2153 Constitutione
3068 2079 3318 2142 Concilii
3367 2078 3679 2155 Generalis
3723 2081 3972 2142 Latera·
4034 2148 4050 2164 ⁶

2423 2177 2621 2237 nensis
2649 2177 2762 2239 sub
2787 2175 3158 2237 Innocentio
3160 2175 3267 2236 111.
3301 2173 3483 2235 fuerit
3505 2173 3812 2236 sublatum
3840 2193 3974 2255 pro-

2422 2281 2551 2351 pter
2575 2291 2824 2353 magnas
2862 2269 3260 2342 difficultates,
3291 2276 3351 2330 et
3367 2275 3611 2349 propter
3634 2267 3971 2357 periculum

2423 2368 2799 2439 animarum,
2828 2386 3010 2427 nemo
3021 2363 3235 2445 estqui
3273 2384 3392 2424 non
3423 2363 3625 2427 videat
3647 2352 3969 2442 disparita-

2425 2470 2586 2535 tem
2626 2480 2785 2541 quae
2819 2458 3150 2531 intercedit
3179 2458 3358 2556 inter
3389 2479 3623 2533 unum,
3671 2466 3733 2521 et
3775 2455 3969 2520 alium

2421 2556 2657 2640 casum.
2943 2604 2946 2607 .

2538 2651 2609 2711 Ιιι
2639 2648 3020 2728 eoquequod
3064 2654 3288 2728 spectat
3309 2647 3385 2710 ad
3424 2632 3703 2725 tutiorem
3731 2626 3971 2727 opinio-

2422 2762 2580 2804 nem
2597 2741 3026 2803 retinendam
3009 2761 3072 2801 ιιι
3111 2740 3358 2803 materia
3391 2740 3962 2825 sacramentorum,

2422 2839 2854 2917 respondetur,
2894 2836 3236 2916 opinionem
3262 2814 3633 2897 Matrimonii
3667 2784 3965 2896 validitati

2419 2932 2877 3004 adversantem,
2910 2951 3016 2994 nec
3044 2951 3168 2991 esse
3193 2930 3613 3011 probabilem,
3644 2950 3752 2991 nec
3781 2929 3966 2990 ratio-

2422 3025 2708 3087 nabiliter
2735 3035 2927 3095 tutam
2947 3071 2964 3097 ,
2996 3024 3163 3087 etsie
3205 3036 3555 3086 extraneam
3599 3044 3725 3085 esse
3753 3042 3971 3104 propo-

2420 3120 2696 3202 sitionem
2719 3120 2882 3182 inter
2911 3121 3222 3201 damnatas
3252 3119 3329 3181 ab
3354 3118 3705 3181 Innocentio
3729 3119 3839 3180 xl.

2540 3216 2784 3295 Absque
2802 3235 2873 3277 eo
2896 3215 3058 3295 quod
3086 3214 3162 3275 de
3199 3214 3452 3277 veritate
3475 3213 3764 3294 assumpti
3790 3213 3971 3276 dubi-

2426 3309 2537 3371 tari
2562 3310 2909 3389 contingat,
2942 3309 3300 3388 abstinendo
3322 3307 3544 3369 etenim
3568 3328 3604 3370 a
3629 3307 3970 3370 rationibus

2415 3404 2543 3484 jam
2572 3422 2753 3483 supra
2778 3402 3119 3474 insinuatiS,
3147 3421 3222 3463 ne
3248 3400 3354 3468 fiat
3387 3399 3633 3463 molesta
3657 3399 3964 3486 repetitio,

2424 3515 2534 3577 pro
2567 3496 2858 3558 sententia
2884 3542 2901 3570 ,
2950 3487 3106 3577 quae
3135 3495 3489 3557 adversatur
3519 3495 3810 3557 validitati
3838 3516 3970 3558 ma-

2423 3589 2722 3662 trimonii,
2773 3599 3000 3672 pugnat
3033 3584 3282 3651 loannes
3319 3587 3648 3651 Oinotomus
3672 3635 3688 3662 ‚
3720 3589 3830 3670 qui
3878 3598 3969 3653 est

2423 3688 2646 3752 Auctor
2698 3684 3032 3746 haereticus
3080 3684 3313 3747 larvato
3358 3684 3603 3745 nomine
3653 3685 3921 3746 scribens
3945 3730 3966 3759 ,

2422 3790 2650 3860 pugnat
2676 3779 2964 3839 Arnoldus
2998 3777 3260 3850 Vinnius,
3279 3777 3544 3839 haeresis
3575 3778 3798 3857 pariter
3834 3772 3972 3840 labe

2424 3875 2703 3943 infectus,
2737 3883 2962 3956 pugnat
2994 3875 3274 3942 Antonius
3298 3870 3499 3944 Faber,
3526 3872 3727 3953 magni
3758 3872 3972 3952 utique

2424 3970 2686 4044 nominis
2715 3968 2827 4029 Vir
2850 4014 2867 4042 ,
2912 3970 3272 4048 Praesesque
3291 3966 3625 4028 Pcimarius
3654 3967 3716 4026 iu
3744 3967 3970 4048 Supre-

2423 4085 2522 4125 mo
2544 4064 2881 4126 Sabaudiae
2913 4063 3134 4124 Senatu
3160 4107 3178 4134 ,
3208 4063 3310 4124 sed
3326 4061 3511 4146 unice
3536 4061 3599 4122 in
3624 4082 3805 4141 opere
3828 4062 3972 4125 alle-

2423 4164 2561 4238 gato
2606 4156 2872 4219 intentus
2910 4155 3293 4235 explicationi
3338 4151 3555 4216 mentis
3598 4155 3965 4235 Papiniani,

2426 4252 2595 4313 nulla
2623 4251 2778 4313 facta
2802 4250 3108 4312 mentione
3133 4251 3163 4308 J
3172 4249 3298 4310 uris
3336 4248 3674 4324 Pontificii;
3704 4271 3737 4311 e
3759 4259 3971 4314 contra

2424 4366 2574 4409 veru>
2594 4365 2702 4425 pro
2731 4343 3098 4418 matrimonii
3131 4344 3440 4406 validitate
3458 4353 3574 4406 stat
3590 4343 3835 4406 Iacobus
3858 4344 3974 4406 Cu-

2413 4441 2636 4518 jadm,
2680 4440 2756 4502 de
2790 4439 2961 4520 cujus
3003 4437 3284 4500 laudibus
3327 4437 3520 4501 multa
3558 4439 3803 4501 collecta
3850 4437 3967 4520 legi

2423 4541 2670 4614 possunt
2694 4533 2755 4593 in
2788 4540 3041 4594 tractatu
3065 4527 3307 4607 Blount,
3331 4533 3430 4594 cui
3462 4532 3695 4594 titulus:
3717 4531 3975 4616 Censura

2424 4629 2786 4710 celebriorum
2815 4627 3138 4686 Aetherem
3175 4646 3311 4706 paq.
3362 4631 3499 4687 752.
3532 4624 3760 4706 quique
3792 4625 3975 4705 Cuja-

2427 4720 2554 4784 cius
2574 4721 2948 4787 ,validitatem
2991 4719 3253 4795 adstruit
3293 4718 3665 4781 Matrimonii
3694 4766 3711 4790 ‚
3740 4718 3974 4781 exami-

2427 4825 2565 4878 nata
2611 4816 2932 4895 utriusque
2964 4814 3123 4896 juris
3163 4813 3552 4894 dispositione
3578 4860 3594 4884 ,
3644 4820 3703 4874 et
3734 4823 3854 4873 tam
3903 4812 3974 4875 iu

2424 4908 2885 4988 Commentariis
2914 4909 2989 4970 ad
3017 4908 3237 4990 LegeS,
3264 4927 3446 4989 quam
3488 4906 3553 4968 in
3590 4897 3986 4969 Commenta-⁴

2421 5005 2531 5066 riis
2563 5004 2640 5066 ad
2663 5002 2999 5065 Decretales
3016 5049 3035 5077 ‚
3059 5002 3344 5084 quodque
3371 5000 3695 5063 notabilius
3722 5009 3833 5074 est,
3858 5021 3974 5082 pro

2422 5098 2704 5172 nullitate
2725 5096 3099 5166 Matrimonii
3141 5105 3259 5158 stat
3291 5093 3661 5175 Papinianus
3683 5139 3702 5168 ,
3732 5113 3843 5175 pro
3864 5115 3973 5157 va-

2423 5191 2607 5254 lidate
2630 5192 3016 5254 Innocentius
3039 5190 3149 5252 III.
3180 5189 3242 5262 in
3271 5187 3537 5252 Concilio
3557 5187 3838 5270 Generali
3863 5190 3984 5270 La<

2424 5286 2719 5348 teranensi
2744 5329 2764 5359 ,
2799 5284 2950 5347 itaut
2972 5282 3258 5362 aptabilis
3284 5282 3560 5358 videatur
3601 5282 3930 5364 propositio
3953 5326 3979 5357 ,

2426 5380 2628 5455 debita
2658 5390 2857 5442 tamen
2890 5378 3165 5442 adhibita
3199 5375 3619 5458 proportione,
3644 5376 3978 5458 propositio

2378 5514 2386 5522 -
2423 5474 2677 5557 inquam
2695 5474 2759 5535 S.
2788 5472 3147 5571 Hieronymi
3179 5471 3245 5534 in
3268 5470 3380 5553 Epi
3392 5469 3640 5552 thaphio
3665 5470 3975 5558 Fabiolae,
