4393 6299
924 504 1028 558 no

1914 502 2360 574 QUAESTIONES
2399 500 2759 558 casomtcffi

856 657 1047 719 Panlo
1069 665 1196 738 post
1220 655 1687 741 assignationem
1707 655 1884 732 dotis,
1904 659 2167 722 Ioannes
2188 661 2285 722 Ja·
2338 653 2350 742 Ι
2396 675 2460 719 se
2486 677 2612 720 esse
2636 657 3150 721 manutenendum
3200 659 3266 721 in
3309 660 3678 742 possessione
3702 660 3954 746 Cappel-

736 750 922 813 cobus
944 771 979 814 e
1006 754 1131 816 vita
1162 754 1440 826 decessit3
1465 772 1728 834 cumque
1755 754 2133 824 nominatus,
2173 774 2279 817 seu

737 855 1151 928 praesentatus
1183 850 1263 911 ab
1309 849 1437 929 ipso
1470 858 1715 931 propter
1769 849 2222 931 incapacitatem
2253 870 2287 913 a

735 951 895 1005 statu
916 943 1256 1006 Monachali
1275 945 1671 1016 derivantem,
1698 944 2153 1025 Cappellaniam
2174 947 2286 1007 ob-

736 1038 930 1100 tinere
973 1058 1092 1099 non
1128 1039 1425 1119 potuerit,
1463 1059 1584 1101 non
1631 1040 1751 1102 fuit
1797 1041 1877 1102 ab
1925 1040 2290 1104 haeredibus

735 1132 892 1195 sacta
912 1133 1194 1196 instantia
1218 1154 1328 1215 pro
1341 1135 1640 1197 erectione
1654 1135 1939 1198 Beneficii
1964 1159 1981 1209 ς
2004 1138 2288 1219 quocirca

738 1228 1053 1290 accedente
1079 1228 1372 1310 Episcopo
1398 1230 1607 1293 AEsino
1630 1231 1705 1294 ad
1736 1231 2140 1295 visitationem
2172 1233 2285 1295 Ca-

734 1321 846 1385 stri
875 1323 1107 1385 Rosorii
1129 1342 1294 1386 anno
1325 1330 1498 1386 1697.
1529 1335 1660 1407 post
1685 1327 1838 1390 facta
1867 1328 2159 1390 nonnulla
2175 1330 2288 1390 De·

736 1425 1057 1492 creta,tam
1081 1420 1281 1498 quoad
1312 1421 1640 1500 quamdam
1654 1422 1932 1505 januam,
1965 1443 2071 1504 per
2100 1443 2284 1504 quam

736 1510 1078 1575 habebatur
1099 1513 1405 1595 ingressus
1431 1515 1495 1576 in
1528 1516 1853 1579 Ecclesiam
1873 1537 1909 1580 a
1938 1517 2171 1580 Ioanne
2184 1520 2287 1581 Ja-

736 1608 887 1672 oobo
919 1617 1254 1672 extructam
1282 1657 1298 1683 ,
1351 1630 1535 1692 quam
1590 1614 1792 1692 quoad
1846 1613 2285 1694 suppellectilia

738 1701 986 1777 Altaria,
1012 1701 1131 1766 fuit
1150 1704 1229 1766 ab
1248 1703 1458 1767 eodem
1487 1705 1795 1785 praefixus
1815 1706 2108 1769 terminus
2132 1708 2285 1770 duo-

738 1815 879 1858 rum
896 1797 1195 1858 mensium
1215 1796 1459 1860 haeredi
1480 1799 1557 1861 ad
1580 1800 1899 1878 petendam
1921 1801 2284 1864 erectionem

738 1891 1045 1966 Beneficii,
1067 1898 1128 1954 et
1151 1891 1558 1972 provisionem
1574 1895 1864 1970 Rectoris,
1899 1894 2151 1976 ipsoque
2181 1916 2284 1958 ne·

735 1985 999 2067 gligente
1054 1986 1387 2069 adimplere
1464 1988 1748 2052 mandata
1819 1989 1982 2052 intra
2043 1998 2280 2069 tempus

736 2077 1097 2159 praefixum,
1132 2080 1395 2144 instante
1445 2081 1797 2146 Promotore
1829 2082 2043 2147 Fiscali
2073 2129 2090 2158 ,
2139 2084 2284 2164 Epi-

737 2192 951 2254 scopus
1010 2173 1360 2248 declaravit,
1394 2175 1759 2238 Beneficium
1806 2197 1931 2239 esse
1966 2177 2041 2240 ad
2068 2196 2132 2240 se
2180 2177 2286 2240 de-

739 2267 1015 2330 volutum
1038 2313 1057 2341 ,
1095 2266 1373 2350 illudque
1411 2270 1767 2333 auctoritate
1796 2271 2108 2333 ordinaria
2153 2291 2285 2333 ere-

735 2362 850 2436 xit,
879 2372 940 2426 et
960 2362 1307 2426 instituitin
1337 2363 1710 2427 Beneficium
1743 2374 2098 2446 perpetuum
2120 2412 2136 2439 ,
2167 2366 2285 2427 im-

739 2457 930 2537 posita
962 2457 1329 2540 Cappellano
1358 2459 1729 2542 obligatione
1755 2461 2099 2524 celebrandi
2133 2481 2286 2544 qua-

741 2563 879 2614 tuor
908 2552 1121 2615 Missas
1166 2553 1439 2634 qualibet
1484 2553 1859 2618 hebdomada
1886 2603 1903 2628 ,
1947 2556 2123 2638 juxta
2172 2577 2241 2618 ea
2269 2602 2286 2629 ,

739 2664 899 2726 quae
921 2645 1171 2708 fuerunt
1197 2666 1232 2708 a
1262 2647 1606 2709 Fundatore
1631 2649 2020 2730 praescripta,
2045 2658 2107 2711 et
2138 2649 2288 2730 Cap·

736 2738 1063 2819 pellaniam
1088 2738 1344 2801 contulit
1364 2740 1678 2802 Sinibaldo
1700 2742 1951 2804 Durello
1977 2743 2283 2804 Germano

735 2832 911 2897 fratri
939 2831 1135 2894 Patris
1182 2833 1484 2895 vincentii
1518 2835 1774 2908 Durelli,
1806 2837 1911 2916 qui
1946 2848 2284 2917 praesenta·

737 2925 1091 2999 tionem,uti
1116 2925 1241 2989 dixi
1251 2947 1451 3000 mus,a
1475 2929 1820 2991 Fundatore
1843 2940 2277 3011 reportaverat.

852 3020 1202 3084 Sinibaldus
1234 3022 1538 3086 immissus
1576 3023 1694 3086 fuit
1738 3025 1801 3085 in
1854 3027 2280 3104 possessionem

732 3113 1158 3198 Cappellaniae
1184 3117 1273 3178 dis
1300 3122 1394 3179 19.
1430 3117 1769 3200 Septembris
1796 3125 1969 3183 1699.
2003 3122 2104 3184 sed
2129 3141 2284 3184 mor·

731 3209 842 3277 ‘luo
865 3210 1044 3273 Patre
1081 3210 1404 3273 Vincentio
1438 3211 1686 3274 Durello
1717 3232 1869 3274 anno
1902 3219 2078 3277 1713.
2115 3215 2283 3278 dela-

730 3309 918 3383 taque
962 3302 1146 3385 hujus
1192 3304 1404 3365 mortis
1432 3304 1648 3367 notitia
1682 3298 2156 3389 adPhilippum
2208 3309 2283 3372 de

733 3394 1091 3470 Ambrosiis,
1116 3394 1233 3459 fuit
1260 3397 1337 3458 ab
1358 3396 1471 3459 boc
1493 3406 1779 3478 tanquam
1807 3399 2066 3463 Patrono
2084 3403 2281 3464 nomi-

734 3498 915 3553 natus
943 3491 1025 3552 ad
1057 3489 1515 3571 Cappellaniam
1566 3494 1847 3556 Nicolaus
1878 3496 2225 3558 Bartolinus
2258 3544 2276 3572 ,

737 3591 1073 3665 exortaque
1098 3585 1256 3646 inter
1271 3584 1354 3646 hu
1364 3604 1456 3658 nc,
1472 3593 1529 3646 et
1543 3585 2283 3652 Sinibaldumcontrover-

735 3676 850 3749 sia,
875 3685 1007 3756 post
1031 3677 1326 3758 prolatam
1351 3697 1388 3740 a
1408 3679 1653 3741 vicario
1688 3681 1894 3741 AEsino
1921 3684 2280 3745 sententiam

736 3768 948 3833 favore
963 3770 1284 3846 Sinibaldi‚
1301 3773 1445 3835 bina
1464 3777 1960 3854 proponunturin
1974 3776 2085 3838 bac
2102 3777 2284 3841 Sacra

737 3863 1212 3947 Congregatione
1234 3866 1422 3928 dubia
1444 3913 1461 3940 ,
1493 3887 1754 3947 quorum
1787 3867 2046 3931 alterum
2090 3870 2281 3952 respi-

734 3957 818 4020 cit
841 3959 1196 4040 qualitatem
1216 3960 1664 4041 Cappellaniae,
1710 3963 1970 4024 alterum
2002 3964 2280 4028 nomina-

738 4052 965 4115 tionem
990 4055 1308 4135 nti-iusque
1355 4054 1786 4136 Collitigantis,
1818 4056 2119 4120 Sinibaldi
2165 4060 2281 4122 sci-

737 4144 879 4208 licet
905 4145 1162 4225 Durelli,
1191 4155 1250 4209 et
1278 4147 1505 4211 Nicolai
1534 4150 1830 4212 Bartolini
1855 4195 1871 4212 .

855 4240 1036 4330 Putat
1061 4249 1263 4303 autem
1304 4241 1675 4315 Sinibaldus‚
1720 4245 2170 4325 Cappellaniam
2218 4247 2278 4310 S.

736 4332 1076 4408 Ambrosii,
1131 4342 1388 4396 erectam
1430 4335 1494 4397 in
1540 4335 1785 4398 titulum
1845 4339 2118 4419 perpetui
2177 4343 2285 4403 Be-

737 4426 936 4495 neficii
962 4474 979 4501 ,
1032 4444 1153 4490 non
1209 4447 1336 4491 esse
1368 4430 1816 4492 reformandam
1860 4432 1925 4493 in
1968 4433 2281 4514 Cappella-

733 4522 902 4584 niam
944 4522 1332 4585 amovibilem
1389 4525 1590 4605 quoad
1628 4525 2026 4606 Cappellanos
2071 4536 2279 4591 extrab

733 4615 1030 4679 familiam
1073 4617 1471 4690 Fundatoris,
1521 4637 1643 4680 non
1684 4621 1960 4682 obstante
2001 4622 2275 4701 ejusdem

733 4711 1066 4783 voluntate,
1096 4731 1232 4773 cum
1256 4712 1604 4793 praevalere
1636 4712 1853 4775 debeat
1877 4715 2098 4776 erectio
2121 4714 2280 4780 facta

730 4805 987 4867 servatis
1012 4805 1324 4867 servandis
1349 4806 1429 4868 ab
1449 4806 1767 4887 Episcopo,
1783 4808 1887 4888 qui
1918 4826 2282 4872 concurren-

731 4904 793 4961 te
818 4897 1160 4960 Haeredum
1191 4896 1577 4980 negligentia,
1641 4901 1836 4981 potuit
1857 4901 2171 4976 devenire,
2206 4903 2282 4964 si-

730 4992 853 5060 cuti
883 4992 1124 5054 devenit
1169 4993 1244 5054 ad
1295 4993 1656 5055 erectionem
1706 4993 2133 5075 Cappellaniae
2156 5040 2173 5069 ,
2222 5004 2282 5058 et

728 5103 862 5148 eam
886 5086 1119 5148 efficere
1160 5094 1508 5167 perpetuam
1530 5132 1548 5160 ,
1577 5095 1637 5149 et
1659 5096 1960 5167 quatenus
1997 5087 2282 5150 voluntas

728 5180 1054 5241 'testatoris
1078 5179 1433 5261 praevalere
1453 5179 1700 5241 deberet
1725 5180 2063 5260 Episcopali
2093 5180 2275 5242 Ordi-

728 5270 963 5331 nationi
990 5315 1007 5344 ,
1061 5269 1143 5333 ita
1195 5278 1262 5332 ut
1321 5270 1699 5351 cappellania
1764 5271 2060 5333 censenda
2126 5280 2280 5335 esset

727 5363 1095 5437 amovibilis,
1130 5363 1378 5444 quando
1412 5363 1546 5444 ipsa
1573 5362 1884 5425 obtinetur
1906 5384 1943 5426 a
1961 5364 2278 5444 Cappella-

2399 752 2598 815 laniae
2628 754 3022 835 quoadusque
3045 754 3231 826 vivet,
3263 757 3639 836 potissimum
3662 760 3807 839 quia
3841 779 3951 839 pro

2399 848 2731 910 remotione
2761 847 3207 929 Cappellaniae,
3239 852 3519 929 quamvis
3555 849 3946 924 amovibilis,

2400 943 2730 1005 necessaria
2763 950 2851 1004 est
2902 960 3119 1017 causa,
3160 944 3414 1024 quaein
3462 944 3781 1027 hypothesi
3826 966 3950 1009 non

2400 1039 2602 1099 adest.

2517 1130 2800 1212 Excipite
2816 1140 3023 1194 contra
3047 1131 3327 1194 Nicolaus
3346 1133 3421 1194 de
3450 1134 3793 1208 Bartolinis,
3820 1134 3951 1215 pri-

2402 1244 2522 1300 mo,
2554 1226 2716 1306 quod
2737 1226 2898 1288 clara
2923 1235 3064 1288 sunt
3091 1228 3277 1288 verba
3302 1227 3687 1303 Fundatoris,
3722 1229 3784 1289 in
3809 1229 3950 1309 qui·

2400 1322 2513 1382 bus
2528 1321 2814 1402 disponit,
2842 1320 3293 1402 Cappellaniam
3319 1322 3540 1384 debere
3566 1342 3694 1385 esse
3715 1322 3948 1385 amovi·

2400 1414 2583 1477 bilem
2603 1416 2662 1476 in
2676 1415 2974 1497 hypotesi,
2995 1416 3056 1476 in
3081 1434 3204 1496 qua
3226 1415 3302 1478 ad
3330 1435 3462 1478 eam
3495 1425 3953 1496 praesententur

2398 1508 2743 1589 Cappellani
2759 1517 2929 1572 extra
2942 1509 3236 1572 familiam
3249 1508 3630 1572 Fundatoris.
3647 1510 3946 1582 Secundo,

2398 1604 2560 1683 quod
2589 1603 2920 1684 Episcopus
2962 1623 3081 1665 non
3113 1611 3348 1683 poterat
3394 1602 3585 1687 legem
3616 1605 3950 1666 Fundatio-

2401 1699 2493 1759 nis
2521 1697 2779 1760 alterare
2800 1741 2816 1758 .
2853 1697 3092 1770 Tertio,
3118 1697 3282 1778 quod
3308 1698 3545 1760 decreta
3572 1697 3732 1760 edita
3759 1699 3822 1759 in
3854 1697 3947 1759 vi·

2398 1793 2699 1865 sitatione,
2735 1792 2811 1853 de
2837 1811 2958 1872 qua
2984 1812 3166 1874 supra
3194 1800 3394 1856 actum
3424 1802 3535 1867 est,
3562 1812 3793 1855 necnon
3823 1812 3947 1855 ere·

2394 1887 2511 1949 ctio
2541 1886 2823 1949 Beneficii
2868 1895 3067 1950 secuta
3119 1895 3263 1949 sunt
3315 1889 3545 1969 absque
3595 1886 3947 1950 necessariis

2395 1983 2784 2045 citationibus
2814 1985 3101 2045 interesse
3122 1982 3504 2053 habentium,
3530 1990 3588 2044 et
3609 1983 3946 2064 signanter,

2400 2077 2644 2139 illorum
2668 2077 2745 2139 de
2768 2078 3122 2150 Ambrosiis,
3149 2077 3255 2157 qui
3283 2096 3444 2138 nunc
3464 2085 3605 2138 sunt
3631 2077 3696 2136 in
3727 2075 3943 2150 Causa,

2397 2178 2457 2233 et
2478 2170 2583 2251 qui
2603 2181 2745 2232 tunc
2762 2180 2937 2234 erant
2961 2172 3245 2233 minores.
3274 2172 3505 2246 Quarto
3516 2170 3781 2250 denique
3807 2169 3948 2231 nul-

2397 2265 2519 2327 lam
2586 2285 2754 2347 posse
2811 2265 3127 2328 Sinibaldo
3177 2265 3494 2346 suffragari
3549 2265 3951 2326 manutentio-

2398 2379 2575 2432 nem,
2633 2380 2769 2422 cum
2825 2361 3009 2423 fuerit
3052 2360 3357 2422 immissus
3403 2360 3470 2419 in
3512 2357 3944 2439 possessionem

2399 2455 2821 2535 Cappellaniae
2867 2474 2944 2518 ex
2976 2455 3155 2517 titulo
3183 2454 3356 2516 nullo
3377 2500 3393 2529 ,
3423 2463 3483 2515 et
3508 2453 3754 2535 injusto,
3786 2452 3948 2513 mul-

2397 2557 2579 2630 toque
2632 2550 2824 2633 magis
2849 2595 2866 2624 ,
2913 2549 3056 2631 quia
3107 2549 3367 2611 subinde
3420 2567 3601 2609 verus
3650 2548 3948 2609 Patronus

2393 2644 2641 2725 agnovit
2661 2646 2762 2726 jus
2782 2664 2984 2720 sunm,
3001 2652 3062 2707 et
3079 2644 3158 2707 ad
3180 2644 3365 2707 aliam
3396 2640 3946 2705 Praesentationem

2395 2735 2640 2801 devenit
2668 2781 2685 2798 .

2512 2833 2625 2894 His
2650 2832 2878 2913 positis,
2903 2832 3252 2913 quaeritur:

2511 2924 2561 2985 Ι.
2600 2924 2696 2985 An
2727 2927 2926 2986 erectio
2956 2926 3364 3006 Cappellaniae
3386 2922 3455 2984 S.
3497 2922 3786 2983 Ambrosii
3829 2919 3948 2981 Ca-

2390 3022 2501 3079 stri
2523 3021 2747 3081 Rosorii
2768 3022 2844 3081 ad
2882 3021 3119 3080 titulum
3134 3021 3396 3099 perpetui
3430 3017 3705 3099 Beneficii
3745 3020 3820 3078 sit
3861 3036 3949 3077 re-

2391 3115 2695 3191 formanda
2737 3116 2802 3175 in
2855 3112 3294 3195 Cappellaniam
3350 3114 3706 3175 amovibilcm
3758 3111 3946 3191 qumod

2392 3210 2769 3291 cappellanus
2819 3220 2988 3270 amru
3016 3210 3304 3287 familiam
3334 3207 3683 3269 Fundatoris
3711 3208 3787 3268 ad
3830 3206 3948 3283 for·

2392 3324 2542 3365 mam
2590 3305 2974 3385 dispositionis
3001 3304 3267 3381 ejusdem,
3296 3313 3348 3363 ct
3376 3314 3654 3382 quatenus
3685 3301 3942 3380 offirma-

2391 3399 2500 3458 tivs
2529 3416 2545 3457 z

2507 3489 2591 3552 ΙΙ.
2623 3489 2720 3550 An
2758 3493 2835 3552 sit
2855 3491 3182 3571 eoesqusndo
3212 3490 3527 3551 nominatio
3559 3489 3625 3546 in
3643 3505 3942 3567 porsonam

2391 3586 2462 3648 R.
2498 3586 2572 3645 D.
2617 3584 2853 3647 Nicoloi
2879 3584 3198 3655 Bartolini,
3245 3586 3332 3645 vol
3358 3585 3545 3663 potius
3571 3583 3646 3641 sit
3675 3590 3940 3643 manme-

2390 3682 2606 3741 naudus
2629 3680 2902 3741 Durellus
2927 3682 2992 3740 in
3010 3680 3339 3760 possessione
3363 3677 3608 3756 ejusdcm
3632 3674 3943 3757 Cappella-

2390 3774 2523 3836 niae
2543 3775 2710 3835 donec
2729 3775 2964 3847 vixerit,
2994 3774 3059 3832 in
3084 3792 3221 3834 casu
3254 3782 3356 3833 stc.

2496 3964 2650 4015 Sacra
2673 3964 2870 4032 Congr.
2900 3962 3210 4032 respondit:

2570 4049 2666 4105 Ad
2689 4050 2942 4102 Primum
2972 4048 3332 4118 firmative.
3358 4046 3456 4102 Ad
3508 4047 3816 4102 Secundum
3867 4044 3946 4100 δι’·

2386 4140 2522 4201 lata,
2550 4150 2602 4191 et
2627 4137 3022 4207 coadjuvemur
3039 4138 3421 4205 probationes.

2493 4226 2698 4279 Deinde
2727 4226 3063 4295 reproposita
3090 4226 3257 4278 Causa
3286 4222 3374 4278 die
3401 4223 3495 4276 26.
3524 4223 3739 4294 Augusti
3784 4222 3940 4274 17¹⁹.

2389 4313 2540 4365 Sacra
2568 4314 2765 4382 Congr.
2796 4313 3110 4382 respondit:

2571 4401 2665 4454 Ad
2683 4400 2921 4470 primum
2945 4400 3000 4451 in
3029 4384 3239 4452 decisis.
3263 4398 3361 4452 Ad
3379 4399 3676 4452 secundum
3700 4395 3942 4465 negative

2384 4488 2461 4541 ad
2477 4489 2716 4560 primam
2736 4500 2971 4559 partem,
3003 4474 3344 4556 ffrinative
3372 4486 3448 4538 ad
3465 4484 3762 4539 secundam
3791 4522 3804 4536 .

2885 4680 3248 4758 QUAESTto
3303 4680 3458 4745 CIV.

2463 4897 2537 4959 In
2564 4898 2759 4962 Causa
2794 4897 3053 4962 Comensi
3079 4898 3593 4967 Distributionum,
3611 4895 3721 4956 dis
3745 4898 3848 4954 22.

2942 4992 3167 5074 Aprilis
3199 4997 3375 5053 1719.

2387 5124 2605 5243 Anno
2630 5186 2806 5243 1618.
2839 5179 2956 5244 fuit
2972 5186 3260 5251 erectum,
3291 5186 3351 5241 et
3378 5176 3699 5239 fundatum
3732 5173 3799 5235 in
3820 5173 3936 5236 Ca-

2393 5272 2655 5335 thedrali
2693 5273 2956 5336 Ecclesia
3006 5272 3279 5335 Comensi
3329 5270 3408 5333 ab
3446 5269 3684 5331 Abbate
3730 5267 3937 5329 Marco

2387 5366 2588 5427 Gallio
2607 5367 2844 5449 insigne
2863 5366 3195 5447 Collegium
3207 5372 3338 5427 octo
3357 5360 3932 5431 Mansionariorum‚

725 5459 822 5519 nis
847 5467 1022 5520 extra
1048 5456 1364 5528 familiam,
1395 5456 1706 5519 contendit
1729 5456 1884 5520 idem
1916 5457 2272 5520 Sinibaldus
2385 5458 2493 5540 qui
2525 5458 2821 5523 inservire
2861 5457 3152 5523 deberent
3189 5457 3387 5521 eidem
3420 5454 3767 5519 Cathedrali
3810 5453 3938 5515 die-
