4393 6299
960 483 1032 536 90
1979 484 2425 555 QtJAEs'rtoNEs
2464 480 2824 536 caNomcAE

1161 639 1521 714 QUAESTIO
1574 637 1922 702 LXXXIII.

845 828 915 888 In
946 826 1138 890 Causa
1163 828 1476 908 Saqonensi
1500 827 1810 891 Nullitatis
1836 827 2210 906 Professionis
2228 875 2243 897 ‚

1179 923 1270 983 die
1300 926 1359 984 ὁ.
1392 921 1696 984 Februarii
1724 926 1901 983 1719.

770 1055 1020 1172 Frater
1046 1111 1396 1173 Dominicus
1417 1109 1771 1174 Franciscus
1814 1109 1890 1170 de
1920 1109 2105 1170 Lama
2137 1115 2318 1169 natus

767 1214 857 1267 est
899 1206 988 1266 die
1038 1211 1097 1266 8.
1144 1205 1304 1266 Julii
1346 1227 1498 1268 anno
1542 1211 1716 1266 1691.
1764 1212 1824 1266 61
1871 1202 2316 1264 Professionem

769 1300 1125 1382 Regularem
1147 1301 1346 1362 emisit
1367 1301 1428 1362 in
1452 1299 1765 1382 Religione
1781 1298 2089 1361 Minorum
2116 1295 2321 1358 Refor-

769 1405 1069 1456 matorum
1096 1395 1295 1456 Sancti
1325 1395 1624 1456 Francisci
1654 1399 1748 1454 10.
1795 1393 2107 1453 Decembris
2138 1396 2314 1452 1706.

769 1498 828 1549 61
849 1487 987 1549 11661
1010 1489 1169 1550 111116
1187 1488 1680 1569 quinquennium
1701 1486 1961 1548 voluerit
1985 1485 2318 1547 reclamare

769 1582 929 1661 apud
965 1581 1212 1643 Ordinis
1241 1583 1714 1654 provincialem,
1742 1579 2176 1642 Professionem
2218 1579 2320 1639 ni-

771 1675 1103 1738 bilominus
1133 1677 1453 1740 ratificavit
1481 1696 1759 1759 expresse
1791 1677 1881 1737 die
1910 1681 1968 1737 8.
2006 1675 2320 1736 Decembris

775 1776 949 1831 1711.
981 1771 1256 1851 Cumque
1285 1771 1347 1832 in
1383 1769 1679 1852 praesenti
1711 1770 1890 1831 instet
1933 1787 2045 1849 pro
2076 1787 2320 1830 conces-

773 1865 942 1927 sione
989 1866 1383 1928 restitutionis
1432 1866 1497 1928 in
1549 1868 1854 1946 integrum
1885 1909 1901 1937 ,
1954 1863 2031 1925 de
2083 1864 2324 1925 duobus

773 1960 1093 2040 praecipue
1115 1960 1357 2021 videtur
1374 1978 1501 2021 esse
1519 1958 1978 2040 inquirendum,
2006 1957 2119 2018 1166
2137 1965 2229 2019 661
2249 1958 2324 2020 de

777 2053 1151 2114 Professione
1175 2099 1192 2126 ,
1240 2061 1300 2115 et
1341 2053 1416 2115 de
1443 2052 1837 2116 Professionis
1888 2050 2320 2114 ratificatione.

773 2146 985 2220 Quoad
1041 2146 1513 2220 Professionem,
1567 2147 1737 2210 nulla
1781 2156 1973 2219 esset,
2020 2148 2095 2210 de
2139 2147 2326 2218 nulli-

777 2250 899 2302 tate
931 2240 1236 2321 loquendo
1262 2290 1275 2311 ,
1303 2241 1625 2305 difficultas
1652 2291 1667 2314 ‚
1710 2260 1848 2305 cum
1879 2242 2094 2327 emissa
2124 2241 2326 2306 ¹fuerit

774 2345 915 2396 ante
937 2335 1235 2398 decimum
1265 2345 1500 2398 sextum
1534 2357 1760 2397 annum
1790 2337 2093 2417 expletum
2118 2344 2328 2399 contra

777 2429 1040 2491 litteram
1065 2430 1228 2492 Sacri
1260 2430 1512 2492 Concilii
1543 2430 1882 2492 Tridentini
1909 2450 2038 2492 sess.
2064 2435 2163 2492 25.
2196 2452 2322 2510 cap.

779 2527 874 2585 15.
909 2525 973 2586 de
1004 2525 1205 2604 Requi.
1242 2524 1346 2586 ubi
1380 2525 1680 2587 Professio
1715 2525 1915 2587 taliter
1954 2524 2170 2587 emissa
2223 2524 2327 2586 de-

774 2617 1039 2680 claratur
1093 2618 1261 2681 nulla
1287 2665 1305 2691 ,
1362 2639 1474 2681 1166
1526 2619 1715 2681 ullam
1766 2619 1988 2681 dicitur
2044 2619 2331 2681 inducere

777 2711 1233 2792 obligationem
1267 2712 1369 2774 sed
1390 2713 1535 2793 quia
1564 2730 1841 2794 expressa
1864 2711 2212 2791 supervenit
2233 2732 2330 2774 ra-

779 2805 1028 2868 tificatio
1064 2825 1200 2867 cum
1249 2807 1503 2887 positiva
1536 2806 1788 2870 scientia
1825 2805 1888 2867 in
1929 2806 2326 2881 Ratificante,

779 2902 943 2983 quod
993 2901 1287 2962 Professio
1317 2910 1447 2963 erat
1487 2901 1655 2963 1111116
1689 2899 1924 2963 1611666
1960 2900 2172 2963 6616116
2200 2947 2217 2975 ,
2265 2901 2331 2963 16

780 3016 905 3077 quo
932 3015 1138 3057 rerum
1162 3005 1319 3056 statu
1337 3042 1351 3067 ,
1384 2996 1520 3058 data
1551 2995 1865 3057 validitate
1889 2994 2329 3070 ratificationis‚

781 3110 902 3152 1166
928 3100 1120 3169 1166661
1150 3090 1442 3152 Professio
1472 3090 1597 3152 11116
1636 3090 1811 3152 modo
1834 3089 2206 3170 impugnari,
2227 3093 2330 3172 ju-

778 3196 881 3248 xta
912 3186 1152 3248 Teaetum
1191 3189 1253 3245 in
1286 3207 1409 3266 cap.
1443 3186 1847 3267 Siqnificatum
1876 3187 1942 3245 de
1967 3185 2171 3265 869111.
2209 3186 2294 3248 1111
2314 3233 2332 3260 ,

783 3304 877 3344 seu
906 3293 1029 3362 post
1067 3284 1338 3343 decimum
1374 3292 1644 3361 quartum
1672 3303 1891 3343 annum
1934 3282 2337 3361 Professionem

783 3399 821 3440 a
845 3398 899 3438 se
922 3379 1083 3457 prius
1110 3379 1319 3455 sar-tam
1345 3424 1357 3443 ,
1391 3387 1581 3436 ratam
1605 3377 1894 3448 habuerit,
1921 3385 1982 3438 et
2016 3376 2080 3436 in
2123 3397 2249 3457 cap.
2285 3378 2336 3438 is

783 3473 977 3550 quide
1001 3471 1200 3550 Requl.
1247 3474 1312 3530 in
1341 3476 1401 3531 6.
1444 3470 1574 3542 ibi,
1615 3492 1709 3531 seu
1757 3470 2160 3546 Professionem
2201 3491 2238 3532 a
2283 3491 2338 3532 se

777 3569 946 3647 pm‘us
992 3568 1202 3643 factam
1226 3576 1417 3626 ratam
1456 3584 1709 3644 expresse
1744 3567 1944 3627 habeat
1968 3614 1983 3635 ,
2029 3565 2172 3627 binc
2204 3574 2333 3637 661,

785 3659 946 3740 quod
973 3668 1161 3720 totum
1185 3659 1506 3721 instantiae
1526 3660 1761 3739 pondus
1783 3658 1857 3721 ad
1880 3659 2339 3723 ratificationem

791 3753 1125 3815 reducitur.

905 3848 1223 3910 Contendit
1255 3848 1459 3928 itaque
1488 3848 1702 3909 Frater
1728 3848 2111 3919 Dominicus,
2147 3850 2341 3911 ratifi-

787 3943 1083 4005 cotionem
1113 3942 1298 4003 fuisse
1340 3941 1570 4003 nullam
1601 3991 1617 4014 ‚
1650 3951 1857 4023 11111616
1889 3944 2165 4006 emissam
2199 3965 2341 4027 pro-

781 4048 913 4119 pter
941 4037 1064 4098 vim
1088 4081 1105 4108 ,
1156 4045 1214 4098 et
1247 4044 1472 4098 metum
1503 4037 1814 4100 cadentem
1863 4038 1925 4098 in
1972 4048 2343 4101 constantem

789 4131 990 4193 virum
1012 4176 1029 4203 ‚
1056 4129 1294 4215 sibique
1336 4130 1640 4191 incussum
1676 4150 1710 4193 a
1756 4132 2082 4194 Laurentio
2114 4131 2338 4205 fratre,

791 4226 897 4306 qui
926 4270 943 4298 ,
971 4223 1230 4305 pugione
1252 4223 1325 4285 ad
1354 4231 1559 4303 pectus
1603 4225 1843 4287 admoto
1868 4272 1884 4297 ,
1914 4246 2054 4288 6616
2084 4226 2159 4288 611
2198 4228 2343 4289 rati-

789 4318 1141 4382 tilicandum
1171 4317 1445 4391 induxit,
1478 4318 1565 4379 uti
1596 4319 1931 4382 desumitur
1962 4340 2038 4382 ex
2077 4322 2344 4403 ejusdem

789 4410 1099 4477 Laurentii
1128 4411 1489 4485 testimonio,
1515 4413 1622 4493 qui
1642 4414 1902 4476 stimulis
1923 4415 2341 4490 conscientiae,

790 4518 849 4572 et
891 4506 1415 4570 exhortationibus
1466 4506 1986 4570 Missionariorum
2039 4519 2346 4589 permotus

789 4623 916 4665 1616
943 4610 1127 4664 1616111
1159 4601 1397 4680 apernit
1418 4646 1434 4674 ,
1462 4619 1582 4662 non
1612 4603 1923 4674 obstante,
1961 4604 2124 4683 quod
2154 4604 2343 4666 fatea-

790 4707 891 4759 tur
913 4716 1214 4779 egressum
1244 4695 1475 4757 Fratris
1497 4696 1794 4759 Dominici
1819 4717 1855 4759 a
1889 4697 2203 4779 Religione
2225 4699 2342 4760 sibi

791 4791 1068 4854 futurum
1102 4809 1228 4851 esse
1258 4789 1745 4871 praejudicialem
1776 4837 1792 4865 ,
1826 4801 2069 4873 propter
2096 4793 2345 4855 divisio-

789 4906 931 4949 nem
985 4886 1282 4946 bonorum
1339 4893 1731 4964 paternorum
1759 4933 1776 4957 ,
1831 4905 2016 4965 quam
2063 4886 2167 4949 ille
2217 4896 2349 4968 post

790 4999 1093 5063 egressum
1125 4978 1513 5059 praetendere
1539 4986 1770 5058 posset.
1803 4979 2181 5043 Concordant
2207 5002 2346 5043 cum

786 5072 1115 5138 Laurentio
1133 5072 1235 5134 alii
1262 5080 1436 5133 testes
1458 5072 1820 5153 deponentes
1838 5074 1913 5136 de
1935 5075 2168 5137 auditu.
2187 5075 2352 5150 Quo-

793 5169 953 5238 circa
984 5166 1355 5249 propositum
1383 5165 1502 5228 fuit
1528 5166 1595 5227 in
1633 5168 2106 5249 Congregatione
2137 5169 2347 5233 habita

793 5265 883 5325 die
924 5267 982 5325 ὁ.
1018 5261 1322 5323 Februarii
1358 5259 1529 5322 [719.
1556 5271 1909 5325 consuetum
1938 5262 2194 5326 dubium
2222 5309 2238 5337 ,
2269 5285 2349 5326 an

791 5361 865 5418 sit
886 5357 1227 5418 concedenda
1250 5357 1533 5416 restitutio
1572 5358 1636 5417 in
1663 5358 1947 5438 integrum
1987 5361 2053 5418 in
2086 5377 2257 5427 casu,
2289 5367 2349 5421 et

795 5468 1146 5530 responsum
1189 5447 1307 5509 fuit
1340 5448 1541 5510 Dilata
1566 5496 1583 5520 ,
1634 5460 1685 5511 et
1728 5451 2165 5530 coadjuvemur:
2206 5471 2342 5531 pro-

2393 2201 2401 2210 .
2434 2169 2569 2210 rum
2600 2149 2716 2211 suit
2735 2151 2865 2231 ejus
2888 2150 3087 2234 166166
3131 2223 3132 2226 Ἴ
3225 2213 3230 2220 .

2429 634 2707 711 bationes,
2759 649 2812 700 ee
2856 638 3170 720 Episcopus
3211 638 3475 720 procedat
3520 651 3693 720 prom
3732 642 3797 703 de
3831 641 3980 705 Iure

2428 742 2625 792 contra
2653 732 3028 794 Laurentium
3058 733 3316 796 Fratrem
3347 734 3633 796 Oratoris.

2547 825 2617 885 111
2650 825 2833 907 hujus
2857 827 3127 907 rescripti
3165 829 3611 901 executionem,
3644 831 3818 892 datae
3845 830 3978 892 fue-

2430 929 2570 980 runt
2601 919 2811 984 literae
2836 922 2913 984 ad
2941 921 3327 1002 Episcopum,
3353 932 3412 985 et
3438 943 3574 984 eum
3601 923 3662 984 in
3697 925 3858 986 Urbe
3879 926 3981 987 ad-

2428 1023 2622 1075 essent
2648 1017 2926 1078 nonnulli
2956 1016 3239 1098 Religiosi
3268 1063 3284 1089 ,
3326 1016 3432 1097 qui
3477 1017 3652 1099 juxta
3700 1019 3977 1082 ordinem

2430 1109 2645 1172 Sacrae
2661 1109 3152 1193 Congregationis
3177 1119 3450 1191 poterant
3467 1113 3826 1194 coadjuvare
3850 1134 3984 1194 pro-

2430 1205 2730 1278 bationes,
2761 1207 2851 1267 die
2877 1211 2935 1268 4.
2976 1207 3193 1268 Martii
3232 1212 3405 1267 1719.
3443 1226 3792 1285 responsum
3831 1207 3977 1282 suit,

2436 1298 2891 1362 Eminentissimo
2925 1301 3092 1361 Urbis
3139 1301 3365 1361 Vicario
3387 1348 3402 1372 ,
3450 1305 3552 1380 qui
3592 1303 3854 1380 diqnetur
3880 1322 3982 1361 no-

2430 1396 2580 1453 mine
2613 1393 2748 1455 Sac.
2802 1393 3265 1475 Conqreqationis
3295 1398 3535 1476 recipere
3580 1416 3816 1457 examen
3859 1396 3980 1472 sor-

2432 1490 2576 1548 male
2609 1488 2885 1561 Tatium,
2920 1489 3401 1570 examinatisque
3437 1490 3596 1551 binis
3630 1489 3978 1571 ReligiosiS,

2431 1589 2573 1644 tunc
2607 1585 3118 1647 commorantibus
3148 1585 3210 1646 in
3237 1585 3550 1648 Conventa
3579 1587 3640 1647 S.
3678 1585 3981 1648 Francisci

2430 1677 2503 1738 ad
2530 1677 2763 1758 Ripam‚
2784 1699 2858 1742 ex
2876 1700 3137 1759 quorum
3160 1679 3334 1742 dictis
3361 1680 3677 1743 resultavit
3701 1681 3976 1743 Fratrem

2431 1773 2812 1835 Dominicum
2835 1774 3019 1835 fuisse
3039 1775 3317 1836 adactum
3339 1793 3444 1855 per
3465 1775 3593 1836 vim
3612 1820 3628 1848 ,
3654 1781 3714 1836 et
3757 1780 3984 1835 metum

2431 1865 2570 1935 61111,
2596 1876 2887 1948 utsupra,
2916 1887 2954 1929 6
2977 1868 3193 1929 Fratre
3224 1867 3483 1942 illatum,
3517 1877 3588 1929 ut
3614 1868 3742 1947 ipse
3771 1868 3984 1930 Frater

2431 1961 2782 2023 Dominicus
2809 1962 3162 2024 Franciscus
3201 1961 3427 2025 factum
3469 1961 3827 2043 exponendo
3852 1981 3984 2024 sae-

2429 2057 2567 2136 pius
2586 2075 2724 2118 cum
2751 2055 2897 2136 ipsis
2922 2053 3136 2119 fuerat'
3211 2063 3518 2138 1111666166,
3547 2055 3851 2136 proposita
3872 2055 3985 2118 ite-

3235 2153 3244 2160 ”
3344 2170 3374 2210 1
3397 2149 3774 2212 restitutione
3795 2149 3859 2210 in
3890 2149 3985 2209 in-

2433 2252 2668 2323 tegrum
2697 2243 2758 2302 in
2788 2229 3126 2326 Congrefflt
3153 2315 3156 2316 ⁷
3203 2307 3216 2326 ᾧ
3294 2244 3503 2305 11611116
3527 2244 3616 2303 die
3644 2249 3702 2303 5.
3736 2242 3988 2321 Auqusti

2441 2341 2612 2397 1719.
2643 2339 2746 2400 6611
2769 2359 2906 2401 6616
2931 2337 3141 2400 1116166
3215 2337 3828 2420 Ι11166611186366611616
3872 2337 3984 2399 ad-

2437 2430 2557 2493 11116
2578 2450 2698 2492 666
2718 2434 3234 2513 supervenissent,
3251 2452 3604 2513 responsum
3632 2432 3747 2493 fuit
3769 2477 3788 2506 ,
3817 2431 3987 2494 Dila-

2437 2535 2497 2587 ta
2522 2574 2538 2597 ,
2564 2537 2615 2586 et
2636 2528 2841 2587 dentur
2878 2530 3072 2590 literae
3105 2530 3474 2608 urqentiores.

2536 2618 2616 2680 Su
2627 2629 3028 2698 pervenerunt
3046 2621 3273 2684 interea
3296 2621 3506 2684 literae
3536 2619 3819 2702 praedicti
3846 2618 3989 2698 Epi-

2437 2713 2596 2793 scopi
2624 2763 2641 2784 ,
2669 2734 2790 2776 una
2813 2735 2952 2776 cum
2973 2715 3128 2777 serie
3153 2725 3427 2777 actorum
3454 2716 3534 2778 611
3562 2715 3770 2777 6611661
3792 2720 3990 2796 gesto-

2439 2825 2599 2868 rum.
2635 2809 2824 2870 Porro
2849 2830 2925 2870 ex
2956 2809 3076 2870 illis
3102 2808 3362 2871 habetur
3384 2855 3400 2882 ,
3437 2809 3634 2890 primo
3654 2855 3672 2884 ,
3711 2808 3875 2889 quod
3901 2809 3991 2870 ci-

2440 2908 2600 2963 tatus
2632 2900 2749 2963 fuit
2787 2902 3181 2975 Laurentius,
3237 2901 3451 2983 illique
3492 2902 3610 2964 fuit
3656 2902 3995 2983 assignatus

2444 2995 2736 3058 terminus
2764 2995 3001 3057 dierum
3050 3014 3265 3056 novem
3285 3041 3304 3067 ‚
3363 2995 3548 3057 trium
3577 2999 3705 3076 ‘pro
3751 2993 3946 3076 prima
3974 3042 3992 3065 ,

2443 3089 2630 3152 trium
2659 3109 2768 3169 pro
2785 3089 3069 3162 secunda,
3097 3097 3157 3151 et
3192 3089 3377 3151 trium
3407 3108 3516 3170 pro
3539 3087 3718 3152 tertia
3743 3088 3997 3152 canoni-

2440 3205 2508 3248 ca
2530 3186 2882 3258 monitione,
2905 3185 2981 3247 ad
3004 3184 3498 3265 comparendum,
3518 3194 3578 3246 et
3597 3185 3675 3245 ad
3695 3184 3996 3246 deducen-

2442 3281 2580 3343 dam
2613 3299 2855 3343 causam
2896 3299 3089 3360 quare
3119 3298 3238 3340 666
3269 3279 3515 3340 deberet
3555 3277 3848 3340 declarari
3888 3297 3997 3339 ex-

2442 3375 2916 3439 communicatus
2945 3375 3025 3436 ob
3048 3372 3396 3435 violentiam
3420 3372 3741 3435 exercitam
3777 3371 3997 3433 adver-

2443 3489 2544 3531 sus
2555 3470 2827 3530 Fratrem
2839 3466 3219 3547 Dominicum
3243 3466 3317 3528 ad
3340 3465 3614 3529 effectum
3633 3472 4003 3545 extorquen-

2445 3563 2507 3626 di
2536 3565 2615 3625 611
2640 3560 3347 3625 eodem-ratificationem
3392 3558 3726 3640 Religiosae
3772 3556 4008 3638 profes-

2448 3677 2658 3719 sionis.
3786 3718 3792 3723 .

2565 3751 2871 3821 Secundo,
2902 3748 3066 3831 quod
3090 3748 3451 3810 Laurentius
3482 3746 3641 3808 intra
3675 3745 4002 3807 terminum

2448 3836 2562 3908 sibi
2592 3847 2959 3927 assignatum
2983 3843 3343 3923 comparuit,
3369 3860 3669 3922 suumque
3694 3849 4000 3920 peccatum

2447 3942 2839 4023 sequentibus
2874 3938 3077 4001 verbis
3127 3937 3448 4017 exposuit,
3485 3956 3599 3996 esso
3647 3937 4003 4016 supplicante
4084 3969 4088 3973 .

2447 4039 2750 4119 yenuflesso
2795 4035 2998 4109 a‘suoi
3041 4034 3195 4114 piedi
3233 4031 3480 4109 consessa
3522 4032 3571 4090 il
3599 4030 3746 4108 [allo
3789 4030 3866 4090 da
3917 4030 4007 4089 lui

2450 4149 2740 4193 commosse
2759 4130 2914 4191 nella
2939 4148 3046 4189 sua
3080 4128 3424 4207 deposizione
3451 4124 3653 4187 d’aver
3695 4144 3807 4186 esso
3837 4125 4004 4185 costi-

2455 4228 2597 4286 tuito
2617 4226 3023 4304 sorzatamente
3053 4267 3069 4294 ‚
3101 4222 3273 4283 anche
3299 4239 3403 4280 con
3437 4238 3604 4281 mano
3623 4228 3851 4280 armata
3884 4218 4005 4276 vio-

2453 4321 2662 4380 lentato
2690 4320 2755 4378 in
2776 4318 3107 4396 compaynia
3129 4316 3191 4375 di
3219 4312 3334 4374 Fra
3371 4312 3670 4374 Valentino
3699 4310 3867 4372 Laico
3895 4309 4004 4371 Ri-

2453 4414 2694 4492 sormato
2729 4434 2829 4474 suo
2851 4410 3072 4490 Cuqino
3097 4410 3361 4479 carnale,
3387 4406 3493 4488 qui
3530 4408 3658 4488 jam
3691 4404 4012 4467 defunctus

2452 4517 2560 4579 est,
2590 4509 2639 4568 il
2658 4507 2957 4569 Sacerdote
2979 4504 3092 4565 Fra
3117 4502 3417 4563 Domenico
3436 4501 3742 4562 Francesco
3761 4517 3864 4559 suo
3886 4498 4013 4576 [ra-
4043 4552 4046 4555 ,

2457 4605 2586 4664 tello
2607 4604 2731 4671 sino
2763 4602 2906 4662 dall'
2917 4619 3068 4661 anno
3095 4602 3271 4658 1711.
3304 4598 3394 4658 del
3421 4615 3559 4656 mese
3590 4595 3652 4653 di
3675 4593 3965 4654 Decembre
3988 4640 4006 4664 ,

2453 4700 2547 4759 nel
2580 4710 2756 4779 tempo
2794 4696 2895 4757 che
2921 4695 3070 4754 detto
3096 4691 3215 4753 Fra
3251 4691 3549 4751 Domenico
3576 4687 3880 4750 Francesco
3907 4707 4014 4748 suo

2454 4794 2682 4871 fratello
2707 4811 2807 4852 era
2826 4788 3086 4850 Chierico
3105 4786 3425 4850 Minorista
3451 4785 3513 4844 di
3542 4784 3695 4844 detta
3718 4782 4014 4861 Reliqione

2455 4889 2539 4949 de'
2558 4886 2872 4964 Risormati
2896 4932 2911 4954 ,
2944 4902 2982 4945 a
3008 4883 3175 4942 clover
3197 4899 3310 4942 esso
3336 4879 3627 4960 ratificare
3658 4878 3753 4937 nel
3781 4878 4014 4963 termine

2458 4982 2596 5042 delli
2617 4982 2818 5061 cinque
2838 4980 2980 5040 anni
3003 4980 3061 5040 la
3083 4976 3432 5054 Professione
3450 4973 3540 5033 del
3562 4992 3663 5032 suo
3675 4969 4009 5040 Noviziato,

2458 5095 2553 5136 ma
2580 5085 2771 5154 questo
2793 5092 2907 5134 esso
2922 5090 3120 5153 pavero
3145 5068 3391 5130 Oratore
3411 5068 3522 5146 [ece
3558 5066 3673 5153 solo
3700 5111 3716 5134 .
3740 5062 3940 5144 perche
3960 5063 4013 5123 il

2456 5169 2631 5232 laico
2650 5168 2765 5230 Fra
2798 5167 3095 5230 Valentino
3113 5184 3215 5225 suo
3236 5162 3458 5241 Cuqino
3477 5160 3710 5221 carnale
3739 5159 3779 5217 l'
3788 5158 4015 5218 indusse

2457 5285 2493 5326 a
2519 5265 2640 5342 sare
2668 5273 2865 5342 questa
2891 5261 3233 5322 risoluzione
3250 5302 3267 5330 ,
3292 5257 3446 5318 accio
3488 5255 3635 5314 detto
3663 5251 3783 5313 Fra
3815 5250 4021 5312 Dome-

2458 5361 2582 5420 nico
2608 5357 2909 5419 Franceseo
2928 5375 3027 5416 suo
3058 5353 3308 5415 Fratello
3334 5370 3448 5410 non
3474 5351 3526 5409 si
3564 5348 3865 5427 spoqliasse
3899 5346 4016 5406 del-

2468 5455 2669 5515 l'abito
2706 5453 2768 5513 di
2810 5451 2879 5512 S.
2913 5449 3247 5519 Franceseo,
3278 5445 3445 5526 quale
3474 5448 3646 5507 aceba
3696 5442 3895 5505 vestito
3928 5440 4016 5520 911·

3395 5651 3426 5667 0
