4393 6299
1663 510 2120 577 Quffis'rto
2175 499 2423 565 Lxxxv.
3371 509 3441 565 st

426 654 542 717 tuti
571 656 774 718 relicta
820 656 1318 732 demonstrative,
1347 677 1515 742 secus
1545 669 1746 722 autem
1786 663 1835 723 si
1881 672 1969 726 ta-

431 751 629 812 xative
649 752 833 812 fucrit
853 752 1081 821 relicta,
1103 763 1163 812 et
1181 773 1415 832 semper
1435 756 1796 817 censendum
1820 776 1966 830 esse,

430 846 590 924 quod
637 846 945 925 quantitas
991 846 1175 908 fuerit
1212 850 1679 912 demonstrative
1719 850 1926 914 relicta
1951 897 1968 926 ,

429 943 673 1016 otiando
703 943 972 1003 Testator
1010 942 1269 1021 incoepit
1311 944 1390 1004 ab
1431 963 1643 1018 onere,
1676 946 1763 1007 uti
1795 955 1970 1008 testa-

430 1042 529 1093 tur
570 1033 713 1095 hon.
749 1054 926 1095 mem.
960 1035 1209 1096 Carolus
1246 1036 1320 1097 de
1354 1037 1628 1100 Vecchiis
1664 1037 1973 1102 meritissi-

429 1146 562 1187 mus
601 1127 749 1187 olim
788 1127 968 1208 hujus
1000 1128 1216 1190 Sacrae
1246 1128 1736 1212 Congregationis
1769 1132 1973 1194 Secre-

431 1221 623 1283 tarius
649 1223 712 1282 in
740 1242 849 1283 suo
890 1221 1177 1304 suffragio
1204 1223 1492 1303 impresso
1519 1226 1678 1306 apud
1709 1227 1967 1308 Crispin.

429 1318 494 1377 dc
519 1320 672 1378 visit.
706 1311 979 1398 pastoral.
1008 1339 1139 1398 par.
1171 1323 1227 1378 2.
1261 1318 1325 1400 §.
1363 1324 1458 1380 18.
1492 1340 1649 1381 num.
1684 1328 1742 1382 6.

546 1414 625 1472 At
653 1421 910 1491 punctus
937 1423 1056 1485 est,
1086 1414 1247 1493 quod
1271 1413 1465 1475 Felini
1492 1415 1763 1479 doctrina
1792 1417 1854 1478 in
1876 1418 1973 1481 Sa·

429 1526 531 1568 cra
585 1507 1057 1589 Congregatione
1114 1517 1346 1587 recepta
1404 1530 1526 1571 non
1586 1511 1922 1591 applicatur
1956 1560 1971 1587 ‚

428 1601 674 1681 quando
723 1622 801 1663 ex
827 1603 1203 1663 Testamento
1244 1603 1621 1678 desumitur,
1655 1613 1715 1667 et
1744 1627 1821 1667 ex
1856 1607 1974 1668 cir-

429 1696 807 1758 cumstantiis
844 1696 1328 1777 supplementum
1373 1700 1488 1761 sibi
1534 1700 1730 1761 locum
1778 1701 1978 1762 vindi-

430 1810 569 1851 care
599 1810 720 1852 non
763 1810 961 1869 posse,
985 1793 1161 1872 juxta
1193 1793 1415 1855 tradita
1459 1814 1568 1874 per
1596 1795 1881 1856 Monacel.
1914 1798 1979 1856 in

432 1885 665 1963 formul.
693 1907 826 1966 par.
860 1892 913 1947 1.
949 1890 1038 1947 tit.
1077 1893 1168 1948 10.
1202 1890 1434 1963 formul.
1464 1895 1558 1950 19.
1594 1910 1752 1950 num.
1785 1895 1881 1951 23.
1915 1895 1980 1951 in

430 1980 572 2061 fine,
600 1999 861 2061 cumque
883 1982 1140 2044 admisso
1174 1985 1186 2041 i
1198 2006 1228 2041 n
1265 1985 1556 2061 [uatescnti
1587 2005 1790 2047 rerum
1819 1995 1977 2049 statu

430 2072 879 2152 cupplementm
907 2095 1218 2138 remancre
1253 2099 1365 2136 nori
1401 2078 1659 2158 possint,
1693 2087 1836 2141 teste
1867 2081 1980 2141 Pa-

433 2168 697 2231 triarcba
746 2169 806 2230 in
852 2190 958 2231 sua
1006 2173 1564 2242 ins01·1natiorm,in
1612 2173 1981 2235 haereditate

431 2261 657 2325 Elenae
704 2263 798 2324 illi
849 2264 1055 2345 Campi
1107 2276 1206 2328 55.
1259 2291 1410 2347 quos
1459 2270 1728 2329 Testator
1784 2269 1979 2331 eidem

435 2357 845 2438 praelegavit‚
891 2369 951 2421 et
993 2360 1057 2420 in
1101 2360 1404 2422 Codicillis
1445 2362 1738 2440 expressit
1784 2363 1981 2423 enixis

434 2452 671 2513 verbis:
717 2474 745 2513 ο
783 2473 950 2532 sopra
993 2464 1170 2523 tutto:
1205 2456 1368 2534 quod
1411 2456 1484 2527 ad
1521 2466 1654 2517 eam
1700 2456 1984 2518 devenire

433 2543 755 2618 deberent,
788 2545 847 2607 id
887 2547 1123 2625 operari
1164 2549 1540 2629 potissimum
1572 2550 1842 2627 videtur,
1879 2561 1977 2623 ut,

436 2657 558 2699 non
583 2641 856 2703 obstante
877 2642 1085 2722 regula
1112 2643 1178 2704 in
1205 2643 1610 2718 contrarium,
1635 2663 1762 2706 esse
1788 2645 1982 2708 valeat

440 2731 606 2795 locus
632 2735 1001 2797 limitationi.
1388 2737 1391 2745 ’
1682 2762 1685 2764 ’

553 2827 666 2890 His
695 2831 995 2891 stantibus
1014 2878 1031 2900 ,
1061 2831 1379 2910 quaeritur

557 2923 650 2983 An
679 2926 753 2984 sit
785 2927 934 2986 locus
962 2926 1277 2989 reductioni
1301 2929 1367 2988 in
1390 2947 1526 2989 casu
1553 2917 1654 2990 etc.

544 3117 686 3170 διον.
713 3115 910 3184 Congr.
941 3116 1244 3189 respondit:

617 3204 898 3273 Negaeive.

844 3400 1205 3475 QUAESTIO
1247 3349 1609 3463 Lxxxvl.
1682 3430 1697 3437 ·

517 3592 588 3652 In
618 3590 809 3653 Causa
841 3590 1185 3653 Milevitana
1216 3584 1610 3671 lia-positionis
1638 3591 1755 3652 SS.
1793 3585 1908 3653 Sa-

687 3688 993 3760 crementi,
1028 3687 1117 3776 die
1146 3690 1205 3747 4.
1240 3686 1543 3748 Februarii
1573 3691 1744 3749 1719.

2077 664 2174 725 hic
2190 709 2205 736 ‚
2230 674 2286 723 et
2311 683 2473 724 nunc
2495 661 2589 744 agi
2615 662 2690 723 de
2710 663 3082 742 expositione
3101 664 3204 725 SS.
3228 665 3622 743 Sacramenti,

2076 777 2234 838 quae
2274 757 2345 818 fit
2387 757 2662 838 qualibet
2700 758 2901 838 prima
2931 759 3244 821 Dominica
3273 761 3495 821 Mensis
3516 806 3533 833 ,
3566 768 3626 823 et

2077 872 2235 932 quae
2269 860 2398 932 post
2430 852 2673 915 Missam
2715 863 3016 915 cantatam
3058 854 3453 928 terminatum
3486 875 3623 918 cum

2081 946 2144 1006 in
2190 946 2313 1006 fine
2362 947 2576 1006 Missae
2625 946 3105 1008 Sacramentum·
3129 958 3493 1028 reponatur:
3542 968 3628 1008 se-

2080 1039 2310 1108 cundo,
2343 1039 2404 1098 in
2436 1038 2714 1119 pluribus
2744 1040 2923 1101 Urbis
2954 1040 3231 1102 Ecclesiis
3260 1042 3465 1103 adesse
3492 1063 3627 1103 con-

2081 1132 2462 1195 suetudinem
2482 1133 2922 1196 Eucharistiam
2950 1136 3228 1214 publicae
3256 1136 3627 1198 venerationi

2081 1228 2422 1309 exponendi
2475 1226 2538 1287 in
2580 1227 2894 1289 Altaribus
2935 1230 3305 1304 minoribus,
3350 1231 3626 1311 quando,

2081 1330 2265 1403 prout
2306 1321 2444 1395 bic,
2486 1340 2607 1381 non
2651 1322 2851 1402 agitur
2894 1324 2968 1384 de
3006 1322 3390 1395 solemniori,
3425 1332 3484 1386 et
3525 1344 3631 1404 per

2082 1435 2207 1476 non
2253 1416 2552 1477 modicum
2600 1425 2833 1496 tempus
2873 1417 3166 1479 duratura
3212 1418 3625 1497 expositione3

2085 1510 2264 1571 tertio
2291 1555 2309 1584 ,
2361 1530 2483 1570 non
2529 1510 2847 1591 suffragari
2892 1511 3186 1572 rationem
3233 1509 3551 1572 deductam
3593 1530 3631 1574 a

2086 1603 2357 1683 periculo
2390 1603 2850 1674 irreverentiae,
2896 1613 3021 1665 tum
3057 1606 3204 1684 quia
3244 1623 3467 1665 novum
3507 1623 3627 1665 non

2085 1708 2207 1772 est,
2237 1718 2346 1759 nec
2387 1698 2448 1758 in
2482 1700 2675 1771 Urbe,
2713 1718 2820 1759 nec
2850 1698 2913 1758 in
2944 1699 3207 1759 Dioecesi
3238 1698 3625 1773 Milevitana‚

2085 1796 2248 1877 quod
2279 1795 2385 1856 fiat
2410 1794 2702 1874 expositio
2730 1794 2793 1854 in
2825 1792 3136 1855 Altaribus
3172 1792 3302 1854 sitis
3328 1813 3513 1874 prope
3532 1795 3630 1874 ja·-

2078 1871 2273 1953 'nuam
2303 1889 2703 1951 Ecclesiarum
2721 1935 2735 1962 ‚
2766 1897 2892 1949 tum
2921 1888 3064 1968 quia
3088 1888 3152 1948 in
3175 1886 3363 1949 latere
3385 1889 3631 1950 dextero

2086 1985 2387 2047 Ecclesiae
2412 1984 2611 2046 Sancti
2641 1983 2848 2057 Pauli,
2879 1983 2941 2044 in
2971 2002 3092 2062 qua
3127 1992 3216 2043 est
3240 1980 3447 2044 Altare
3476 1983 3631 2043 Con·

2088 2077 2484 2140 fraternitatis
2507 2077 2676 2140 nulla
2693 2078 2882 2158 janua
2910 2075 3209 2156 reperitur
3228 2120 3245 2149 ,
3273 2095 3413 2137 cum
3436 2084 3634 2156 pateat

2090 2170 2292 2237 aditus
2331 2192 2365 2233 a
2399 2173 2636 2233 duabus
2660 2172 2799 2233 'aliis
2820 2171 3057 2253 januis,
3088 2163 3277 2231 altera
3315 2169 3379 2230 in
3410 2170 3628 2242 medio,

2088 2267 2279 2328 altera
2310 2288 2349 2327 a·
2381 2266 2569 2329 latere
2594 2267 2873 2338 sinistr03
2902 2275 3121 2345 quarto
3152 2264 3423 2337 tandem,
3453 2273 3511 2325 et
3540 2263 3634 2324 ul-

2090 2362 2237 2424 timo
2266 2360 2447 2421 fuisse
2481 2381 2525 2423 a⁴
2548 2361 2866 2422 Vincentio
2896 2360 3127 2442 Hagius
3159 2359 3317 2420 dono
3357 2360 3499 2421 data
3527 2358 3634 2419 ΑΙ-

2093 2456 2204 2517 tari
2239 2455 2763 2517 Confraternitatis
2794 2454 3087 2516 nonnulla
3119 2455 3274 2516 bona
3300 2472 3437 2515 cum
3476 2451 3634 2513 obli·

2089 2551 2331 2634 gatione
2391 2549 2782 2629 expositionis
2840 2547 3209 2609 Sanctissimi
3265 2546 3633 2609 Sacramenti

2091 2639 2365 2725 qualibet
2395 2644 2590 2725 prima
2620 2641 2933 2703 Dominica
2965 2641 3186 2703 mensis
3215 2641 3279 2702 in
3307 2640 3515 2703 eodem
3536 2688 3549 2708 ‚
3579 2648 3639 2701 et

2089 2760 2226 2801 cum
2270 2749 2442 2819 pacto
2482 2737 2848 2810 resolutivo,
2892 2737 2957 2796 in
2998 2755 3171 2809 casu,
3213 2753 3336 2816 quo
3377 2733 3639 2797 conditio

2004 2883 2009 2888 .
2092 2853 2215 2895 non
2244 2833 2712 2914 adimpleretur,
2739 2831 2910 2911 quasi
2928 2829 3099 2910 quod
3127 2831 3485 2890 subsistente
3501 2827 3640 2907 Epi·

2091 2929 2251 3008 scopi
2295 2929 2531 2991 decreto
2551 2972 2570 3002 ‚
2622 2936 2783 2990 certa
2823 2926 2901 2987 sit
2942 2927 3241 2986 bonorum
3288 2923 3636 2986 relictorum

2086 3022 2344 3108 jactura.

2291 3118 2404 3181 His
2427 3111 2727 3180 stantibus
2753 3114 3070 3197 quaeritur
3090 3162 3107 3185 ‚

2210 3214 2307 3276 An
2327 3210 2602 3293 'expositio
2626 3212 2990 3273 sanctissimi
3011 3202 3371 3271 sacramenti
3398 3208 3523 3287 fiori
3550 3206 3645 3272 dq-

2095 3311 2218 3372 beat
2246 3311 2492 3388 qualibet
2531 3310 2723 3388 prima
2760 3305 3059 3365 Dominica
3106 3305 3306 3362 mensis
3344 3303 3407 3360 in
3447 3301 3645 3360 Almo-i

2097 3402 2601 3481 Confraternitatis
2624 3447 2640 3470 ,
2667 3400 2751 3459 vel
2775 3400 2963 3478 potius
2981 3400 3043 3456 in
3062 3396 3261 3458 Auara·
3282 3395 3489 3472 mnjori
3526 3394 3646 3454 Eo-

2095 3500 2294 3559 clcsiae
2317 3494 2525 3558 Sancti
2550 3492 2733 3555 Paula·
2746 3539 2764 3563 ,
2790 3492 2856 3551 in
2880 3510 3015 3551 casu
3036 3499 3137 3551 etc.

2201 3701 2345 3752 ὅσον.
2382 3699 2581 3766 Congr.
2610 3695 2917 3765 respondit:

2203 3785 2560 3855 Affirmau‘ve
2589 3784 2667 3838 ad
2682 3783 2918 3853 primam
2948 3779 3106 3833 dubii
3131 3792 3374 3847 partem,
3404 3778 3649 3845 negative

444 3814 811 3953 Episcopus
834 3873 1221 3934 Milevitanus
1248 3875 1308 3934 in
1342 3884 1484 3937 actu
1504 3874 1863 3936 visitationis
1884 3872 1990 3934 de-
2091 3873 2169 3926 ad
2185 3872 2498 3936 secundam,
2527 3884 2580 3924 ee
2605 3869 2911 3943 Episcopus
2927 3867 3233 3940 providear,
3260 3883 3328 3919 ne
3348 3875 3651 3934 sequa-cur

443 3966 665 4039 crevit,
712 3968 871 4047 quod
920 3968 981 4028 in
1030 3970 1364 4041 Parocliiali
1400 3970 1663 4033 Ecclesia
1705 3970 1764 4030 S.
1820 3968 1988 4030 Pauli
2095 3960 2553 4016 inconvenientia.

444 4062 709 4143 Apostoli
743 4063 1016 4126 Civitatis
1044 4064 1338 4128 Vallettae
1379 4065 1508 4125 fieri
1541 4065 1778 4125 deberet
1806 4082 1991 4142 expo·

446 4155 584 4218 sitio
611 4156 980 4218 Sanctissimi
1012 4156 1380 4217 sacramenti
1421 4158 1484 4217 in
1514 4158 1705 4218 Altari
1737 4156 1988 4242 Maiori,

446 4259 506 4311 et
534 4269 656 4310 non
691 4250 757 4311 in
786 4251 907 4312 alio
937 4251 1127 4312 Altari
1169 4252 1504 4330 pertinente
1538 4253 1610 4313 ad
1650 4251 1991 4313 Confrater-
2073 4325 2079 4334 .

444 4344 696 4407 nitatem
727 4345 787 4405 S.
822 4344 1134 4406 Michaelis
1161 4345 1521 4425 Archangeli
1553 4347 1613 4405 iu
1645 4345 1853 4405 eadem
1879 4345 1993 4405 Ec-

452 4439 628 4501 clesia
655 4447 948 4511 erectam3
972 4459 1230 4520 cumque
1258 4438 1725 4501 reclamantibus
1750 4437 1995 4500 Confra-

451 4532 646 4595 tribus
693 4533 980 4595 adversus
1024 4534 1134 4594 boc
1184 4535 1489 4595 decretum
1512 4578 1528 4606 ,
1578 4534 1867 4612 scriptum
1921 4532 1996 4593 de

453 4647 620 4689 more
645 4626 854 4689 fuisset
880 4629 1172 4707 Episcopo
1205 4648 1313 4709 pro
1339 4626 1799 4699 informatione,
1831 4634 1997 4686 retu-

456 4719 523 4781 lit
553 4721 680 4801 ipse
707 4741 769 4783 se
797 4721 1003 4782 secisse
1032 4722 1335 4782 decretum
1364 4742 1547 4802 supra
1575 4727 1997 4793 memoratum,

455 4835 526 4876 ex
564 4834 686 4896 quo
733 4816 925 4877 altare
954 4814 1475 4876 Confraternitatis
1515 4815 1773 4895 positum
1815 4821 1903 4874 est
1932 4813 1996 4874 in

453 4911 782 4981 vestibulo,
828 4918 887 4971 et
928 4910 1123 4990 primo
1168 4909 1439 4990 ingressu
1469 4908 1800 4979 Ecclesiae,
1845 4908 2000 4969 itaut

339 5049 342 5054 .
454 5004 528 5063 de
551 5003 946 5064 irreverentia
969 5003 1460 5084 ingredientium,
1483 5009 1540 5062 et
1561 5000 1998 5082 egredientium

2397 4242 2400 4245 Ι
2482 4152 2843 4228 QuAESTm
2885 4148 3261 4213 Lxxxvn.
3379 4149 3381 4153 ’

2256 4345 2330 4405 In
2353 4343 2546 4407 Causa
2576 4329 2870 4402 Asculano
2906 4339 3257 4399 Visitationis
3273 4383 3291 4408 ,
3317 4336 3405 4396 dio
3428 4338 3487 4395 4.

2541 4507 2548 4520 ¹
2594 4434 2917 4496 Februarii
2957 4435 3130 4492 1719.

2103 4572 2465 4688 Contendit
2487 4614 3040 4685 Reverendissimus
3058 4615 3388 4697 Episcopus
3411 4612 3654 4674 Ascula-

2106 4736 2242 4787 nus‚
2278 4737 2341 4779 se
2359 4718 2608 4778 visitare
2632 4733 2801 4795 posse
2827 4711 3151 4774 Ecclesiam
3176 4708 3374 4770 Sancti
3401 4705 3652 4766 Joannis

2104 4812 2180 4873 ad
2201 4811 2541 4890 Templum,
2564 4827 2721 4889 quae
2741 4816 2829 4868 est
2849 4804 3212 4867 Commenda
3235 4802 3451 4863 Sacrae
3482 4798 3648 4859 Reli·

2106 4905 2302 4984 gionis
2330 4901 2948 4982 Hierosolymitanae‚
2983 4916 3104 4972 non
3144 4894 3339 4956 solum
3368 4892 3512 4972 quia
3559 4890 3651 4950 sui

2107 5000 2170 5059 in
2201 4999 2559 5078 Episcopatu
2595 4993 3080 5056 Praedecessores
3105 5008 3237 5051 eam
3275 4987 3599 5048 visitarunt
3626 5027 3643 5054 ,

454 5099 533 5158 ab
574 5097 835 5159 Ecclesia
885 5097 1294 5176 maximopere
1337 5095 1534 5157 timeri
1581 5096 1881 5177 potuerit,
1925 5095 1998 5156 de
2103 5094 2205 5154 sed
2229 5093 2410 5154 etiam
2433 5091 2575 5172 quia
2598 5088 2932 5151 Concilium
2955 5082 3379 5147 Tridentinum
3411 5099 3539 5140 ms.
3591 5085 3649 5137 7.

456 5210 577 5270 quo
606 5190 874 5271 periculo
908 5191 1078 5252 nulla
1105 5190 1485 5252 rationabilis
1514 5190 1772 5270 suspicio
1798 5190 2002 5251 adesse
2106 5189 2170 5249 de
2217 5188 2463 5266 Reform.
2503 5205 2627 5265 cap.
2674 5188 2734 5244 8.
2791 5181 3060 5243 decernit
3085 5224 3101 5249 ,
3156 5176 3318 5257 quod
3362 5176 3657 5235 Locorum

457 5294 685 5363 potest,
733 5287 781 5344 si
827 5285 1281 5346 sanctissimum
1329 5283 1743 5345 Eucharistiae
1789 5284 2000 5347 Sacra-

463 5389 729 5441 mentum
761 5388 1099 5458 exponatur
1125 5378 1189 5439 in
1218 5377 1411 5440 Altari
1443 5378 1680 5458 Majori.

2108 5281 2420 5342 Ordinarii
2454 5278 2744 5341 Ecclesias
2770 5291 3183 5356 quascumque
3205 5266 3659 5350 quomodolibet

2108 5384 2436 5456 exemptas,
2480 5372 2835 5435 auctoritate
2857 5367 3181 5431 Ordinaria
3205 5363 3461 5443 singulis
3482 5359 3660 5423 aunis

579 5475 882 5537 Adversus
906 5472 1055 5538 haec
1075 5472 1383 5555 excipiunt
1405 5472 1778 5547 Confratres,
1806 5472 2003 5553 primo
2113 5471 2354 5533 visitare
2374 5478 2710 5541 teneantur,
2734 5473 2794 5528 et
2813 5483 2941 5527 sess.
2967 5468 3066 5524 21.
3089 5481 3213 5541 cap.
3239 5465 3299 5520 8.
3324 5459 3388 5518 de
3408 5457 3653 5535 Reform.
