4393 6299
1611 532 2074 599 QUAESTto
2132 530 2341 587 nvn.
3335 538 3404 590 ss

832 682 1191 756 QUAESTIO
1234 682 1484 744 XLVll.

536 870 607 930 In
644 869 837 934 causa
865 873 1126 934 Romana
1152 872 1524 951 Iaeqatorum,
1557 874 1645 934 die
1673 878 1773 935 23.

973 966 1132 1029 Jutii
1164 973 1337 1028 1718.

387 1103 711 1218 Sacerdos
728 1156 1117 1219 Sebastianus
1132 1155 1367 1218 Guidus
1385 1176 1546 1219 anno
1566 1162 1740 1220 16110.
1762 1177 1933 1220 suam

385 1249 665 1312 ultimam
704 1251 979 1313 exaravit
1013 1251 1464 1331 dispositionem
1484 1300 1500 1322 ,
1534 1251 1598 1313 in
1628 1271 1751 1332 qua
1791 1253 1934 1315 hae-

383 1345 585 1406 redem
637 1345 888 1425 reliquit
932 1347 1334 1408 universalem
1376 1347 1689 1426 Hospitale
1732 1348 1934 1411 Sancti

380 1438 633 1500 loannis
660 1438 934 1505 Nationis
964 1440 1011 1500 F
1016 1440 1456 1505 lereminorum
1487 1441 1700 1514 Urbis,
1731 1441 1816 1503 ita
1847 1449 1936 1503 ta-

382 1553 517 1596 men
536 1578 555 1606 ,
589 1545 661 1597 ut
687 1554 801 1614 pro
831 1535 1007 1597 unica
1035 1534 1166 1597 vice
1191 1534 1476 1615 consequi
1521 1536 1935 1598 tantummodo

381 1627 628 1691 deberet
676 1649 713 1690 a
762 1648 871 1695 sua
920 1628 1294 1701 haereditate
1342 1649 1580 1692 summa
1627 1639 1934 1694 scutorum

379 1723 828 1804 quinquaginta
860 1732 1165 1799 monetae,
1208 1733 1268 1787 et
1305 1725 1371 1787 in
1406 1724 1662 1807 reliquis
1697 1726 1935 1791 satisfa-

380 1838 512 1879 cere
542 1827 848 1881 teneretur
871 1819 1108 1899 Legatis
1123 1866 1140 1894 ,
1166 1840 1325 1902 quae
1348 1831 1471 1884 tam
1502 1821 1566 1883 in
1590 1823 1935 1886 Testamen-

384 1922 479 1988 to,
510 1928 696 1993 quam
727 1915 788 1981 in
818 1915 1122 1979 Codicillis
1149 1924 1607 1979 enumerantur.

504 2008 660 2082 Quia
690 2029 836 2070 vero
868 1990 1000 2088 post
1025 2011 1454 2074 demandatum
1499 2013 1935 2077 nonnullorum

390 2103 747 2183 Legatorum
773 2104 1344 2184 adimplementum‚
1377 2108 1537 2171 idem
1569 2108 1708 2188 pius
1733 2111 1936 2173 Testa-

393 2205 486 2258 tor
502 2198 709 2277 jussit,
743 2207 811 2260 ut
834 2199 1107 2278 quolibet
1134 2220 1296 2263 anno
1326 2202 1693 2282 pauperibus
1713 2204 1937 2267 Puellis

390 2299 647 2370 quatuor
678 2292 848 2355 dotes
887 2293 1430 2371 distribuerentur,
1463 2305 1524 2357 et
1561 2298 1724 2376 quod
1767 2298 1938 2362 nulla

388 2384 492 2444 dos
518 2404 647 2447 esse
675 2396 870 2465 posset
895 2388 1088 2468 major
1110 2389 1294 2451 scutis
1315 2396 1551 2453 35vnec
1577 2391 1776 2454 minor
1802 2412 1939 2456 scu-

384 2478 461 2539 tis
490 2485 592 2542 30.
630 2498 704 2544 ea
733 2482 1119 2562 superaddita
1158 2484 1537 2558 conditione,
1585 2494 1652 2549 nt
1692 2488 1740 2547 si
1784 2506 1939 2551 una-

385 2593 665 2654 quaeque
690 2575 797 2636 dos
837 2576 923 2639 ad.
945 2586 1113 2639 scuta
1144 2583 1241 2639 30.
1279 2580 1601 2642 ascendere
1633 2598 1754 2643 non
1805 2601 1938 2660 pos·

381 2676 504 2742 set,
533 2669 767 2732 dotium
808 2671 1165 2737 distributio.
1189 2673 1684 2753 suspenderetur:
1731 2675 1806 2739 Si
1848 2697 1940 2739 so.-

380 2765 593 2843 spenda
616 2765 680 2825 aa·
707 2765 899 2838 dorla,
931 2767 1204 2828 ancoralia
1239 2771 1549 2830 oenomao
1587 2770 1655 2831 di*
1675 2774 1941 2853 sterpiit

381 2860 527 2921 anni
562 2859 647 2939 fin
688 2878 728 2918 a
772 2869 935 2920 tanto
957 2861 1009 2919 si
1044 2860 1231 2938 faccia
1265 2862 1314 2922 il
1347 2864 1656 2943 multiplico
1692 2864 1939 2944 dipoter

382 2954 643 3013 arr-itare
668 2954 888 3013 almeno
929 2974 967 3015 a
1005 2955 1168 3015 sandi
1195 2966 1418 3018 trenta:
1446 2966 1508 3019 et.
1544 2958 1727 3037 paulo
1770 2969 1935 3041 post:

381 3045 443 3106 Ε
459 3067 515 3109 se
537 3067 651 3108 non
683 3049 902 3110 basma
918 3097 937 3121 ,
968 3052 1230 3131 s'aspetti
1254 3053 1303 3112 it
1330 3062 1507 3133 tempo
1530 3054 1629 3114 cho
1649 3074 1813 3133 pessa
1838 3056 1936 3117 ba-

382 3153 531 3204 stars
550 3191 567 3214 ,
597 3146 871 3206 aucorem
898 3146 947 3206 si
971 3145 1185 3207 decess-e
1211 3158 1490 3227 aspettaro
1515 3148 1679 3209 nielli
1704 3153 1867 3212 anni.

498 3239 703 3317 Atque
746 3246 879 3318 post
917 3248 1269 3304 enarratum
1314 3243 1561 3304 Delium
1607 3244 1934 3324 Legatum,

385 3331 545 3394 idem
579 3331 852 3396 Testatur
895 3334 1179 3416 processit
1220 3336 1296 3398 ad
1339 3336 1618 3399 relictum
1671 3338 1940 3420 plurium

384 3425 648 3488 aliorum
675 3427 1072 3509 Legatorum,
1108 3438 1167 3491 et
1194 3430 1505 3513 signanter
1536 3431 1718 3494 trium
1737 3476 1753 3504 ,
1781 3451 1942 3512 quae

385 3529 760 3600 sequentum
791 3520 973 3601 primi
1000 3521 1228 3586 scilicet
1255 3541 1603 3588 annuorum
1632 3534 1941 3588 scutorum

389 3618 485 3676 20.
529 3629 642 3696 pre
668 3615 1127 3679 linteaminibus
1157 3620 1503 3684 necessariis
1541 3640 1653 3701 pro
1678 3619 1943 3686 Ecclesia

387 3709 589 3771 Sancti
616 3708 871 3772 Joannis
903 3710 1177 3773 Nationis
1203 3713 1695 3775 Florentinorum
1725 3714 1906 3776 Urbis
1918 3735 1941 3790 ς

388 3803 633 3868 wenedi
678 3802 1055 3867 consistentis
1104 3804 1167 3864 in
1214 3805 1513 3870 solutione
1565 3805 1748 3868 unius
1788 3807 1942 3871 muti

390 3898 668 3978 quolibet
709 3918 911 3962 mense
943 3920 1062 3979 pro
1102 3900 1332 3965 Musica
1372 3900 1437 3962 in
1483 3902 1642 3965 dicta
1678 3900 1943 3972 Ecclesia

390 3989 706 4064 facienda:
738 3999 800 4053 et
838 3993 1000 4055 tertii
1039 3994 1282 4056 demum
1320 4002 1633 4058 scutorum
1670 3995 1945 4077 quinque

391 4086 677 4167 quotibet
690 4105 856 4150 anno
876 4089 1325 4168 erogandorum
1353 4089 1421 4149 in
1436 4088 1816 4170 emptionem
1828 4101 1944 4153 ‘ea-

386 4199 539 4243 rum·
553 4193 759 4243 renum
770 4211 795 4253 ›,
826 4199 985 4260 quae
1009 4182 1222 4243 Pueris
1247 4181 1669 4244 accedentibus
1693 4183 1771 4246 ad
1798 4203 1943 4246 ean-

393 4274 531 4338 dem
559 4273 920 4348 Ecclesiam,
955 4274 1391 4340 ut‘Christiana
1421 4277 1709 4339 Doctrina
1742 4277 1945 4341 imbu-

391 4378 604 4442 antur,
635 4369 712 4432 de
747 4388 915 4432 more
937 4369 1410 4434 distribuuntur.
1614 4429 1617 4432 ,
1784 4448 1792 4456 ,

510 4463 933 4527 Controversia
961 4467 1173 4528 exorta
1194 4474 1315 4538 est,
1355 4484 1433 4527 an
1463 4466 1759 4546 pendente
1787 4466 1945 4528 111111φΙ

398 4557 605 4640 tiplico
618 4589 625 4614 ·.
640 4557 1017 4621 conficiendo
1053 4579 1162 4639 pro
1202 4559 1444 4624 dotibus
1462 4561 1940 4636 distribuendis,

398 4652 687 4731 suspendi
710 4652 927 4715 debeat
961 4653 1183 4716 solutio
1213 4655 1397 4716 trium
1430 4654 1824 4735 Legatorum,
1868 4655 1945 4717 de

397 4746 619 4824 quibus
634 4746 817 4808 modo
836 4757 1034 4808 sermo
1056 4745 1301 4810 habitus
1320 4760 1442 4810 est:
1470 4767 1609 4809 cum
1627 4748 1791 4828 enim
1811 4767 1949 4810 con-⁴

400 4839 601 4920 tigerit
627 4839 952 4906 diminutio
976 4841 1278 4904 redituum
1310 4841 1725 4914 tuam-edituis,
1751 4851 1811 4906 et
1836 4861 1953 4906 an—

401 4953 527 4996 nno
558 4934 791 4996 dotium
835 4935 1067 5015 Legato
1092 4936 1370 5020 satisfieri
1413 4957 1530 4998 non
1579 4937 1953 5007 valeat,·nffi

400 5026 541 5088 dnm
565 5031 745 5110 §uxta
772 5029 1061 5094 uuonan·
1091 5032 1486 5103 Testamenti,
1518 5033 1619 5092 sed
1649 5031 1829 5093 etiam
1871 5032 1950 5094 ad

402 5123 667 5185 tramites
693 5123 1047 5187 Sententiae·
1064 5124 1452 5192 Reverendae
1478 5126 1770 5187 Fabricae
1795 5126 1949 5187 San-

400 5217 477 5278 cti
506 5217 702 5292 Petri,
752 5217 882 5279 fieri
906 5217 1108 5280 dehet
1144 5218 1459 5281 fructuum
1506 5219 1945 5300 multiplicum,

400 5329 711 5391 usquequo
744 5312 973 5376 fructus
1004 5313 1358 5391 perveniant
1398 5313 1475 5375 ad
1512 5332 1812 5375 summam
1851 5334 1949 5376 re·

404 5406 684 5485 quisitain
710 5425 821 5486 pro
836 5406 1223 5486 adimplenda
1243 5407 1474 5468 dotium
1496 5407 1944 5470 distributione.

2042 684 2312 757 tectoris,
2339 683 2446 765 qui
2465 733 2481 755 ,
2511 684 2736 747 auditis
2761 685 3167 759 officialibus,
3197 697 3256 749 et
3281 690 3591 767 Deputatis

2043 779 2405 860 Hospitalis,
2438 779 2514 842 ad
2558 798 2744 860 quos,
2776 781 2954 862 juxta
2997 781 3188 862 legem
3220 802 3256 844 a
3286 785 3591 846 'l‘estatord

2043 873 2473 953 praescriptam
2494 918 2511 945 ,
2543 872 2803 953 pertinet
2828 873 3184 949 declaratio,
3215 876 3503 949 mutatio,
3531 886 3592 940 et

2041 967 2373 1047 suppletio,
2398 987 2558 1047 quae
2585 987 2695 1048 pro
2716 968 3213 1050 interpretatione
3229 971 3592 1034 Testamenti

2044 1063 2376 1125 necessaria
2403 1061 2614 1124 'videri
2661 1072 2887 1143 posset,
2933 1063 3149 1137 sensit,
3201 1065 3398 1145 quod,
3446 1085 3597 1146 pen·

2043 1157 2224 1217 (lente
2270 1156 2610 1237 multiplico
2650 1156 3022 1219 conficiendo
3063 1178 3173 1240 pro
3215 1159 3457 1220 dotibus
3500 1160 3594 1220 di·

2042 1252 2445 1325 stribuendis,
2476 1251 2825 1313 nullatenus
2862 1253 2941 1314 sit
2971 1253 3392 1334 suspendenda
3431 1254 3595 1331 soln-

2042 1346 2127 1408 tio
2174 1345 2357 1408 trium
2389 1348 2749 1427 Legaterum
2787 1347 2850 1407 in
2879 1347 3259 1410 Testamento
3284 1348 3597 1411 ordinato-

2042 1460 2179 1502 rum
2209 1440 2419 1502 savore
2441 1440 2741 1503 Ecclesiae
2762 1441 2961 1502 Sancti
2986 1442 3237 1504 Joannis
3258 1489 3273 1515 ,
3301 1444 3403 1505 sed
3431 1444 3595 1525 qnod

2040 1534 2181 1605 illa,
2226 1533 2409 1596 etiam
2454 1534 2753 1616 pendente
2793 1535 3026 1597 dotium
3073 1535 3442 1619 multiplico,
3473 1538 3598 1601 sint

2043 1629 2437 1709 persolvenda
2457 1675 2473 1703 ,
2505 1629 2593 1692 uti
2624 1630 2961 1692 desumitur
2995 1650 3071 1693 ex
3097 1631 3304 1705 docto,
3334 1641 3394 1694 et
3420 1632 3593 1694 lucu·

2042 1723 2208 1786 lento
2240 1724 2528 1804 praedicti
2555 1725 3033 1786 Eminentissimi
3076 1726 3399 1806 suffragio,
3427 1727 3593 1806 quod

2041 1819 2367 1881 exhibetur
2398 1839 2519 1882 una
2547 1836 2686 1881 cum
2713 1821 3123 1895 TestamentO,
3155 1830 3216 1883 et
3242 1820 3567 1885 Codicillis.

2163 1916 2583 1979 Fundamenta
2625 1925 2830 1978 autem
2856 1915 3040 1997 hujus
3066 1916 3411 1978 assertionis
3449 1936 3593 1978 con·

2041 2012 2264 2075 sistunt
2307 2012 2684 2093 potissimum
2730 2012 2792 2072 in
2839 2010 2934 2071 his
2960 2055 2977 2084 ,
3022 2030 3180 2091 quae
3218 2019 3596 2093 sequuntur3

2046 2108 2415 2189 ponderatur
2437 2106 2609 2169 enim
2638 2106 2868 2187 primo,
2905 2107 3068 2187 quod
3097 2108 3372 2168 Testator
3397 2106 3462 2166 in
3489 2107 3596 2167 Te-

2045 2208 2341 2263 stamento
2387 2201 2698 2281 suspendit
2736 2201 2968 2262 dotium
2999 2199 3484 2262 distributionem
3530 2198 3595 2259 in

2045 2314 2186 2357 casu
2230 2294 2606 2358 deficientiae
2650 2295 2999 2370 redituum,
3051 2303 3108 2357 et
3153 2294 3317 2376 qued
3361 2292 3598 2357 nullam

2047 2389 2230 2451 trium
2283 2398 2806 2453 controversorum
2853 2393 3214 2472 Legatorum
3263 2387 3602 2469 suspensio-

2046 2503 2183 2544 nem
2220 2482 2639 2556 demandavit,
2690 2484 2833 2545 hinc
2869 2484 3220 2555 inferendO,
3266 2482 3431 2562 qued
3473 2480 3600 2543 tria

2044 2577 2193 2641 baec
2225 2577 2420 2659 legata
2447 2577 2696 2640 fuerunt
2721 2596 2758 2639 a
2780 2580 3086 2640 Testatore
3115 2577 3505 2658 praedilecta,
3536 2584 3600 2638 et

2045 2674 2209 2756 quod
2245 2693 2350 2754 per
2379 2692 2751 2753 consequens
2779 2691 2846 2734 ea
2887 2693 3008 2734 non
3049 2682 3191 2735 sunt
3226 2672 3596 2752 suspenden-

2045 2770 2144 2840 da,
2168 2769 2269 2830 sed
2298 2768 2723 2849 persolvenda,
2751 2766 2888 2831 lieet
2908 2768 3164 2849 pendeat
3189 2766 3591 2849 multiplicum

2046 2863 2445 2943 prodetibus.
2661 2878 2668 2883 ’

2163 2958 2541 3033 Ponderatur
2574 2955 2871 3030 secundo,
2907 2955 3068 3038 qnod
3101 2957 3372 3017 Testatur
3399 2954 3460 3014 in
3488 2954 3594 3014 Co-

2043 3052 2296 3125 dicillis,
2336 3062 2467 3133 post
2509 3052 2786 3113 ordinata
2827 3051 2950 3113 alia
2995 3051 3217 3132 Legata
3261 3060 3373 3130 pro
3414 3048 3602 3109 unica-

2044 3146 2175 3211 vice
2200 3147 2520 3222 solvenda,
2559 3145 2828 3228 inquit,:
2859 3147 2958 3210 0110
2989 3156 3136 3207 tutto
3173 3145 3360 3224 quello
3384 3143 3481 3204 che
3526 3142 3606 3202 Ιιο

2044 3242 2193 3303 detto
2215 3285 2232 3314 ,
2275 3260 2302 3301 ο
2342 3240 2584 3320 disposta
2621 3242 2715 3299 nel
2747 3250 2998 3319 pressius
3042 3237 3319 3300 codicillo
3340 3277 3358 3307 ,
3400 3256 3428 3298 ο
3465 3255 3603 3297 sono

2044 3337 2220 3398 anche
2245 3354 2344 3415 per
2368 3336 2491 3395 dire
2509 3379 2527 3409 ,
2552 3335 2718 3395 abbia
2751 3337 2944 3413 moyn,
2975 3334 3041 3393 od
3069 3334 3383 3393 esecuzione
3409 3332 3599 3391 immo-

2002 3421 2007 3432 ’
2047 3431 2388 3491 diotmarus
2431 3428 2570 3509 dopo
2601 3430 2632 3487 a·
2670 3428 2872 3508 Leqati
2907 3428 3044 3507 Ῑαιιι·
3081 3428 3174 3487 nel
3216 3425 3593 3497 Testamenta,

2042 3523 2382 3584 intendendo
2422 3526 2623 3585 avanti
2663 3525 2713 3582 le
2746 3524 2866 3583 doti
2887 3568 2904 3597 ,
2951 3523 2999 3583 le
3035 3521 3454 3603 quali-waio,
3500 3522 3598 3582 che

2044 3617 2208 3677 siam
2233 3617 2480 3677 l'ultime
2497 3660 2515 3690 ,
2546 3635 2574 3676 e
2596 3618 2789 3696 prima
2814 3619 2976 3677 siam
3001 3616 3324 3696 suddisset&
3348 3617 3373 3674 i
3397 3613 3608 3693 Loqati·

2048 3711 2219 3778 tutti,-
2248 3744 2290 3755 -
2319 3710 2513 3790 posito
2550 3710 2849 3790 siquidem
2868 3757 2884 3783 ,
2936 3710 3101 3792 quod
3147 3710 3368 3790 Legata
3394 3710 3601 3771 Testa·

2050 3803 2346 3865 mentaria
2373 3803 2661 3867 solvenda
2686 3804 2809 3866 siut
2838 3812 2980 3866 ante
2998 3805 3221 3885 Legata
3249 3803 3312 3863 in
3341 3799 3599 3864 Codicil-

2048 3897 2127 3960 lis
2150 3905 2462 3971 contenta,
2492 3905 2556 3960 et
2578 3897 2993 3980 quod‘Legata
3019 3897 3083 3962 in
3111 3896 3415 3959 Codicillis
3455 3896 3601 3957 reli-

2050 4002 2145 4055 cta
2178 3991 2306 4054 sint.
2340 3992 2419 4053 ad
2451 3991 2720 4054 tramites
2748 3992 3081 4056 voluntatis
3105 3990 3429 4054 Testatoris
3461 4005 3604 4052 exe-

2049 4087 2294 4168 quenda
2317 4095 2459 4150 ante
2481 4087 2780 4167 Legatum.
2795 4087 3033 4148 dotium
3050 4131 3069 4160 ,
3095 4085 3372 4172 sequitur
3389 4130 3405 4159 ,
3436 4086 3600 4166 quod

2051 4183 2306 4261 Legata,
2360 4181 2436 4242 de
2474 4182 2701 4261 quibus
2743 4181 2980 4261 agitur,
3030 4189 3237 4262 utpote
3282 4180 3347 4241 in
3396 4182 3603 4252 Testa-

2050 4284 2255 4337 mento
2290 4275 2529 4345 relicta,
2560 4275 2682 4337 sint
2719 4274 3008 4337 solvenda
3047 4281 3189 4338 ante
3225 4275 3460 4337 dotium
3488 4265 3604 4337 Le-

2049 4379 2290 4450 gatum,
2309 4378 2374 4432 et
2399 4371 2513 4443 sic,
2540 4370 2703 4452 quod
2726 4368 3023 4451 pendente
3044 4389 3153 4451 pro
3171 4369 3417 4432 dotibus
3442 4367 3604 4429 mul·

2051 4464 2294 4546 tiplicoss,
2325 4464 2787 4528 non1site0rum
2815 4463 3038 4526 solutio
3065 4463 3508 4544 suspendenda.

2156 4559 2450 4641 Denique
2495 4559 2909 4639 ponderatur,
2956 4558 3121 4639 quod
3170 4559 3441 4620 Testatur
3485 4556 3606 4622 fuit

2053 4651 2381 4723 officialis,
2431 4660 2494 4716 et
2536 4651 3008 4714 Administrator
3054 4649 3354 4714 Ecclesiae
3399 4649 3605 4712 Sancti

2053 4746 2306 4810 loannis
2331 4746 2527 4826 spatio
2552 4741 2856 4808 annorum
2885 4749 2984 4807 «to.
3021 4744 3184 4826 quod
3213 4744 3277 4805 in
3305 4764 3378 4806 ea
3401 4743 3606 4824 sepul-

2056 4848 2255 4901 turam
2292 4839 2510 4921 elegit,
2543 4839 2708 4918 qued
2747 4839 2870 4900 duo
2911 4837 3112 4918 prima
3147 4839 3368 4919 Legata
3405 4836 3605 4916 ,respi-

2052 4934 2223 4996 ciunt
2250 4935 2536 5015 majorem
2569 4933 2798 4996 cultum
2829 4933 3143 5004 divinum,
3194 4941 3253 4994 et
3280 4931 3441 5012 quod
3475 4940 3606 4992 tan⁴

2055 5027 2193 5096 dem
2232 5045 2504 5091 summae
2541 5027 2823 5089 utilitatis
2864 5035 2953 5088 est
2995 5027 3284 5106 Legatum
3326 5024 3606 5090 relictum

2010 5143 2011 5152 ¹
2056 5137 2166 5203 pro
2195 5121 2408 5196 Pueris
2421 5121 2805 5186 instruendis
2821 5120 2894 5182 in
2922 5119 3266 5188 Christiana
3291 5118 3612 5193 Doctrina,2

2054 5216 2226 5297 quasi
2266 5215 2432 5296 quod
2470 5236 2548 5278 ex
2588 5215 2719 5289 bis,
2748 5225 2807 5277 et
2833 5214 3135 5278 similibus
3163 5212 3467 5293 praesumi
3500 5232 3614 5284 vas

2058 5311 2177 5373 leat
2205 5313 2571 5374 Testatorem
2616 5329 2932 5391 nunquam
2962 5308 3257 5382 voluisse,
3297 5308 3463 5387 qnod
3487 5309 3610 5374 Lea

2054 5415 2193 5488 gata
2221 5404 2369 5466 baec
2410 5423 2530 5466 non
2562 5404 2973 5478 solverentur,
3008 5403 3308 5484 pendente
3345 5400 3484 5468 licet
3512 5420 3616 5468 sus

512 5500 901 5582 Exquisitum
926 5499 1044 5564 fuit
1069 5500 1286 5564 Votum
1312 5500 1785 5566 Eminentissimi
1812 5502 1952 5564 Pro·
2058 5520 2166 5581 per
2194 5499 2439 5564 dotibus
2467 5498 2821 5579 multiplico.
