4393 6299
1613 447 2103 519 ·Quasrlo
2162 447 2507 505 cccxxvm

478 606 580 676 tui·
638 605 1050 674 contentiones
1091 605 1248 668 circa
1296 602 1652 685 qualitatem
1709 601 1907 683 grani,
1956 608 2016 663 et

474 704 815 767 albedinem
847 700 1216 784 gallinarum
1239 743 1256 772 ,
1282 706 1410 759 tum
1438 696 1584 778 quia
1614 695 1827 758 tributi
1853 693 2018 757 dela-

470 807 633 862 tores
670 793 1058 859 irrisionibus
1103 799 1493 875 exponuntur
1553 790 1816 854 aliorum
1839 835 1857 863 ,
1909 808 2018 870 per

471 911 732 973 quornm
754 889 883 952 loca
908 895 1246 961 transeunt,
1274 886 1430 950 itaut
1448 883 1753 957 scandala,
1780 890 1840 946 et
1858 880 2020 946 mala

467 1004 538 1047 ea
561 985 869 1047 occasione
896 981 1261 1064 contigerint
1284 1024 1302 1043 .
1891 1012 1894 1015 ⁴

591 1080 682 1141 Ad
703 1079 979 1141 ellectum
1007 1077 1214 1157 itaque
1235 1094 1298 1137 se
1316 1095 1352 1138 a
1369 1075 1528 1138 dicto
1542 1093 1726 1136 onere
1745 1072 2017 1134 eximen-

470 1171 568 1245 di,
592 1192 727 1235 cum
760 1171 1044 1253 praedicti
1077 1169 1369 1232 Homines
1394 1170 1515 1232 sint
1543 1167 1784 1231 Patroni
1816 1166 2015 1229 Eccle-

467 1266 591 1327 siae
632 1264 975 1327 Parochalis
1001 1263 1200 1326 Sancti
1238 1261 1675 1324 Bartholomaei
1702 1258 2014 1321 memorati

469 1360 660 1422 Castri
686 1360 751 1421 dc
798 1355 1061 1428 Guembc,
1095 1363 1398 1419 reservato
1450 1356 1618 1436 prius
1646 1353 2016 1434 beneplacito

470 1453 844 1534 Apostolico,
899 1453 961 1513 in
1018 1451 1289 1515 animum
1339 1450 1712 1512 induxerunt
1769 1446 2013 1510 cedendi

464 1551 1078 1629 juspatronatu8,·seu
1097 1548 1199 1628 jus
1225 1543 1579 1607 nominandi
1608 1541 1813 1606 favore
1845 1540 2016 1622 Capi·

471 1642 611 1716 tuli,
636 1641 722 1704 ita
773 1652 993 1714 tamen,
1022 1642 1182 1703 utin
1207 1640 1483 1722 qualibet
1507 1637 1818 1702 vacatione
1844 1643 2020 1717 prae·-

470 1744 739 1799 sentetur
767 1734 967 1798 Incola
998 1734 1164 1797 filius
1189 1733 1303 1796 loci
1335 1735 1399 1795 dc
1449 1731 1691 1795 Gnoembo
1709 1752 1733 1802 ,·
1776 1738 1836 1792 et
1861 1747 2015 1811 qua-

472 1839 649 1893 tenus
702 1829 956 1892 idoneus
999 1828 1156 1891 inter
1216 1827 1508 1891 Homines
1556 1825 1671 1887 loci
1736 1844 1857 1886 non
1918 1843 2014 1884 re-

471 1924 774 2005 periatur,
821 1922 942 1986 alia
986 1940 1383 2004 quaecunque
1423 1923 1682 1983 Persona
1725 1919 1939 1980 idonea
1978 1937 2014 1980 a

468 2017 748 2099 Capitulo
771 2025 1209 2101 praesentetur,
1233 2034 1395 2098 quae
1415 2016 1497 2079 ab
1516 2015 1809 2097 Episcopo
1822 2013 1901 2075 sit
1920 2013 2015 2074 in·

467 2111 791 2187 stituenda,
820 2130 1157 2194 curamque
1178 2118 1454 2174 exerceat
1474 2109 1820 2173 animarum
1839 2105 2016 2168 titulo

467 2204 698 2267 Vicarii
720 2206 1019 2287 perpetui,
1050 2204 1116 2266 in
1138 2203 1443 2286 sequelam
1468 2202 1747 2266 videlicet
1773 2199 2016 2262 unionis

469 2297 769 2361 Ecclesiae
795 2298 1169 2363 Parocbialis
1190 2298 1467 2380 Capitulo
1490 2297 1797 2373 faciendae
1817 2337 1835 2356 .

585 2393 663 2455 Et
687 2394 833 2474 quia
894 2391 1200 2473 provisum
1253 2391 1405 2465 suit,
1451 2390 1843 2455 neceaeariam
1889 2406 2016 2449 esse

465 2485 1249 2569 congruaeassignationem
1272 2486 1416 2548 huic
1436 2484 1680 2546 Vicario
1702 2491 2011 2563 perpetuo,

467 2589 762 2643 conventa
793 2579 914 2642 suit
943 2579 1269 2662 assignatio
1296 2580 1360 2642 in
1389 2579 1570 2642 scutis
1592 2583 1690 2639 80.
1744 2582 2015 2638 monetae

470 2675 812 2748 Romanae3
835 2672 1067 2735 reditus
1089 2671 1317 2735 etenim
1346 2668 1672 2735 Parochiae
1701 2668 2017 2732 ascendere

467 2756 753 2828 dicuntur
773 2766 847 2827 ad
873 2765 1118 2828 ducatos
1143 2769 1277 2826 120.
1301 2764 1436 2827 auri
1462 2764 1538 2826 de
1566 2763 1838 2834 Camera,
1868 2760 2014 2823 etin

464 2874 561 2935 eo,
582 2859 744 2941 quod
763 2860 976 2922 attinet
1005 2858 1081 2922 ad
1107 2859 1290 2940 hujus
1309 2876 1609 2939 congruae
1619 2857 2011 2931 exactionem,

470 2953 813 3035 Capitulum
837 2973 902 3016 se
938 2953 1169 3036 obligat
1190 2952 1266 3016 ad
1294 2951 1580 3016 solvenda
1605 2950 1850 3013 vicario
1872 2969 2018 3031 qno-

472 3047 622 3112 libet
644 3067 804 3110 anno
823 3057 987 3111 scuta
1011 3053 1109 3110 40.
1155 3055 1215 3110 et
1240 3046 1362 3110 alia
1391 3055 1558 3110 scuta
1609 3051 1707 3109 40.
1740 3045 2018 3107 Vicarius

468 3143 735 3207 retrahet
770 3164 847 3207 ex
895 3142 1317 3207 emolumentis
1364 3141 1727 3223 nuncupatis
1776 3141 1840 3202 de
1882 3139 2015 3221 pedo

398 3292 424 3317 ,
468 3239 717 3310 Altam,
747 3238 828 3302 ita
849 3246 1072 3313 tamen,
1108 3247 1175 3301 ut
1202 3239 1265 3300 in
1299 3257 1441 3300 casu
1474 3234 1893 3299 diminutionis
1911 3233 2016 3297 bo-

472 3353 608 3398 rum
623 3333 1195 3404 emolumentorum,
1215 3351 1377 3414 quae
1396 3331 1574 3393 modo
1589 3330 1664 3393 ad
1682 3330 1838 3392 dicta
1849 3335 2014 3390 scuta

470 3432 570 3492 to.
604 3428 926 3493 ascendere
966 3428 1252 3490 dicuntur
1277 3474 1295 3499 ,
1332 3423 1743 3488 Communitas
1802 3422 1916 3485 loci
1948 3423 2013 3482 do

436 3596 438 3601 ¹
478 3519 720 3585 Gumbo
745 3571 762 3595 ,
800 3540 958 3604 quae
1009 3521 1308 3584 Ecclesiae
1333 3518 1670 3584 Parochiali
1717 3516 2015 3580 uniendae

473 3607 658 3679 donat
680 3615 993 3680 duodecim
1017 3634 1329 3678 mensuras
1350 3613 1597 3677 Terreni
1622 3612 1838 3676 arativi
1859 3611 2011 3673 libe-

473 3727 575 3772 ras
616 3710 807 3773 annui
853 3709 1082 3773 reditus
1133 3718 1397 3791 quatuor
1439 3727 1857 3770 mensurarum
1891 3706 2015 3769 sru-

473 3803 686 3878 menti,
717 3803 987 3885 obligata
1028 3804 1287 3866 ulterius
1331 3812 1638 3865 remaneat
1666 3802 1743 3864 ad
1771 3800 2010 3883 supple-

473 3905 743 3959 mentum
772 3917 960 3977 usqne
992 3899 1066 3959 ad
1091 3917 1387 3957 summam
1419 3896 1811 3978 praedictam.

589 3990 868 4070 Denique
898 4003 1259 4053 conventum
1291 3993 1427 4063 suit,
1464 3992 1627 4073 quod
1671 3988 2015 4071 Capitulum

476 4083 774 4147 Ecclesiae
820 4088 1183 4166 Collegiatae
1209 4136 1223 4158 ,
1277 4088 1349 4148 ad
1381 4104 1561 4166 quam
1609 4084 1674 4145 in
1710 4089 2013 4165 posterum

472 4177 754 4241 Decimae
794 4181 1171 4240 parochiales
1197 4178 1811 4260 pertinebunt,solvat
1828 4195 2014 4258 quar-

475 4279 601 4335 tam
627 4271 894 4335 debitam
940 4273 1236 4355 Episcopo
1259 4319 1262 4322 -
1287 4273 1699 4354 Pampilonen.
1737 4281 2011 4335 «taxatam

471 4363 537 4426 in
566 4366 1021 4445 quatuordecim
1065 4366 1362 4428 mensuris
1401 4365 1686 4428 frumenti
1712 4374 2014 4444 transpor-

473 4459 641 4522 tandi
668 4459 745 4521 ad
766 4459 962 4522 locum
997 4460 1062 4521 ds
1089 4458 1354 4533 Salinas,
1384 4469 1443 4520 et
1461 4458 1624 4540 quod
1651 4458 1830 4520 etiam
1854 4457 2014 4519 idem

472 4550 823 4634 Capitulum
877 4551 1180 4634 persolvat
1218 4553 1507 4636 Dignitati
1552 4551 1852 4631 Delquiart
1900 4549 2014 4613 Ca·

478 4645 771 4709 thedralis
822 4645 1236 4727 Pampitonen.
1296 4665 1407 4727 pro
1457 4645 1623 4708 fonte
1665 4643 2013 4725 Baptismali

472 4757 747 4803 annuum
777 4740 944 4805 aliud
967 4739 1439 4803 emolumentum
1469 4737 1872 4802 consistensin
1902 4738 2013 4798 tri-

472 4834 590 4898 bus
631 4835 919 4898 oneribus
959 4834 1244 4897 frumenti
1266 4880 1284 4909 ,
1316 4832 1472 4897 facta
1518 4852 1624 4915 per
1650 4832 1806 4894 idem
1836 4830 2012 4912 Capi·

472 4927 672 4989 tulum
702 4927 906 5011 ampla
936 4927 1308 5001 remissione,
1342 4947 1445 4989 seu
1485 4934 1768 5008 perpetua
1792 4924 2013 4987 condo-

476 5023 721 5086 natione
747 5042 931 5104 supra
961 5022 1233 5086 recensiti
1273 5022 1483 5084 tributi
1515 5019 1823 5093 frumenti,
1871 5026 2011 5081 ave-'

476 5134 611 5189 nae,
640 5137 854 5181 novem
877 5117 1156 5181 albarum
1173 5116 1566 5199 gallinarum,
1588 5124 1648 5178 et
1666 5116 1866 5177 decem
1896 5115 2011 5175 Re-

475 5209 701 5290 galium
731 5222 1003 5275 monetae
1024 5212 1305 5294 Regionis
1323 5255 1339 5272 .

591 5306 941 5370 Transactio
975 5307 1124 5369 haec
1143 5307 1324 5390 digna
1354 5317 1440 5369 est
1467 5305 1801 5388 Apostolico
1822 5306 2011 5367 Bene-

473 5400 694 5485 placito
714 5404 891 5485 juxta
916 5421 1158 5466 sensum
1187 5401 1484 5485 Episcopi,
1537 5413 1592 5466 ei
1621 5403 1799 5466 etiam
1841 5401 2006 5464 Emi-

2127 602 2460 665 nentissimi
2511 602 2758 666 Domini
2801 602 3141 667 Cardinalis
3173 601 3450 676 Tanarii,
3493 603 3665 684 cujus

2125 698 2479 780 suffragium
2509 697 2627 764 snit
2664 700 2743 763 ab
2772 697 2885 762 hac
2910 698 3041 762 Sac.
3075 698 3545 783 congregatione
3568 717 3668 763 re-

2128 795 2445 875 quisitum,
2470 803 2530 859 et
2556 796 2718 860 ultra
2749 796 3141 859 remotionem
3198 794 3618 859 scandalorum
3643 840 3662 870 ,

2125 898 2184 951 et
2212 889 2552 954 evidentem
2576 890 2903 954 utilitatem
2931 898 3057 953 tum
3089 888 3374 968 Capituli,
3399 896 3530 952 tum
3554 888 3671 953 Ec-

2124 983 2338 1046 clesiae
2364 983 2734 1048 parochialis
2753 1031 2772 1061 ,
2816 990 2876 1048 et
2924 984 3215 1047 motivum
3242 1002 3459 1064 magna
3481 982 3673 1046 consi·

2130 1077 2440 1141 deratione
2469 1079 2757 1161 dignum,
2792 1079 2953 1160 quod
2983 1081 3085 1161 jus
3132 1077 3544 1158 praesentandi
3593 1075 3671 1141 ad

2127 1170 2540 1235 Parocbialem
2591 1172 2923 1235 Ecclesiam
2953 1173 3026 1234 de
3056 1170 3280 1234 Laicali
3317 1171 3531 1233 evadat
3556 1171 3671 1233 Ec-

2123 1265 2541 1342 clesiasticum,
2573 1288 2732 1348 quae
2757 1267 2960 1329 omnia
2985 1267 3044 1327 in
3077 1265 3366 1328 relatione
3391 1264 3669 1346 Episcopi

2125 1369 2182 1421 et
2204 1359 2265 1419 in
2301 1361 2585 1443 suffragio
2620 1359 3091 1422 Eminentissimi
3124 1358 3366 1422 Tanarii
3397 1366 3672 1421 accurate

2123 1454 2492 1517 considerata
2505 1464 2667 1529 sunt,
2687 1455 2825 1518 addi
2853 1463 3062 1537 potest,
3078 1455 3239 1536 quod
3262 1454 3399 1517 licet
3415 1453 3670 1534 emptio·

2126 1567 2251 1619 nes,
2278 1557 2337 1611 et
2356 1549 2804 1624 conventiones,
2826 1557 2886 1612 et
2921 1549 3040 1611 alia
3067 1567 3482 1631 quaecumque
3499 1559 3671 1629 pacta

2120 1642 2454 1706 consimilia
2485 1642 2920 1723 prohibeantur
2945 1664 2978 1706 a
3012 1644 3209 1706 Sacris
3234 1643 3577 1705 Canonibus
3603 1641 3669 1703 in

2123 1737 2374 1799 materia
2391 1737 2918 1819 jurispatronatus,
2940 1749 3004 1798 ut
3024 1741 3087 1797 in
3109 1733 3253 1817 (ἔσῃ’.
3281 1739 3420 1815 quia.
3431 1735 3664 1803 Cle-ici,

2121 1831 2308 1910 ibique
2334 1828 2532 1893 Glossa
2550 1834 2615 1891 in
2636 1832 2796 1892 verbo
2813 1833 3125 1902 advocatie,
3147 1842 3198 1892 et
3217 1834 3281 1890 in
3298 1850 3421 1911 cap.
3447 1831 3511 1890 de
3535 1831 3669 1906 jure

2123 1927 2216 1984 tit.
2232 1925 2790 2006 dejurepatronams,
2808 1943 2943 1987 cum
2961 1925 3185 2007 quibus
3204 1923 3661 1986 concordatSac.

2124 2017 2458 2081 Concilium
2484 2018 2907 2082 Tridentinum
2927 2039 3055 2080 sess.
3104 2023 3203 2080 25.
3230 2039 3354 2100 cap.
3388 2024 3447 2079 9.
3473 2019 3540 2079 ds
3558 2018 3668 2080 Ro-

2120 2114 2289 2194 [orm.
2345 2112 2549 2177 omnia
2604 2112 3001 2175 nibilominus
3048 2122 3307 2185 cessant,
3355 2112 3556 2175 statim
3599 2132 3668 2174 ac

2119 2208 2443 2272 auctoritas
2463 2208 2792 2272 intercedat
2809 2206 3146 2289 Apostolica
3168 2228 3185 2269 ε
3227 2208 3525 2270 scribente
3544 2214 3668 2270 ete-

2124 2302 2247 2363 nim
2271 2301 2574 2365 Matthaeo
2600 2302 2851 2373 Parisio,
2867 2303 3161 2365 loannem
3179 2302 3434 2383 Angliae
3448 2304 3666 2383 Regem

2123 2395 2330 2458 omnia
2350 2395 2711 2459 Patronatns
2725 2399 2887 2477 jura,
2909 2415 3068 2477 quae
3093 2395 3356 2459 habebat
3375 2396 3440 2456 in
3464 2397 3666 2459 Eccle-

2122 2487 2227 2549 siis
2247 2488 2617 2570 Anglicanis,
2633 2489 2869 2571 pignori
2897 2488 3126 2551 dedisse
3146 2489 3497 2551 Innocentio
3519 2492 3666 2551 Ter-

2124 2581 2208 2643 tio
2235 2583 2506 2644 Romano
2557 2582 2874 2656 Pontifici,
2909 2584 3071 2663 quod
3124 2582 3497 2663 prohibitum
3543 2604 3669 2648 esse

2123 2675 2465 2750 videbatur,
2496 2698 2570 2740 ex
2606 2697 2729 2759 quo
2750 2677 2928 2751 illud,
2952 2679 3117 2760 quod
3146 2677 3577 2754 venditionem,
3598 2680 3669 2743 'et

2122 2771 2486 2851 emptionem
2543 2791 2661 2834 non
2709 2772 2953 2852 recipit,
3011 2792 3120 2834 nec
3182 2772 3664 2853 pignerationem

2123 2864 2392 2945 recipere
2416 2873 2627 2948 potent,
2648 2868 2823 2949 juxta
2857 2875 3087 2929 textum
3114 2869 3178 2927 in
3209 2868 3249 2927 l.
3280 2873 3337 2927 9.
3376 2865 3441 2948 §-
3479 2870 3667 2948 primo

2120 2957 2183 3040 ff.
2215 2960 2280 3021 de
2299 2962 2652 3041 piqnoribus,
2686 2961 2839 3024 bene
2874 2962 3186 3023 adnotavit
3216 2961 3406 3023 Ianus
3432 2983 3468 3023 a
3500 2961 3670 3023 Costa

2123 3054 2445 3116 Antecessor
2475 3055 2779 3117 Tolosanus
2806 3055 2868 3116 in
2900 3056 3259 3118 Summariis
3278 3055 3667 3118 decretalium

2121 3152 2199 3213 ad
2220 3152 2453 3211 titulum
2481 3151 2546 3211 de
2573 3152 3048 3212 transactionibus
3078 3170 3209 3229 paq.
3243 3151 3388 3208 mihi
3428 3155 3565 3211 230.
3605 3151 3668 3212 id

2118 3252 2278 3307 recte
2297 3244 2517 3306 factum
2540 3243 2743 3317 fuisse,
2771 3244 3174 3305 intercedente
3195 3242 3427 3303 Summi
3454 3244 3661 3305 Ponti-

2119 3338 2250 3402 ficis
2276 3339 2653 3411 auctoritate,
2685 3338 2796 3400 ibi:
2844 3338 2938 3398 ssd
2971 3357 3187 3398 omnem
3231 3337 3502 3412 defectum
3528 3358 3664 3420 sup-

2112 3435 2269 3515 plere
2289 3435 2470 3513 potuit
2502 3433 2813 3493 auctoritas
2841 3428 3070 3491 Summi
3106 3429 3419 3510 pontificis.

2239 3527 2398 3602 Quia
2423 3546 2567 3588 vero
2586 3525 2902 3606 ignoratur
2921 3571 2938 3600 ,
2969 3545 3046 3588 an
3070 3523 3392 3594 tributum,
3433 3523 3596 3604 qnod
3629 3544 3666 3587 a

2121 3620 2400 3702 Capitulo
2444 3620 2796 3694 remittitur,
2829 3620 2908 3682 sit
2934 3618 3083 3701 qnid
3138 3638 3286 3699 pure
3315 3617 3662 3698 temporale,

2122 3713 2258 3778 licet
2271 3724 2574 3778 asseratur
2595 3714 2893 3798 originem
2913 3714 3138 3777 hahere
3155 3733 3189 3774 a
3218 3712 3500 3786 Decimis,
3515 3733 3663 3775 non-

2124 3806 2331 3870 nullae
2348 3808 2599 3888 proponi
2616 3815 2864 3888 possunt
2885 3804 3434 3869 animadversiones
3454 3824 3667 3886 appro-

2121 3902 2353 3966 bationi
2379 3901 2731 3966 concordiae
2769 3901 3187 3974 adversantes,
3232 3907 3293 3962 et
3337 3899 3667 3962 nonnullae

2121 3995 2315 4059 eidem
2347 3995 2613 4058 faventes
2632 4037 2651 4056 .

2240 4092 2316 4152 Et
2345 4089 2672 4171 praemisso
2698 4087 2967 4170 quidem,
3001 4086 3164 4170 quod
3200 4106 3235 4151 a
3258 4086 3536 4168 Capitulo
3580 4084 3668 4148 di·

2122 4183 2386 4246 mittitur
2406 4182 2662 4264 aliquid‚
2691 4181 2852 4263 quod
2881 4189 3070 4262 potest
3096 4201 3222 4244 esse
3251 4201 3400 4262 pure
3434 4187 3664 4260 tempo·

2122 4277 2273 4351 rale,
2302 4286 2365 4338 et
2385 4277 2723 4358 acquiritur
2751 4275 3009 4357 aliquid,
3040 4277 3200 4357 quod
3225 4284 3315 4337 est
3341 4273 3667 4354 spirituali·

2125 4371 2240 4433 bus
2288 4389 2636 4442 annexum,
2679 4369 2727 4431 si
2779 4388 2898 4429 non
2940 4367 3397 4440 antecedenter,
3454 4366 3664 4427 saltem

2123 4472 2580 4544 consequenter,
2596 4465 2772 4546 juxta
2793 4463 3125 4525 doctrinam
3156 4461 3291 4521 Divi
3319 4460 3558 4522 Thonmo
3601 4465 3661 4520 2.

2119 4562 2180 4619 2.
2218 4570 2433 4638 quaest.
2469 4562 2604 4618 100.
2635 4568 2751 4618 art.
2789 4561 2847 4618 4.
2880 4559 2946 4617 in
2971 4574 3216 4636 corporo,
3248 4554 3493 4634 quando
3512 4554 3664 4614 veti-

2122 4660 2250 4714 tum
2274 4661 2360 4713 est
2391 4648 2723 4731 temporale
2745 4650 3010 4730 recipere
3058 4645 3280 4708 nedum
3330 4666 3439 4726 pro
3482 4645 3663 4725 spiri-

2123 4745 2309 4816 tuali,
2354 4743 2451 4806 vel
2479 4741 2895 4824 spiritualibus
2935 4759 3174 4803 annexa
3206 4738 3660 4812 antecedenter,

2121 4838 2224 4900 sed
2255 4837 2436 4900 etiam
2466 4856 2577 4918 pro
2624 4855 2693 4898 re
2720 4834 3141 4915 spiritualibus
3191 4850 3430 4896 annexa
3456 4848 3662 4892 conse·

2119 4940 2375 5013 quenter
2404 4952 2421 5006 ς
2452 4930 2613 4992 unde
2643 4929 2781 4990 licet
2792 4930 2894 5010 jus
2916 4927 3331 5008 praesentandi
3354 4944 3661 4988 annexum

2120 5025 2501 5087 universitati
2524 5026 2823 5087 bonorum
2841 5030 3105 5085 transeat
3123 5041 3258 5083 cum
3273 5018 3664 5082 universitate

2121 5118 2186 5180 in
2222 5128 2578 5200 emptorem,
2620 5120 2794 5201 juxta
2821 5117 3064 5178 Teoetum
3094 5119 3158 5177 in
3200 5136 3325 5196 cap.
3359 5133 3434 5174 cx
3456 5114 3660 5173 litteris

2117 5214 2184 5275 de
2207 5216 2701 5294 jurepatronatus,
2738 5230 2855 5273 non
2887 5220 3078 5292 potest
3120 5219 3316 5272 tamen
3366 5209 3661 5289 juspatro-

2119 5318 2297 5370 natus
2328 5308 2745 5389 principaliter
2773 5305 2973 5378 vendi,
3006 5325 3113 5366 nec
3141 5304 3400 5386 pretium
3421 5301 3661 5363 univer-

2116 5403 2308 5467 sitatis
2334 5404 2626 5466 bonorum
2652 5400 2860 5486 augeri
2882 5410 3125 5482 propter
3156 5398 3329 5470 illud,
3350 5395 3524 5479 juxta
3547 5395 3655 5456 do-
