4393 6299
1559 489 1759 558 Qum
1784 490 1818 542 s
1844 491 1894 545 ‘r
1921 487 2016 543 ιο
2072 485 2295 543 ccciv.

396 635 751 795 gisflEcclcsia
776 683 793 711 ‚
822 646 882 701 et
923 637 1123 702 Choro
1145 683 1164 714 ‚
1201 639 1347 740 dum
1393 639 1614 704 Divina
1646 647 1940 723 peragunt

521 752 612 795 Cla
630 775 646 792 .
1502 753 1503 756 ’
1784 763 1793 772 ·

2165 640 2333 704 Haec
2361 638 2954 716 sunt-fundamenta,
2995 641 3222 723 quibus
3244 640 3591 704 innituntur

2045 733 2281 796 decreta
2303 733 2662 814 Pro-vicarii
2682 754 2699 807 ς
2722 753 2985 817 cumque
3004 735 3086 798 ab
3102 735 3233 816 ejus
3250 733 3445 797 edicto
3461 733 3590 795 fne-

515 826 726 900 Quoad
754 825 1129 907 sequentiam
1162 815 1293 887 Dies
1326 830 1450 889 irae
1473 874 1490 899 ‚
1536 827 1835 908 quidquid
1860 826 1941 888 sit
2049 826 2130 889 rit
2155 826 2510 909 interposita
2535 826 2891 909 appellatio,
2918 828 3033 890 sub
3060 829 3311 891 obtentu
3356 825 3593 908 potissi-

394 920 470 981 de
490 924 618 1002 ejus
644 925 920 995 auctore,
947 941 1084 983 cum
1115 921 1393 982 nonnulli
1418 942 1550 983 eam
1574 922 1837 1002 reserant
1861 923 1940 984 ad
2050 941 2214 982 mum
2261 921 2601 984 contrariae
2647 921 3136 993 consuetudinis,
3179 930 3240 983 et
3279 922 3470 984 Causa
3511 921 3594 984 ab

394 1011 774 1077 Cardinalem
817 1016 1099 1078 Latinum
1148 1016 1431 1077 Ursinum
1458 1063 1474 1090 ,
1508 1016 1614 1079 alii
1641 1017 1716 1078 ad
1740 1019 1939 1098 Augu·
2048 1015 2341 1078 Auditore
2383 1016 2754 1078 Sanctissimi
2798 1015 2984 1078 fuerit
3033 1016 3278 1084 remissa
3324 1017 3401 1079 ad
3437 1017 3595 1082 hanc

397 1109 620 1171 stinum
654 1110 731 1171 de
772 1109 961 1171 Biella
1002 1110 1251 1172 Ordinis
1277 1111 1701 1172 Eremitarum·
1727 1110 1791 1171 S.
1823 1114 1940 1192 Au-

397 1203 645 1284 gumini,
676 1203 780 1266 alii
805 1205 878 1265 ad
906 1203 1313 1279 Humbertum
1335 1196 1641 1278 ‘Quintum
1675 1204 1939 1266 Genera·

399 1295 517 1357 lem
536 1296 784 1358 Ordinis
807 1297 1315 1371 Praedicatorum,
1342 1299 1446 1360 alii
1469 1298 1543 1360 ad
1558 1299 1850 1360 Thomam
1868 1298 1945 1360 de

397 1390 616 1452 Celano
665 1390 911 1453 Ordinis
956 1391 1017 1452 S.
1068 1391 1371 1455 Francisci
1417 1394 1593 1473 juxta
1634 1412 1747 1464 ea,
1780 1411 1942 1474 quae

402 1484 704 1545 habentur
742 1486 898 1567 apud
927 1483 1251 1547 Gacantum
1296 1490 1363 1547 in
1395 1486 1683 1550 ssesaaro
1729 1486 1940 1549 Sacro-

395 1597 530 1638 rum
557 1578 797 1638 Remum
821 1598 954 1658 par.
980 1581 1047 1640 t..
1086 1580 1177 1639 tit.
1212 1583 1304 1641 18.
1334 1601 1473 1661 paq.
1503 1585 1643 1642 220.
1683 1600 1841 1641 num.
1878 1586 1936 1641 5.

388 1673 574 1750 juxta
629 1670 888 1732 Venetam
936 1674 1379 1753 impressionem,
1434 1673 1549 1736 hoc
1585 1694 1776 1736 uuum
1811 1693 1941 1736 cer-

399 1774 528 1826 tum
557 1772 645 1827 est
670 1813 687 1836 ‚
724 1766 887 1846 quod
917 1767 1092 1848 juxta
1141 1767 1436 1830 Rubricas
1482 1767 1749 1832 Missalis
1784 1768 1941 1830 dicta

400 1858 727 1939 Sequentia
763 1859 877 1920 dici
920 1860 1094 1921 debet
1132 1861 1196 1921 in
1228 1861 1943 1924 dieCommetnorationis

399 1952 674 2013 omnium
710 1952 1467 2017 Fidelium‘Defunctorum
1492 2002 1509 2030 ‚
1535 1969 1593 2019 et
1616 1947 1940 2037 depositio·

397 2045 495 2107 nis
522 2046 796 2108 Dehincti
822 2092 838 2119 ‚
868 2055 928 2108 et
957 2048 1443 2129 quandocunque
1480 2051 1541 2111 in
1584 2051 1764 2113 Missa
1793 2049 1941 2112 dici-

401 2148 501 2201 tur
542 2158 662 2200 una
691 2150 924 2204 tantum
970 2142 1493 2223 oratio;cumque
1522 2144 1704 2205 unica
1749 2143 1943 2205 oratio

396 2232 632 2295 dicatur
654 2234 715 2295 in
743 2234 1323 2316 Commemoratione
1343 2236 1618 2297 omnium
1644 2237 1943 2297 Fidelium

397 2327 874 2398 Defunctorum,
918 2329 980 2401 in
1020 2329 1120 2391 die
1157 2329 1543 2410 depositionis
1567 2375 1584 2403 ,
1629 2340 1686 2392 et
1726 2331 1941 2403 tertio,

396 2420 650 2501 septimo
673 2467 689 2491 ,
724 2421 1058 2502 trigesimo,
1088 2429 1148 2484 et
1171 2423 1600 2486 Anniversario
1626 2423 1903 2485 Defuncti
1922 2469 1940 2496 ,

398 2511 544 2574 hinc
558 2522 683 2586 est,r
714 2533 833 2575 non
858 2513 1048 2588 videri
1077 2562 1095 2587 ,
1134 2516 1296 2595 quod
1319 2516 1530 2577 eadem
1551 2535 1628 2578 ex
1651 2516 1947 2579 industria

398 2605 530 2667 sine
547 2618 787 2687 peccato
806 2608 1001 2667 omitti
1024 2609 1204 2688 possit
1220 2654 1236 2681 ,
1264 2609 1355 2670 uti
1375 2608 1493 2673 late
1514 2609 1773 2672 habetur
1792 2612 1948 2693 apud

402 2698 694 2780 Quartum
727 2703 805 2763 ad
843 2702 1119 2763 Rubricas
1162 2698 1426 2765 Missa'lis
1448 2715 1605 2785 part.
1649 2709 1704 2765 1.
1749 2707 1841 2765 tit.
1886 2712 1945 2767 5.

397 2795 532 2855 aab.
574 2800 636 2857 t.
662 2815 822 2856 nuni.
854 2803 913 2857 5.
948 2808 999 2856 et
1023 2798 1157 2856 dab.
1186 2802 1246 2857 4.
1272 2817 1375 2878 per
1410 2809 1509 2859 tot.
1535 2798 1644 2860 ubi
1669 2799 1734 2859 in
1758 2793 1951 2881 sp'ecie

398 2886 702 2969 loquendo
725 2889 801 2951 de
820 2889 1140 2952 omissione
1161 2890 1294 2951 Dies
1330 2894 1455 2954 irae
1473 2940 1491 2964 ,
1524 2892 1644 2966 ait,
1671 2903 1951 2954 caeterum

397 2982 465 3042 in
489 2986 705 3045 actione
726 2983 1015 3065 Sacrificii
1040 2995 1157 3045 tom
1175 2989 1446 3047 tremendi
1465 3006 1624 3048 omne
1641 3000 1947 3068 peccatum,

404 3081 663 3158 quamvis
699 3081 999 3144 minimam
1024 3127 1040 3148 ,
1071 3100 1262 3142 cavere
1293 3083 1543 3143 debemus
1574 3129 1588 3152 ,
1623 3085 1953 3164 praesertim

401 3193 530 3235 cum
552 3176 618 3256 in
660 3174 759 3233 hoc
779 3193 912 3234 casu
948 3176 1138 3253 plnres
1159 3177 1352 3238 dicant
1372 3180 1645 3238 committi
1664 3195 1950 3259 peccatum

401 3268 664 3327 mortale.
1344 3326 1345 3329 ,
1488 3282 1491 3283 ’

523 3357 738 3433 Quoad
766 3357 1096 3439 Epistulam
1127 3361 1461 3424 canendam
1484 3370 1625 3426 ante
1646 3361 1853 3427 Altare
1870 3363 1952 3426 ab

407 3460 533 3514 uno
554 3452 630 3514 de
646 3451 844 3527 clero,
872 3451 958 3515 sic
979 3452 1045 3514 in
1065 3453 1349 3517 Rubricis
1366 3455 1626 3533 Missalis
1640 3457 1948 3519 statuitur:

404 3549 457 3608 si
499 3548 831 3627 quandoque
860 3546 1160 3609 Celebrans
1181 3560 1375 3612 cantat
1398 3551 1643 3613 Missam
1666 3554 1785 3614 sine
1806 3552 1953 3614 Dia·

404 3661 578 3714 cono,
620 3652 673 3703 et
708 3640 1102 3716 Sabdiacono,
1142 3643 1465 3726 Epistolam
1500 3656 1697 3709 cantat
1735 3649 1802 3707 in
1840 3649 1955 3707 loco

405 3748 664 3799 consueto
687 3738 903 3816 aliquis
941 3735 1141 3799 Lector
1160 3743 1555 3821 superpelliceo
1595 3743 1829 3803 indutus
1848 3760 1869 3801 .·
1896 3748 1957 3803 et

411 3829 672 3906 Quartus
721 3849 902 3911 opere
927 3831 1108 3896 citato
1162 3845 1324 3915 parte
1368 3840 1427 3897 2.
1476 3839 1569 3897 tit.
1612 3842 1671 3899 6.
1711 3839 1845 3898 dub.
1891 3842 1950 3899 6.

405 3925 611 3986 subdit
639 3944 809 4006 posse
835 3925 999 3989 licite
1036 3928 1268 3991 cantari
1306 3930 1636 4010 Epistulam
1664 3931 1727 3993 in
1774 3930 1955 3995 Missa

412 4010 666 4079 solemni
691 4037 728 4081 a
762 4017 992 4081 Clerico
1015 4018 1327 4085 Minoi-um
1354 4023 1655 4088 Ordinum
1677 4025 1808 4088 sine
1827 4026 1957 4089 Ma-

408 4112 627 4193 -nipulo
652 4158 670 4185 ,
722 4113 770 4175 si
814 4113 929 4199 hoc
969 4115 1063 4177 illi
1105 4117 1514 4182 committatur
1544 4127 1787 4202 propter
1823 4121 1957 4184 iuo-

409 4205 1032 4289 piamMinistrorum
1066 4208 1133 4271 in
1172 4211 1372 4275 Sacris
1398 4260 1416 4285 ,
1452 4221 1512 4275 et
1553 4214 1717 4294 quod
1749 4212 1815 4275 in
1841 4213 1958 4296 hy-

409 4300 641 4383 pothesi
671 4349 687 4373 ,
723 4301 793 4389 ³¹¹.
824 4320 947 4383 qna
980 4314 1254 4367 cantetur
1298 4308 1479 4370 Missa
1502 4308 1751 4389 absque
1775 4308 1958 4385 Mini-

410 4395 553 4459 stris
596 4395 876 4459 videlicet
916 4397 1047 4459 sine
1094 4399 1361 4464 Diacono
1382 4446 1401 4476 ,
1432 4412 1493 4464 et
1535 4403 1916 4465 Subdiacono
1938 4451 1956 4476 ,

410 4499 556 4553 tunc
596 4489 864 4572 Epistola
906 4493 1203 4556 cantanda
1259 4505 1348 4557 est
1392 4514 1429 4558 a
1464 4498 1710 4560 Lectore
1749 4494 1963 4561 induto

411 4593 651 4648 tantum
684 4584 1119 4666 superpelliceo
1144 4608 1162 4662 3
1192 4598 1253 4650 et
1302 4589 1367 4650 in
1401 4609 1513 4665 eo,
1553 4592 1713 4673 quod
1748 4593 1963 4656 attinet

411 4681 491 4743 ad
524 4681 724 4743 locum
754 4680 1060 4761 Epistulae
1098 4685 1434 4747 cantandae
1452 4730 1470 4759 ‚
1502 4686 1588 4749 ait
1612 4685 1862 4750 Gacant.
1886 4690 1965 4750 ad

413 4774 693 4836 {lubricas
719 4773 981 4835 Missalis
1005 4793 1137 4855 par.
1178 4780 1238 4836 2.
1265 4774 1363 4839 tit.'
1385 4784 1443 4839 6.
1476 4798 1610 4860 paq.
1635 4786 1733 4842 93.
1762 4791 1960 4843 canta·

412 4877 512 4929 tur
523 4869 706 4947 juxta
728 4886 905 4928 corna
926 4869 1155 4930 Altaria
1177 4917 1194 4941 ,
1227 4871 1327 4930 ubi
1351 4869 1653 4935 Celebrans
1671 4876 1801 4955 leqit
1820 4874 1963 4956 Epo·-

415 4965 618 5025 stolam
665 4965 731 5023 in
763 4965 940 5043 plano
967 4962 1322 5045 Presbyterii
1342 5014 1359 5038 ,
1387 4977 1439 5029 et
1468 4978 1547 5028 est
1565 4969 1800 5033 dextera
1824 4988 1963 5050 pars

413 5055 699 5127 Ecclesiae
720 5058 1071 5119 intrantibus
1098 5061 1162 5119 in
1189 5080 1329 5122 eam.

414 5151 808 5233 -mmenique
857 5152 1055 5233 quoad
1104 5153 1500 5217 assistentiam
1555 5154 1770 5218 Clerici
1825 5176 1961 5219 cum

413 5240 585 5305 Cotta
618 5244 849 5318 induti,
896 5245 1141 5324 quando
1188 5247 1366 5309 Missa
1394 5256 1702 5321 cantatur,
1735 5249 1965 5311 faciunt

413 5334 649 5398 decreta
683 5339 749 5397 in
774 5336 1032 5399 Concilio
1052 5339 1467 5403 Mediolanensi
1493 5353 1698 5421 quarto
1718 5388 1736 5417 ‚
1763 5346 1828 5403 in
1857 5343 1963 5404 To-

417 5431 609 5492 lesano
634 5451 786 5505 anno
821 5437 993 5494 1590.
1022 5453 1146 5514 cap.
1178 5440 1237 5497 6.
1270 5447 1321 5496 et
1342 5439 1556 5517 passim
1581 5440 1646 5498 in
1668 5440 1825 5500 aliis.

813 5557 1019 5598 ιιιιιο.
1063 5558 1177 5600 xxv.
1217 5561 1361 5600 ron.
1401 5548 1511 5603 ΧΙΙ.

2043 1110 2287 1172 Sacram
2317 1110 2848 1192 Congregationem
2869 1157 2886 1181 ,
2918 1109 3268 1189 quaeritur:

2162 1202 2217 1264 1.
2247 1205 2342 1263 An
2375 1204 2698 1282 Presbyteri
2723 1202 3009 1265 Ecclesiae
3044 1202 3411 1265 Vultnrariae
3446 1214 3593 1264 tene-

2045 1309 2439 1360 antur-canere
2457 1298 2672 1360 Missas
2687 1344 2704 1368 ,
2726 1298 3141 1358 Annicersaria
3161 1297 3589 1375 Defunctorum,

2047 1402 2098 1450 et
2131 1392 2256 1453 alia
2290 1391 2507 1452 Divina
2540 1387 2743 1472 Officia
2767 1393 2832 1451 in
2852 1390 3109 1451 Ecclesia
3129 1435 3146 1463 ,
3176 1402 3228 1450 et
3258 1391 3444 1451 Charo
3466 1407 3595 1452 cum

2051 1485 2219 1547 Cotta
2235 1533 2253 1558 ,
2276 1496 2418 1547 ceste
2445 1488 2657 1559 talari,
2681 1496 2731 1546 et
2751 1486 2925 1545 bireto
2951 1483 3223 1546 Clericali
3243 1486 3306 1543 in
3326 1504 3461 1552 casn
3485 1496 3588 1546 etc.

2134 1577 2248 1638 .11.
2280 1578 2374 1638 An
2412 1581 2477 1638 in
2503 1578 2704 1639 Missis
2732 1579 3156 1639 Annicersariis
3193 1579 3457 1639 canendis
3487 1598 3596 1658 pro

2048 1672 2342 1751 Defunctis
2371 1683 2667 1735 teneantur
2690 1692 2887 1734 canere
2911 1674 3254 1751 sequentiam
3281 1672 3412 1733 Dies
3439 1675 3588 1746 irae,

2046 1770 2111 1827 in
2135 1788 2280 1829 casn-
2299 1778 2399 1828 etc.

2164 1861 2279 1922 ΙΙΙ.
2311 1861 2405 1921 An
2432 1864 2495 1922 in
2516 1860 2717 1923 Missis
2739 1861 3044 1941 praedictis
3068 1860 3322 1921 canenda
3349 1861 3423 1919 sit
3451 1858 3595 1940 Epi-

2045 1957 2192 2017 stola
2234 1957 2299 2014 in
2345 1954 2560 2028 Charo,
2603 1956 2691 2015 cel
2711 1955 2903 2034 potius
2929 1962 3061 2015 ante
3084 1953 3287 2013 Altare
3314 1956 3380 2013 in
3419 1973 3596 2014 corna

2051 2050 2348 2131 Epistolae
2372 2050 2445 2110 ab
2469 2069 2585 2110 nno
2614 2051 2680 2110 de
2716 2047 2912 2120 Clero,
2947 2049 3012 2107 in
3040 2066 3177 2108 casn
3203 2058 3307 2107 etc.

2164 2142 2275 2204 JV.
2320 2143 2416 2204 An
2461 2143 2651 2205 Missa
2695 2142 2948 2204 canenda
2993 2143 3069 2202 sit
3106 2160 3234 2202 cum
3272 2141 3594 2201 assistentia

2050 2237 2246 2314 saltem
2271 2234 2481 2297 Clerici
2505 2235 2670 2298 Cotta
2700 2232 2891 2294 induti
2904 2282 2922 2306 ,
2947 2235 3034 2295 cel
3053 2234 3238 2315 potius
3258 2235 3377 2292 sine
3402 2231 3591 2304 Cotta,

2051 2340 2104 2391 et
2133 2332 2353 2391 licitam
2392 2331 2468 2390 sit
2497 2329 2672 2394 Laico
2697 2330 2967 2390 inservire
3010 2325 3335 2389 celebranti
3370 2327 3436 2387 in
3460 2345 3598 2389 casu

2051 2433 2154 2485 ete.

2162 2616 2318 2667 Sacra
2339 2613 2536 2682 Congr.
2565 2610 2871 2681 respondit:
3451 2619 3454 2620 ’

2235 2701 2332 2755 Ad
2348 2699 2586 2769 primum
2622 2696 2978 2770 ql'finnative.
3003 2698 3100 2752 Aa
3116 2698 3410 2752 secundum
3447 2696 3605 2769 qffir·

2052 2789 2267 2843 marive.
2288 2788 2386 2844 Aa
2401 2788 2619 2842 tertium
2644 2786 2831 2857 quoad
2843 2787 3082 2858 primam
3103 2798 3319 2857 partem
3342 2788 3608 2856 negative,

2051 2876 2128 2929 ad
2169 2876 2465 2930 secundam
2516 2873 2868 2945 affirmative.
2909 2873 3006 2928 Ad
3051 2885 3337 2945 quartum,
3381 2874 3611 2929 nissam

2052 2984 2164 3020 esse
2188 2964 2494 3017 canendam
2519 2982 2640 3017 cum
2667 2962 2978 3018 assistentia
2996 2963 3192 3016 saltem
3223 2962 3427 3034 Clerici
3453 2965 3613 3018 Cotta

2053 3053 2249 3107 induti.

2515 3270 2876 3348 QUAESTIO
2919 3267 3134 3333 CCCV.

2096 3464 2170 3524 In
2194 3462 2390 3524 Causa
2415 3423 3050 3521 lunensi-Sarzanensi
3078 3458 3431 3520 Visitationis
3460 3433 3614 3525 Str-r

2122 3628 2129 3631 v
2159 3575 2384 3617 crorum
2412 3552 2738 3623 Liminum,
2765 3552 2857 3612 die
2885 3556 2982 3615 30.
3013 3551 3297 3614 Ianuarii
3327 3557 3501 3614 1723.

2065 3695 2154 3810 In
2207 3740 2423 3804 ultima
2476 3738 2790 3801 Relatione
2835 3745 3025 3801 status
3074 3756 3218 3801 suae
3268 3737 3567 3802 Ecclesiae
3588 3784 3607 3815 ‚

2063 3857 2249 3920 quam
2269 3835 2596 3917 Episcopus
2617 3833 2851 3894 Lunen.
2875 3833 3198 3894 Sarzanen.
3228 3832 3305 3895 ad
3334 3832 3493 3896 hanc
3510 3834 3612 3897 Sa·

2061 3951 2228 3996 cram
2256 3928 2789 4012 congregationem
2827 3926 3156 4004 transmisit
3179 3927 3493 3990 occasione
3516 3930 3611 3991 vi-

2066 4024 2366 4091 sitationis
2391 4024 2713 4086 Sacrorum
2741 4020 3083 4092 Liminum,
3111 4020 3261 4085 haec
3286 4021 3612 4086 habentur.

2183 4121 2416 4184 Massae
2443 4118 2599 4181 adest
2623 4117 2849 4186 domus,
2877 4134 3051 4194 qnam
3080 4126 3279 4176 coeant
3302 4117 3353 4177 il
3376 4114 3618 4179 Conser-

2065 4217 2285 4278 vatorio
2307 4212 2451 4275 delle
2473 4210 2745 4293 Beghine.
2770 4208 2855 4269 De
2875 4208 2974 4269 hoc
2999 4217 3066 4267 ut
3086 4208 3215 4268 bene
3239 4212 3370 4270 novi
3395 4229 3472 4272 ex
3491 4213 3619 4291 plu·

2064 4311 2222 4370 sinn·
2243 4307 2515 4369 relatione
2531 4351 2549 4375 ‚
2573 4305 2742 4364 nulla
2770 4303 3010 4364 habetur
3027 4302 3291 4381 fundatio
3315 4305 3470 4382 sacta
3487 4325 3618 4367 cnm

2067 4403 2404 4464 anctoritate
2443 4400 2530 4460 cel
2553 4397 2848 4483 pontificia
2864 4442 2881 4467 ‚
2917 4397 3005 4457 cel
3044 4396 3344 4459 ordinaria
3371 4441 3388 4458 .
3425 4398 3617 4474 Quae·

2068 4498 2202 4558 dam
2250 4494 2528 4557 Mulieres
2569 4512 2609 4554 a
2652 4501 2875 4552 centnm
2913 4491 3117 4562 annis,
3157 4500 3210 4552 et
3241 4494 3404 4553 ultra
3439 4496 3619 4554 vitam

2066 4591 2325 4651 coelibem
2341 4635 2359 4659 ,
2395 4598 2447 4647 et
2472 4587 2758 4648 honestam
2782 4578 2981 4644 ducere
3005 4585 3286 4664 cupientes
3324 4595 3621 4665 coepes-unt

2068 4689 2251 4745 cicere
2291 4682 2466 4742 simul
2505 4682 2581 4740 in*
2607 4679 2858 4758 amam
2896 4677 3089 4749 domo,
3135 4697 3307 4757 quam
3350 4681 3475 4740 licet
3503 4691 3618 4752 ter,

2069 4788 2172 4840 aut
2201 4788 2403 4856 qnater
2423 4774 2899 4859 permutaverint,
2928 4791 3138 4852 πονηρα-
3166 4782 3351 4833 tamen
3378 4775 3617 4848 honeste,

2069 4883 2123 4933 et
2150 4869 2553 4950 eoeeinplariter
2575 4868 2848 4927 vixeram
2881 4882 3008 4925 eum
3037 4866 3236 4925 habitu
3263 4869 3420 4927 tertii
3442 4864 3625 4928 Ordi-

2068 4966 2159 5025 nis
2203 4961 2276 5024 S.
2323 4960 2636 5023 Francisci.
2671 4956 2808 5021 Non
2837 4959 3127 5019 observant
3163 4960 3525 5033 clausuram,
3568 4971 3623 5023 et

2067 5076 2228 5138 saepe
2257 5057 2520 5117 videmur
2563 5055 2630 5113 in
2654 5051 2957 5122 Ecclesiis,
2985 5061 3038 5111 et
3072 5053 3138 5111 in
3163 5052 3292 5112 viis.
3327 5051 3626 5115 Emittunt

2071 5162 2200 5213 vota
2224 5150 2509 5231 simplicia
2531 5157 2784 5217 tantam,
2818 5154 2870 5206 et
2897 5147 3068 5206 annis
3088 5149 3415 5226 praeteritis
3444 5151 3619 5210 1718.

2070 5257 2123 5309 et
2167 5249 2342 5307 1719.
2393 5244 2538 5304 dnae
2587 5259 2661 5302 ex
2708 5241 2796 5300 his
2844 5240 3042 5301 habita
3087 5242 3317 5301 licentia
3357 5260 3396 5302 a
3438 5240 3628 5306 Sacra

2075 5339 2527 5402 Paenitentiaria
2551 5336 2886 5416 quibasdam
2914 5333 3069 5395 Viris
3090 5335 3156 5396 de
3183 5336 3297 5396 loco
3316 5334 3630 5399 Carrariae

2076 5442 2414 5517 nupserant.
2447 5430 2530 5492 De
2576 5430 2666 5490 his
2687 5476 2705 5500 ‚
2747 5430 2890 5508 quia
2927 5429 3205 5509 quasdam
3246 5430 3524 5492 libertates
3565 5433 3632 5491 in

3156 5542 3222 5595 ⁸1
