4393 6299
909 500 978 553 aa
1919 500 2367 568 QUAESTIONES
2404 500 2764 555 cmomcffi

726 651 1055 715 sienariam
1107 652 1550 714 residentialem
1583 701 1597 724 ,
1653 673 1776 715 una
1828 673 1966 716 cum
2022 653 2281 735 simplici

731 747 1069 815 Beneficio:
1111 767 1374 829 quorum
1424 748 1658 809 fructus
1708 769 2039 831 congruam
2089 750 2286 811 Patri-

731 844 917 907 monii
962 843 1117 904 sacri
1161 862 1197 904 a
1236 843 1480 923 Synodo
1507 844 1825 924 Sipontina
1856 844 2288 926 praescriptam

729 938 1098 998 exoedebant
1114 981 1133 1010 ,
1158 946 1368 999 exorta
1390 935 1510 998 fuit
1530 938 1938 999 controversia
1958 985 1974 1009 ,
2001 957 2079 1000 an
2101 958 2291 1001 onera

732 1031 1055 1094 Missarum
1084 1039 1281 1093 essent
1321 1031 1702 1105 deducenda,
1746 1034 1824 1094 ad
1856 1034 2135 1095 effectum
2168 1042 2291 1095 sta-

734 1127 986 1201 tuendi,
1035 1128 1198 1206 quod
1247 1126 1371 1205 ipse
1417 1125 1669 1188 haberet
1710 1128 2013 1190 sufficiens
2051 1148 2291 1190 sacrum

736 1220 1177 1282 Patrimonium
1222 1238 1333 1299 pro
1366 1220 1550 1280 sacris
1589 1220 1924 1282 Ordinibus
1962 1222 2293 1303 suscipien-

736 1316 870 1388 dis;
916 1333 1178 1394 cumque
1221 1315 1310 1375 dic
1354 1318 1454 1373 27.
1508 1314 1839 1376 Novembris
1885 1321 2061 1377 1717.
2113 1316 2297 1378 Sacra

737 1408 886 1471 haec
912 1408 1310 1489 Congregatio
1354 1408 1846 1483 demandaverit,
1876 1417 1947 1470 ut
1973 1429 2153 1491 super
2180 1410 2297 1472 hoc

738 1503 997 1567 articulo
1022 1504 1389 1564 scriberetur
1419 1522 1529 1583 pro
1573 1503 1857 1577 veritate,
1886 1512 1947 1566 et
1976 1503 2092 1565 hoc
2135 1503 2290 1566 inte-

740 1599 858 1662 rim
889 1598 1231 1681 praedictus
1259 1597 1559 1673 Clericus,
1589 1599 1666 1660 ad
1705 1598 2050 1661 evitandam
2077 1618 2296 1680 quam-

739 1715 1002 1776 cumque
1043 1694 1513 1756 controversiam
1538 1739 1556 1769 ‚
1603 1693 2090 1774 supplementum
2134 1694 2297 1756 obti-

741 1791 948 1853 nuerit
972 1809 1048 1851 ex
1081 1789 1256 1851 bouis
1284 1788 1820 1851 Patrimonialibus
1848 1787 2299 1869 Archiepiscopi

743 1884 1080 1966 Sipontini,
1115 1884 1301 1956 itaut,
1336 1884 1605 1945 deductis
1632 1884 1814 1946 etiam
1841 1884 2130 1945 oneribus
2160 1885 2301 1945 Mis-

743 1998 949 2043 sarum
975 2025 993 2054 ,
1034 1979 1205 2041 nulla
1244 1979 1323 2041 sit
1356 1978 1619 2060 amplius
1657 1979 2063 2042 controversia
2089 2024 2106 2053 ‚
2148 1979 2302 2059 quin

746 2073 877 2154 ipse
915 2072 1136 2134 habeat
1175 2072 1475 2133 sufficiens
1518 2072 1958 2134 Patrimonium
2008 2072 2301 2135 constitu-

748 2176 879 2230 tum
908 2168 1128 2249 partim
1158 2167 1220 2227 in
1244 2167 1589 2240 Beneficiis,
1615 2169 1836 2248 partim
1866 2168 1930 2231 in
1961 2166 2135 2229 bonis
2163 2180 2303 2246 pro-

749 2260 902 2342 priis
928 2259 1409 2341 Archiepiscopi,
1441 2261 1744 2341 loquendo
1778 2270 1978 2323 tamen
2019 2261 2093 2321 de
2136 2260 2302 2321 suffi-

749 2357 971 2420 cientia
999 2356 1353 2418 Patrimonii
1372 2401 1391 2427 ,
1418 2376 1538 2417 non
1564 2356 1638 2418 ad
1669 2357 1939 2418 tramites
1962 2358 2163 2418 Taxae
2188 2356 2302 2417 Ur·

750 2453 875 2528 his,
900 2452 1003 2514 sed
1022 2452 1099 2513 ad
1131 2450 1400 2513 tramites
1418 2453 1620 2514 Taxae
1645 2451 2030 2531 Sipontinae,
2056 2450 2306 2513 fuerunt

752 2546 817 2607 in
862 2545 1141 2627 proxima
1176 2545 1498 2625 praeterita
1545 2544 2054 2627 Congregatione,
2102 2563 2139 2607 a
2180 2564 2308 2605 me-

751 2649 988 2703 morato
1022 2639 1255 2702 Clerico
1279 2640 1514 2701 Joanne
1554 2641 1705 2701 Pace
1745 2659 1949 2720 preces
1983 2649 2307 2702 renovatae

752 2754 865 2817 pro
908 2733 1192 2796 facultate
1240 2734 1598 2797 ascendendi
1649 2735 1725 2796 ad
1766 2734 1978 2796 Sacros
2005 2734 2266 2797 Ordines
2291 2781 2307 2807 ,

753 2848 878 2891 una
899 2847 1037 2890 cum
1060 2828 1344 2895 instantia
1362 2874 1379 2901 ,
1402 2839 1474 2889 ut
1490 2816 1808 2890 Tribunali
1831 2828 2306 2895 Eminentissimi

754 2921 983 2986 Vicarii
1020 2923 1201 2984 Urbis
1240 2922 1669 2992 demandetur,
1700 2924 1863 3004 quod
1893 2923 2009 2985 sibi
2046 2924 2310 2985 Litterae

754 3016 1211 3079 Testimoniales
1251 3018 1685 3091 concedantur,
1729 3008 1991 3099 cumque
2016 3019 2308 3087 Eminen-

754 3112 986 3176 tissimo
1007 3112 1268 3174 Domino
1288 3112 1595 3175 Cardinali
1622 3112 2078 3176 Pro-Praefecto
2104 3134 2309 3176 meum

754 3208 1099 3271 restrictum
1134 3208 1210 3269 de
1247 3225 1417 3271 more
1454 3208 1837 3271 Eminentiae
1866 3209 2023 3272 Suae
2063 3210 2309 3272 exhibi-

759 3314 889 3367 tum
917 3302 1279 3385 perlegenti,
1301 3303 1594 3365 articulus
1613 3303 1778 3364 visus
1801 3303 1978 3365 suerit
2008 3304 2312 3385 exempla·

757 3400 875 3473 ris,
906 3398 1181 3479 mihique
1223 3398 1729 3473 demandaverit,
1762 3406 1833 3460 ut
1872 3418 2013 3460 eum
2058 3399 2121 3461 in
2163 3397 2334 3462 folio‘

760 3493 1194 3568 describerem,
1234 3492 1564 3569 mandatiS,
1608 3512 1676 3555 ea
1702 3542 1719 3564 ‚
1750 3512 1871 3575 qua
1900 3494 2100 3568 decet,
2143 3514 2318 3558 reve-

762 3587 991 3659 rentia,
1021 3605 1253 3647 morem
1290 3605 1467 3667 gero,
1498 3596 1558 3648 et
1596 3586 1987 3649 cohaerenter
2025 3588 2103 3650 ad
2132 3589 2312 3665 haec,

764 3679 1127 3760 disputanda
1153 3688 1578 3761 proponuntur
1616 3681 1805 3743 dubia
1845 3681 1922 3744 ad
1952 3681 2177 3744 calcem
2223 3691 2332 3746 re?

768 3772 1039 3836 serenda.

888 3868 1008 3930 Pro
1039 3869 1325 3931 instantia
1355 3870 1630 3932 Oratoris
1656 3871 1831 3946 facit,
1862 3873 2096 3935 nullam
2127 3873 2321 3935 videri

771 3964 1021 4026 excitari
1060 3982 1228 4044 posse
1267 3963 1679 4027 difficultatem
1707 3966 1773 4026 in
1815 3967 2030 4029 ordine
2065 3968 2141 4029 ad
2173 3988 2318 4048 sup-

772 4057 1145 4138 plementum
1183 4077 1260 4119 ex
1295 4058 1471 4119 honis
1511 4059 2039 4139 patrimonialibus
2079 4062 2152 4124 ad
2189 4064 2326 4124 effe-

775 4160 939 4213 ctum
962 4151 1363 4213 constituendi
1388 4152 1687 4214 sufficiens
1705 4155 2167 4230 Patrimonium,
2190 4176 2325 4237 par-

779 4246 885 4308 tim
923 4265 1000 4307 ex
1041 4245 1215 4307 dictis
1258 4247 1463 4319 honiS‚
1508 4251 1726 4327 partim
1768 4270 1845 4311 ex
1883 4251 2232 4325 Beneficiis,
2264 4253 2324 4314 id

778 4342 941 4402 enim
986 4360 1178 4421 nuper
1212 4340 1329 4403 suit
1353 4343 1683 4405 admissum
1711 4345 1790 4406 ab
1817 4345 1929 4407 hac
1953 4346 2133 4408 Sacra
2169 4345 2326 4408 Con-

778 4434 1126 4516 gregatione
1154 4438 1216 4495 in
1255 4435 1565 4498 Tudertina
1597 4435 2004 4520 cappellaniac
2033 4443 2126 4499 12.
2153 4439 2329 4500 Mar-

780 4530 851 4587 tii
882 4533 1059 4589 1718.
1094 4529 1246 4589 Item
1280 4528 1421 4591 facit
1460 4550 1569 4610 pro
1603 4532 1810 4593 eadem
1854 4531 2172 4604 instantia,
2207 4553 2325 4595 non

783 4642 909 4685 esse
943 4622 1073 4696 hic,
1105 4632 1165 4685 et
1207 4644 1368 4685 nunc
1401 4625 1826 4687 attendendam
1853 4626 2081 4688 Taxam
2118 4627 2328 4702 Urbis,

782 4717 882 4779 sed
911 4718 1140 4779 Taxam
1171 4718 1585 4798 Sipontinam3
1618 4720 2029 4783 Mansionaria
2072 4722 2330 4798 etenim,

783 4810 861 4872 ad
903 4812 1076 4893 cujus
1114 4811 1359 4873 titulum
1383 4814 1646 4876 Joannes
1678 4815 1825 4895 petit
1864 4817 2170 4889 ordinari,
2211 4837 2331 4879 non

784 4913 875 4965 est
916 4903 1283 4966 Beneficium
1319 4906 1612 4987 simplex,
1645 4909 1748 4970 sed
1782 4908 2147 4978 Beneficium
2185 4912 2333 4972 resi-

785 4998 1085 5070 dentiale‚
1114 5007 1175 5061 et
1200 5001 1446 5080 quando
1484 5021 1797 5064 versamur
1829 5003 1890 5062 in
1926 5003 2222 5066 Beneficio
2252 5026 2338 5066 re-

787 5092 1127 5166 sidentiali,
1170 5113 1290 5155 non
1332 5095 1665 5158 attenditur
1691 5100 1857 5159 Taxa
1894 5097 2006 5160 loci
2051 5099 2336 5181 originis,

788 5186 890 5246 sed
919 5186 1031 5248 loci
1065 5185 1379 5258 Beneficii,
1408 5189 1498 5250 uti
1529 5191 1775 5253 resolvit
1803 5190 1949 5253 haec
1973 5191 2155 5255 Sacra
2182 5192 2338 5254 Con·

791 5281 1060 5360 grrgatio
1092 5282 1153 5339 ia
1188 5280 1479 5355 Romana,
1522 5303 1620 5342 scu
1646 5282 1893 5345 Sanctae
1933 5285 2190 5363 Aqathac
2223 5283 2339 5348 Go-

796 5375 1018 5433 thorum
1051 5379 1149 5434 27.
1188 5353 1348 5453 Μιῆϊ
1392 5381 1566 5438 1713.
1602 5378 1875 5458 Denique
1920 5380 1983 5439 in
2022 5398 2128 5454 eo,
2176 5381 2341 5460 quod

799 5466 1008 5530 attinet
1055 5470 1130 5530 ad
1178 5470 1410 5535 litteras
1434 5473 1483 5531 T
1484 5473 1889 5536 oetimoiiiales
1927 5474 2167 5536 Oratori
2207 5494 2342 5536 con·

2398 640 2690 716 cedendas
2730 672 2766 715 a
2794 650 3113 713 Tribunali
3159 649 3635 714 Eminentissimi
3671 651 3903 716 Vicarii
3929 697 3952 728 ,

2399 747 2542 810 facit
2570 746 2748 808 Bulla
2775 746 3200 828 Speculatores,
3231 765 3390 827 quae
3417 765 3537 810 non
3566 746 3955 810 Dimissoria·

2400 842 2516 917 les,
2541 842 2644 904 sed
2667 841 3123 904 Testimoniales
3151 842 3410 904 Litteras
3435 841 3725 922 exposcit,
3751 841 3957 922 quoad

2399 937 2793 999 Ordinarium
2835 936 3127 1018 originis,
3161 936 3422 1017 quando·
3438 937 3640 1017 agitur
3678 936 3754 999 de
3788 936 3956 998 ordi-

2399 1033 2601 1094 nando
2630 1033 2693 1094 in
2718 1031 2841 1095 alio
2869 1031 2999 1092 loco
3016 1077 3032 1102 ,
3060 1031 3136 1092 ad
3160 1050 3343 1112 quem
3368 1030 3495 1111 ipse
3521 1030 3831 1092 transtulit
3854 1030 3959 1091 do-

2402 1129 2698 1189 micilium
2717 1177 2733 1199 ,
2761 1128 2848 1188 uti
2873 1126 3192 1207 contigisse
3222 1126 3637 1206 praetenditur
3673 1126 3737 1186 in
3760 1125 3958 1206 hypo-

2405 1224 2552 1285 thesi
2583 1222 2911 1304 praesenti,
2950 1222 3010 1282 in
3035 1241 3159 1301 qua
3189 1220 3459 1282 Clericus
3486 1221 3750 1282 intendit
3775 1219 3960 1282 Ordi-

2404 1338 2509 1379 nes
2529 1318 2830 1397 suscipere
2849 1317 2925 1377 ad
2951 1316 3196 1377 titulum
3222 1314 3674 1377 Mansionariae
3692 1314 3966 1376 residen-

2404 1413 2567 1476 tialis
2593 1414 2657 1473 in
2686 1411 2950 1473 Dioecesi
2982 1410 3302 1491 Sipontina
3327 1398 3663 1472 existentis.

2522 1507 2690 1569 Facit
2720 1526 2755 1567 e
2784 1514 2993 1567 contra
3034 1505 3325 1567 adversus
3356 1502 3708 1565 instantiam
3738 1503 3962 1564 Orato-

2405 1603 2537 1676 ris,
2584 1601 2748 1683 quod
2793 1600 2922 1680 ipse
2968 1599 3204 1661 ratione
3248 1599 3504 1680 originis
3550 1605 3638 1660 est
3683 1597 3964 1659 subditus

2407 1696 2748 1760 Cardinalis
2767 1695 2995 1758 Vicarii
3025 1694 3206 1756 Urbis
3222 1741 3239 1764 ,
3269 1692 3429 1755 etad
3456 1692 3767 1755 evitandas
3791 1689 3964 1751 frau-

2409 1792 2548 1863 des,
2596 1811 2717 1853 non
2761 1789 3103 1853 admittitur
3140 1787 3628 1869 supplementum
3669 1806 3745 1848 ex
3788 1785 3966 1846 bonis

2411 1887 2946 1950 Patrimonialibus
2972 1930 2991 1960 ,
3045 1884 3160 1946 nisi
3210 1884 3275 1945 in
3326 1883 3622 1964 Episcopo
3667 1879 3923 1963 originis
3944 1924 3964 1953 ‚

2411 1982 2595 2056 itaut,
2626 1987 3024 2042 concurrente
3051 1977 3347 2051 utilitate,
3377 1985 3438 2038 et
3469 1975 3822 2038 necessitate
3850 1973 3966 2035 Ec-

2410 2075 2663 2149 clesiae,
2702 2075 2832 2154 ipse
2878 2072 3044 2134 solus
3089 2070 3408 2134 admittere
3458 2069 3692 2143 valeat,
3743 2075 3813 2128 ut
3854 2084 3970 2147 pro

2410 2167 2850 2248 adaequatione
2877 2164 3233 2227 Patrimonii
3264 2164 3416 2227 sacri
3450 2162 3558 2225 fiat
3595 2162 3744 2223 unio
3775 2162 3966 2224 bono-

2412 2282 2550 2325 rum
2582 2260 3108 2323 Patrimonialium
3130 2279 3266 2321 cum
3293 2257 3593 2320 Beneficio
3610 2303 3626 2331 ,
3647 2260 3826 2339 juxta
3850 2254 3972 2318 late

2414 2358 2666 2420 deducta
2697 2376 2802 2436 per
2830 2356 3141 2419 Monacell.
3187 2358 3250 2415 in
3285 2354 3539 2416 For-mul.
3571 2352 3704 2432 ch.
3739 2361 3871 2411 tom.
3906 2355 3967 2411 3.

2412 2474 2545 2533 paq.
2592 2457 2731 2513 227.
2765 2473 2802 2512 a
2832 2471 2992 2511 uum.
3035 2456 3134 2512 20.
3181 2470 3354 2529 usquc
3383 2450 3460 2512 ad
3501 2454 3599 2509 26.
3634 2448 3782 2509 Item
3826 2445 3972 2507 facit

2415 2554 2623 2608 contra
2670 2545 3021 2608 instantiam
3070 2543 3388 2618 Oratoris,
3430 2543 3595 2624 quod
3637 2539 3973 2604 attenditur

2417 2642 2583 2703 Taxa
2637 2660 2758 2701 non
2808 2639 2922 2702 loci
2976 2640 3230 2723 originis
3257 2686 3273 2711 ,
3324 2639 3424 2701 sed
3475 2637 3589 2699 loci
3641 2633 3925 2697 Beneficii
3951 2681 3968 2706 ,

2417 2736 2662 2815 quando
2684 2734 3053 2797 Beneficium
3082 2752 3202 2794 non
3225 2733 3422 2795 solum
3447 2740 3537 2793 est
3566 2727 3970 2802 residentiale,

2418 2830 2519 2891 sed
2542 2830 2723 2890 etiam
2752 2829 2897 2891 satis
2922 2838 3009 2890 est
3034 2846 3142 2908 pro
3170 2846 3434 2909 congrua
3458 2823 3798 2888 Ordinandi
3828 2823 3974 2884 sub·

2418 2925 2812 2999 stentatione;
2844 2924 3007 3005 quod
3037 2924 3098 2983 in
3134 2943 3275 2985 casu
3313 2931 3517 2984 nostro
3546 2942 3666 2982 non
3697 2918 3974 2982 verifica·
4022 2980 4049 2997 Μ

2421 3027 2540 3080 tur.
2574 3019 2742 3080 Facit
2771 3019 3016 3081 demum
3044 3018 3207 3098 quod
3234 3019 3455 3080 Orator
3487 3037 3605 3078 non
3644 3016 3868 3096 recepit
3895 3016 3976 3077 ab

2419 3115 2880 3197 Archiepiscopo
2920 3112 3240 3196 Sipontino
3269 3112 3639 3175 Beneficium
3674 3110 3976 3173 sufficiens

2418 3210 2497 3274 ad
2519 3229 2846 3292 congruam
2871 3208 3410 3271 substentationem
3431 3254 3448 3281 ,
3475 3208 3561 3269 uti
3595 3205 3822 3268 dictum
3852 3214 3976 3279 est,

2421 3314 2480 3368 et
2497 3307 2658 3388 quod
2685 3305 2972 3386 majorem
2996 3306 3296 3368 bonorum
3317 3323 3567 3367 suorum
3591 3312 3821 3382 partem
3836 3320 3978 3361 cum

2423 3400 2732 3462 instructis
2760 3399 3013 3462 aedibus
3050 3418 3171 3460 non
3206 3398 3515 3461 transtulit
3542 3397 3617 3460 ad
3648 3395 3981 3457 Dioecesim

2422 3494 2482 3557 Si
2489 3496 2802 3576 pontinam
2822 3541 2837 3568 ,
2860 3514 2974 3556 nec
2992 3493 3269 3557 animum
3290 3493 3573 3574 patefacit
3594 3490 3816 3552 ibidem
3839 3508 3978 3569 per-

2424 3598 2605 3671 petuo
2649 3589 3085 3670 permanendi,
3130 3588 3193 3649 in
3247 3589 3473 3669 quihus
3511 3582 3980 3646 circumstantiis

2425 3704 2548 3745 non
2589 3683 3046 3746 Testimoniales
3069 3729 3086 3757 ,
3124 3683 3229 3745 sed
3266 3680 3708 3744 Dimissoriales
3746 3677 3981 3740 vicarii

2427 3779 2611 3841 Urbis
2631 3779 2919 3841 videntur
2937 3777 3169 3860 requiri
3200 3776 3275 3839 ad
3300 3776 3569 3838 tramites
3596 3773 3813 3836 Bullae
3834 3771 3985 3856 Spe-

2429 3874 2732 3935 cutatorcs.

2547 3964 2662 4027 His
2691 3964 2991 4027 stantibus
3021 3961 3341 4044 quaeritur
3359 4008 3376 4033 ,

2551 4058 2602 4120 1.
2633 4060 2731 4124 Aa
2762 4056 3003 4119 Oratori
3030 4056 3382 4136 indulqcnda
3413 4056 3489 4115 sit
3515 4055 3764 4133 facultas
3792 4070 3985 4115 moen·

2430 4154 2602 4214 dandi
2622 4155 2699 4215 ad
2722 4151 2968 4213 Ordines
2987 4170 3173 4213 sacros
3191 4151 3269 4212 ad
3293 4150 3528 4210 titulum
3550 4149 3989 4211 Mauricum-iac

2433 4268 2553 4311 una
2579 4267 2718 4309 cum
2759 4249 3138 4329 supplemento
3176 4264 3250 4307 cx
3295 4246 3451 4305 bouis
3487 4243 3987 4325 patrimonialibus

2433 4348 2498 4404 iu
2524 4363 2660 4406 casu
2687 4355 2789 4404 etc.
2820 4354 2874 4403 ct
2899 4351 3174 4422 quatenus
3200 4340 3569 4420 affirmative:

2557 4439 2638 4500 Π.
2675 4439 2769 4497 An
2795 4438 2970 4498 cidem
3001 4437 3220 4498 dandae
3243 4437 3360 4495 sint
3397 4455 3437 4497 a
3483 4434 3788 4495 Tribunali
3821 4431 3991 4492 Emi-

2436 4535 2754 4594 acutissimi
2789 4532 3007 4592 Vicarii
3039 4530 3208 4591 Urbis
3248 4529 3501 4592 Litteras
3531 4529 3949 4590 Testimonium
3969 4573 3987 4598 ‚

2441 4631 2524 4690 rel
2558 4627 2975 4688 Dimissorialcs
3008 4627 3073 4685 iu
3098 4644 3235 4686 casu
3264 4635 3367 4686 otc.

2550 4821 2691 4873 Sacr.
2719 4820 2917 4886 Congr.
2951 4815 3264 4885 respondit,

2625 4906 2720 4960 Ad
2735 4905 2975 4976 primum
3003 4901 3359 4972 affirmative.
3389 4901 3482 4954 Ad
3519 4898 3818 4953 secundum
3867 4898 3999 4950 dats-

2439 4995 2541 5049 das
2585 5013 2694 5048 esse
2739 4993 2810 5045 ab
2841 4991 3289 5045 Eminentia-simo
3321 4989 3484 5043 Urbis
3514 4988 3739 5042 Vicat-io
3762 4987 4005 5041 linems

2449 5081 2893 5147 Testitetoniales,
2922 5092 2975 5132 ce
3001 5078 3411 5133 Dimisson'alcs
3434 5075 3510 5130 ad
3530 5092 3780 5129 normam
3806 5077 4003 5128 Tau-ae

2452 5171 2629 5225 Urbis.
