4393 6299
962 527 1033 573 ιιι
1060 604 1071 611 ἢ
1986 522 2436 588 QUAEsTmNsss
2474 521 2837 578 canonias

1269 675 1638 751 *QUAESTIO
1704 676 1833 736 XL.

898 869 970 930 In
999 868 1189 931 Causa
1215 868 1603 929 Mediolanen.
1642 863 1847 925 Oneris
1869 822 2192 927 Missurum
2210 912 2229 938 ,

1266 964 1358 1022 die
1397 966 1456 1022 2.
1488 960 1648 1021 Jutii
1685 964 1859 1022 1718.

782 1102 1175 1218 Franciscus
1203 1151 1357 1230 Ripa
1387 1149 1449 1210 in
1481 1148 1720 1221 ultimo,
1753 1167 1891 1209 cum
1916 1166 2040 1228 quo
2061 1144 2336 1217 decessit,

780 1257 1162 1320 testamento,
1185 1243 1428 1307 condito
1455 1245 1539 1304 de
1559 1263 1725 1305 anun
1752 1248 1921 1307 1610.
1951 1261 2091 1303 suos
2108 1241 2337 1302 Haere-

783 1344 891 1406 des
914 1341 1192 1426 gravavit
1230 1340 1305 1403 ad
1357 1338 1714 1401 solvendum
1748 1336 2020 1418 quolibet
2061 1355 2227 1397 anno
2263 1333 2338 1395 li·

785 1440 927 1502 bras
948 1443 1085 1500 300.
1121 1434 1473 1516 Imperiales
1492 1482 1509 1505 ,
1538 1434 1652 1494 boc
1675 1442 1765 1494 est
1799 1439 1966 1494 scuta
1991 1435 2093 1492 to.
2128 1449 2335 1492 mone·

784 1542 882 1596 tae
908 1535 1213 1594 Romanae
1236 1528 1557 1610 Cappellae
1584 1527 1783 1589 Sancti
1811 1526 2085 1599 Antonii,
2106 1535 2341 1587 erectae

780 1629 845 1690 in
867 1626 1132 1690 Ecclesia
1163 1624 1364 1687 Sancti
1395 1624 1685 1695 Thomna,
1715 1631 1785 1684 ut
1813 1622 1877 1682 in
1911 1621 2122 1685 eadem
2150 1622 2335 1682 Missa

781 1720 1137 1805 quotidiana
1155 1717 1589 1790 celebraretur,
1612 1716 1947 1796 iisdemque
1973 1714 2340 1776 haeredibus

781 1818 1125 1879 libertatem
1156 1812 1324 1875 dedit
1347 1831 1411 1873 se
1458 1810 1761 1874 eximendi
1799 1810 2125 1871 abtaunua
2164 1828 2337 1890 prae·

781 1911 1079 1983 statione,
1115 1907 1403 1971 solvendo
1423 1905 1608 1968 unica
1634 1905 1766 1967 vice
1788 1904 1979 1966 libras
2013 1909 2191 1966 6000.
2228 1903 2341 1966 boc

779 2016 867 2068 est
889 2012 1055 2067 scuta
1082 2007 1222 2064 800.
1261 2009 1537 2062 monetae
1558 2002 1888 2061 Romanae:
1920 1998 2116 2061 Liceat
2144 1999 2336 2070 dictis,

779 2112 831 2161 ct
869 2098 1257 2178 infrascriptis
1294 2094 1652 2156 Haeredibus
1676 2095 1808 2154 meis
1850 2112 1905 2153 se
1948 2113 2003 2154 sc
2035 2093 2276 2153 liberare
2303 2113 2342 2153 a

785 2196 933 2255 dicto
964 2195 1142 2271 loquio
1172 2192 1452 2252 librarum
1474 2194 1611 2250 300.
1638 2200 1749 2275 εἰς.
1767 2189 2047 2249 mediante
2064 2189 2343 2250 exbursa-

781 2290 929 2350 ti'one
961 2289 1244 2348 librarum
1268 2284 1565 2348 6000.·υυί
1581 2285 1968 2364 implicatione
1993 2284 2337 2344 eorumdem.

899 2387 1078 2445 Auno
1108 2385 1284 2442 1654.
1310 2379 1424 2441 fuit
1458 2378 1571 2439 boc
1604 2398 1757 2442 onus
1786 2378 2133 2451 Missurum,
2168 2396 2342 2458 prae·

778 2479 878 2539 via
931 2475 1291 2539 auctoritate
1319 2473 1504 2555 hujus
1538 2471 1757 2535 Sacrae
1797 2471 2297 2554 Congregationis
2321 2517 2339 2545 ,

777 2573 1088 2636 reclactum
1118 2571 1193 2632 ad
1224 2569 1437 2631 Missas
1458 2567 1704 2630 festivas
1729 2577 1965 2629 tautum
1987 2568 2064 2629 de
2095 2587 2339 2648 praece·

783 2678 885 2748 pto
904 2712 920 2740 ‚
950 2675 1004 2728 et
1036 2665 1111 2728 ad
1142 2672 1407 2745 quatuor
1437 2662 1500 2724 in
1535 2661 1792 2745 siugulis
1816 2661 2215 2724 hebdomadis
2242 2681 2339 2724 ce-

780 2760 1128 2832 lebrandas,
1158 2767 1219 2820 et
1239 2778 1403 2821 anuo
1428 2763 1604 2817 1656.
1639 2757 1955 2818 accedente
1976 2756 2341 2821 auctoritate

780 2855 1133 2925 Ordinaria,
1164 2853 1282 2915 fuit
1306 2852 1421 2914 boc
1442 2852 1763 2913 Missurum
1787 2851 2052 2931 legatum
2074 2860 2342 2913 erectum

784 2952 848 3011 iu
892 2948 1138 3011 titulum
1188 2953 1515 3027 perpetuae
1561 2944 1995 3006 ecclesiasticae
2020 2944 2341 3025 Cappella·

778 3046 956 3117 niae,
983 3053 1042 3106 et
1070 3041 1375 3117 Haeredes
1396 3040 1725 3102 Testatoris
1758 3046 1871 3120 pro
1918 3041 2051 3120 ejus
2079 3039 2224 3102 dote
2257 3047 2347 3103 tot

782 3140 942 3206 hona
969 3136 1214 3200 stabilia
1241 3135 1663 3218 assignarunt,
1698 3154 1858 3216 quae
1886 3134 2222 3199 reddebant
2243 3155 2348 3198 an·

785 3254 936 3297 uuas
958 3232 1150 3295 libras
1185 3238 1323 3295 300.
1355 3231 1597 3311 sibique
1626 3238 2015 3292 reservarunt
2033 3232 2135 3313 jus
2155 3251 2336 3312 prae-

785 3330 945 3392 dicta
988 3329 1147 3390 bona
1183 3324 1518 3392 redimendi
1543 3341 1813 3418 semper,
1843 3326 2345 3404 etquaudocum-

780 3443 944 3505 que‚
968 3433 1028 3486 et
1055 3421 1240 3485 etiam
1265 3429 1399 3502 post
1416 3413 1658 3481 centum
1690 3422 1919 3492 annos,
1960 3419 2158 3483 media
2185 3419 2345 3484 solu·

787 3521 954 3581 tione
973 3563 990 3590 ‚
1025 3536 1130 3579 seu
1154 3514 1427 3595 deposito
1452 3513 1754 3590 librarum
1768 3557 1773 3562 -
1787 3519 1964 3576 6000.

903 3615 1083 3674 Αιιιιο
1131 3613 1306 3672 1714.
1341 3608 1684 3671 Ludovicus
1707 3609 1861 3689 Ripa
1899 3609 2153 3672 redemit
2180 3611 2343 3675 bona

781 3727 924 3768 mox
973 3705 1263 3768 recensita
1291 3749 1309 3777 ,
1355 3712 1416 3765 et
1455 3703 1868 3785 punctualiter
1924 3705 2106 3768 solvit
2153 3706 2344 3770 libras

780 3808 961 3865 6000.
1011 3801 1115 3862 sed
1159 3819 1296 3862 cum
1329 3799 1480 3860 baec
1511 3818 1749 3861 summa
1784 3798 1971 3861 fuerit
1994 3811 2242 3883 erogata
2273 3802 2339 3864 iu

780 3895 1147 3978 emptionem
1173 3913 1390 3956 census
1410 3893 1599 3955 annui
1624 3892 1853 3958 reditus
1876 3894 2176 3957 librarum
2196 3900 2338 3959 240.

783 3991 900 4054 hoc
929 3999 1019 4052 est
1051 4000 1358 4052 scutorum
1394 3997 1670 4049 monetae
1711 3991 2020 4054 Romanae
2060 3995 2158 4053 32.
2184 4009 2345 4072 quae

781 4105 903 4149 nou
933 4083 1239 4146 sufficiunt
1264 4103 1375 4163 pro
1401 4080 1875 4163 adimplemcuto
1892 4085 2096 4146 oneris
2126 4085 2344 4148 Missa-

777 4199 941 4251 rum,
967 4178 1413 4259 eleemosynam
1436 4177 1769 4256 regulando
1787 4178 1862 4240 ad
1894 4180 2164 4241 tramites
2186 4179 2346 4243 Con-

780 4273 1169 4336 stitutionum
1201 4270 1598 4353 Synodalium
1628 4269 2173 4335 Mediolanensium
2192 4321 2210 4349 ,
2239 4295 2346 4337 ex-

787 4376 923 4430 orta
966 4364 1146 4428 estin
1178 4364 1655 4447 Congregatione
1699 4367 2061 4450 Legatorum
2092 4369 2344 4432 Piorum

782 4460 1111 4527 Mediolani
1136 4457 1547 4522 controversia
1583 4460 1744 4523 inter
1788 4472 2189 4525 memoratum
2222 4464 2344 4526 Lu-

783 4558 1065 4620 dovicum
1091 4554 1437 4628 haeredem,
1458 4562 1518 4617 et
1538 4555 1954 4618 Promotorem
1981 4559 2346 4640 Legatorum

782 4654 1030 4715 Piorum
1061 4696 1077 4724 ‚
1108 4670 1187 4713 an
1230 4649 1455 4712 scilicet
1481 4670 1636 4712 onus
1684 4651 2009 4714 Missarum
2038 4663 2201 4716 ‘esset
2247 4675 2344 4716 re-

783 4745 1126 4807 ducendum
1157 4788 1174 4818 ,
1205 4742 1299 4805 vel
1352 4743 1550 4824 potius
1593 4743 1882 4808 haeredes
1909 4766 2213 4810 summam
2240 4747 2343 4810 de·

783 4841 1086 4902 finientem
1111 4856 1220 4918 pro
1238 4840 1369 4920 ejus
1390 4837 1860 4919 adimplemeuto
1882 4839 2163 4922 supplere
2188 4851 2349 4907 teue-

782 4943 1018 5006 rentur,
1040 4941 1101 4994 et
1126 4932 1406 4994 unanimi
1428 4942 1567 4995 voto
1589 4933 1817 4996 dictum
1840 4933 1980 5008 fuit,
2008 4934 2171 5015 quod
2203 4935 2349 5000 huic

782 5030 913 5093 Sec.
945 5029 1241 5111 Congreg.
1270 5036 1424 5090 esset
1443 5027 2054 5110 supplicandum'pro
2091 5030 2347 5092 decisio·

784 5146 860 5187 ue
880 5123 1328 5186 controversiae
1352 5167 1368 5195 ‚
1403 5122 1489 5184 uti
1517 5121 1828 5204 colligitur
1848 5143 1924 5186 ex
1959 5123 2345 5187 informatio-

782 5240 862 5282 ne
881 5218 1357 5281 Eminentissimi
1377 5217 1819 5301 Arcbiepiscopi
1851 5219 2342 5282 Mediolanensis.

906 5314 1022 5373 Pro
1057 5313 1316 5375 haerede
1366 5311 1510 5374 facit
1538 5360 1553 5383 ,
1606 5313 1768 5393 quod
1822 5315 2094 5376 Testator
2144 5314 2347 5394 ipsum

786 5407 1103 5489 obligavit,
1126 5407 1222 5469 vel
1242 5406 1316 5469 ad
1340 5407 1659 5470 solvendas
1678 5407 1954 5489 quolibet
1971 5427 2135 5471 auno
2157 5409 2348 5473 libras

790 5507 973 5584 80⁰„
1018 5503 1110 5564 vel
1165 5503 1241 5565 ad
1297 5503 1651 5587 uninice
1692 5503 2112 5569 exbursandas
2156 5504 2351 5571 libras

2445 682 2624 738 6000.
2654 676 2798 737 binc
2817 675 3041 737 etenim
3067 673 3294 738 inferre
3309 675 3472 749 licet,
3499 695 3622 739 non
3646 695 3816 757 posse
3833 697 4000 739 eum·

2445 770 2581 831 dem
2609 770 2738 852 cogi
2760 771 2838 832 ad
2861 768 3256 850 supplendam
3277 788 3577 831 summam
3594 769 4000 845 deficientem,

2445 864 2646 925 statim
2672 884 2741 926 ac
2764 863 3049 926 satisfecit
3078 863 3378 925 voluntati
3397 863 3746 937 Testatoris,
3772 867 4000 945 persol-

2445 961 2643 1023 vendo
2674 961 2858 1023 unica
2880 960 3011 1022 vice
3037 958 3373 1042 praedictas
3401 959 3591 1023 libras
3618 966 3802 1023 6000.

2568 1054 2746 1118 Haud
2771 1063 3067 1137 urgente,
3110 1054 3273 1135 quod
3302 1075 3377 1116 ex
3407 1054 3523 1117 bac
3547 1074 3785 1118 summa
3811 1055 4005 1119 libra-

2447 1171 2585 1217 rum
2615 1157 2792 1214 6000.
2826 1170 2964 1214 οιιιιι
2988 1168 3111 1231 qua
3139 1159 3378 1229 emptus
3416 1149 3537 1212 fuit
3583 1150 3809 1213 Census
3835 1194 3853 1224 ‚
3878 1170 4005 1213 non

2447 1257 2696 1326 possunt
2736 1246 2949 1309 haberi
2975 1292 2993 1318 ,
3027 1244 3144 1307 uisi
3184 1244 3378 1308 librae
3403 1263 3649 1309 annuae
3690 1249 3829 1307 240.
3869 1252 4004 1309 tum

2446 1341 2592 1420 quia
2621 1340 2748 1419 ipse
2778 1341 2854 1403 de
2893 1341 3008 1403 bac
3037 1360 3104 1402 re
3133 1359 3256 1401 non
3297 1340 3475 1405 debet
3505 1356 3634 1401 esse
3664 1338 4004 1411 sollicitum

2445 1450 2585 1497 cum
2607 1436 2684 1498 ad
2707 1435 2897 1498 solam
2933 1435 3299 1503 solutionem
3327 1434 3628 1499 librarum
3657 1439 3837 1495 6000.
3870 1432 4008 1498 tue-

2448 1529 2528 1591 rit
2556 1550 2591 1592 a
2620 1531 2928 1593 Testatore
2970 1529 3328 1605 adstrictus;
3368 1540 3498 1593 tum
3539 1528 3686 1609 quia
3733 1529 4011 1615 Testatur

2448 1624 2558 1704 ipsi
2605 1625 3037 1696 demandavit,
3082 1624 3177 1687 vel
3220 1626 3384 1706 quod
3423 1624 3785 1686 exbursaret
3811 1622 4007 1685 libras

2447 1727 2626 1795 6000.
2654 1721 2750 1783 vel
2771 1720 2933 1802 quod
2955 1720 3093 1783 illas
3115 1728 3397 1801 erogaret
3422 1719 3484 1781 in
3507 1717 3882 1798 emptionem
3900 1717 4016 1780 ali-

2445 1817 2620 1898 cujus
2647 1816 2731 1878 rei
2767 1814 3118 1877 fructiferae
3144 1863 3159 1886 ,
3196 1814 3284 1876 uti
3315 1812 3658 1877 desumitur
3681 1831 3760 1873 ex
3803 1810 4017 1876 verbis

2449 1931 2631 1994 supra
2669 1910 2894 1973 relatis.
2926 1909 2988 1972 Si
3017 1929 3162 1992 ergo
3186 1909 3417 1973 naeres
3463 1907 3629 1974 viam
3677 1906 3871 1989 elegit
3895 1906 4018 1968 sol·

2449 2007 2628 2071 vendi
2673 2006 2861 2069 libras
2883 2011 3063 2069 6000
3089 2004 3348 2086 obligari
3389 2023 3509 2065 non
3545 2009 3736 2083 potest
3757 2001 3836 2065 ad
3874 2020 4019 2082 sup·

2451 2101 2739 2182 piendum
2768 2119 3067 2163 summam
3093 2096 3511 2170 deficientem,
3540 2094 3775 2158 etiamsi
3807 2112 3893 2157 ex
3941 2093 4018 2155 li·

2451 2196 2578 2257 bris
2621 2202 2800 2258 6000.
2838 2195 3021 2258 bodie
3056 2213 3174 2254 non
3206 2191 3598 2255 retrahantur
3633 2190 3838 2253 librae
3869 2194 4012 2255 300.

2448 2292 2551 2353 sed
2581 2290 2776 2352 librae
2805 2278 3229 2352 tantummodo
3258 2291 3399 2348 240.

2569 2385 2739 2448 Facit
2764 2405 2801 2447 e
2821 2395 3032 2447 contra
3062 2403 3174 2464 pro
3198 2383 3560 2464 Legatorum
3591 2378 3851 2441 Piorum
3875 2378 4022 2449 Pro-

2452 2481 2686 2543 moto're
2708 2525 2726 2555 ‚
2753 2478 2961 2561 quod
2944 2499 3009 2540 ιιι
3042 2486 3280 2540 tantum
3298 2478 3572 2539 Testator
3600 2473 3882 2556 permisit
3906 2508 3931 2549 ,·
3951 2482 4023 2538 ut

2450 2575 2759 2638 Haeredes
2785 2595 2849 2637 se
2876 2573 3143 2636 liberare
3171 2580 3416 2653 possent
3441 2590 3477 2633 a
3504 2568 3924 2651 praestatione
3952 2567 4024 2637 li-

2449 2671 2701 2733 brarum
2738 2676 2876 2733 300.
2898 2682 3252 2732 ‘annuarum
3283 2715 3299 2737 ,
3345 2665 3639 2729 solvendo
3670 2664 3861 2729 unica
3889 2663 4020 2733 vice

2452 2763 2642 2827 libras
2667 2770 2846 2827 6000.
2887 2763 2951 2825 in
2993 2770 3295 2844 quantum
3325 2757 3687 2840 supposuit,
3735 2758 3911 2839 quod
3939 2776 4017 2825 ex

2450 2859 2878 2921 investimeuto
2925 2857 3225 2919 librarum
3271 2860 3450 2917 6000.
3505 2853 3719 2915 baberi
3781 2859 4024 2934 possent

2453 2953 2726 3035 quolibet
2756 2972 2919 3014 anuo
2950 2952 3146 3014 librae
3173 2955 3312 3012 300.
3346 2948 3637 3028 Adeoque
3660 2946 3710 3008 si
3733 2946 3930 3011 hodie
3948 2966 4028 3009 ex
4080 3009 4085 3013 .

2453 3047 2630 3110 libris
2650 3054 2828 3111 6000.
2860 3066 2979 3110 uon
3011 3045 3461 3127 percipiuntur,
3497 3041 3615 3117 nisi
3647 3041 3855 3106 librae
3877 3048 4017 3113 24⁰4

2456 3143 2764 3207 subintrat
2783 3140 3077 3225 obligatio
3103 3136 3395 3202 Haeredis
3412 3137 3494 3200 ad
3520 3135 3944 3218 supplendum
3960 3180 3977 3198 .
4003 3165 4010 3178 ·

2578 3239 2824 3319 Absque
2862 3257 2934 3300 eo
2961 3236 3123 3318 quod
3155 3233 3494 3315 quidquam
3541 3230 3774 3294 referat.
3798 3278 3815 3304 .
3859 3231 4023 3312 quod

2449 3335 2628 3416 juxta
2652 3330 2980 3395 Testatoris
3005 3346 3352 3410 expressam
3379 3326 3762 3388 voluntatem
3781 3370 3799 3398 ‚
3832 3332 4026 3405 potest

2457 3428 2688 3489 Haeres
2711 3444 2775 3488 se
2804 3423 3071 3487 liberare
3098 3441 3136 3484 a
3168 3419 3471 3483 solutione
3508 3418 3816 3480 librarum
3875 3424 4017 3506 aoq.

2454 3521 2744 3584 solvendo
2780 3519 2968 3581 unica
2995 3515 3298 3580 solutione
3325 3515 3517 3578 libras
3537 3520 3718 3577 6000.
3777 3514 3896 3578 boo
3931 3514 4016 3582 si*

2452 3614 2700 3697 quidem
2729 3621 3156 3697 argumentum
3185 3629 3404 3692 urgere
3428 3617 3624 3688 posset
3647 3655 3661 3677 ‚
3687 3607 3741 3668 si
3767 3607 3863 3672 vel
3901 3607 4018 3676 im*

2454 3710 2716 3773 mediate
2757 3716 2889 3790 post
2932 3715 3169 3787 tempus
3197 3702 3424 3767 conditi
3470 3702 3885 3774 Testamenti,
3915 3700 4015 3769 vel

2451 3805 2638 3889 paulo
2670 3812 2810 3887 post
2829 3803 3061 3864 Haeres
3078 3801 3461 3863 exbursasset
3487 3796 3680 3860 libras
3706 3801 3889 3860 6000.
3917 3816 4018 3862 βθτ

2453 3921 2560 3964 cus
2581 3909 2785 3962 autem
2812 3917 2877 3960 se
2903 3897 3091 3970 babet
3112 3914 3209 3957 res
3228 3893 3465 3975 quoties
3483 3940 3499 3963 ,
3528 3903 3712 3973 prout
3741 3893 3803 3954 in
3831 3901 3975 3954 casu
4001 3931 4021 3963 ‚

2455 3995 2688 4058 Haeres
2734 3992 2807 4055 ad
2840 3991 3205 4062 solutionem
3234 3988 3428 4050 dictae
3452 4006 3730 4050 summae
3776 3984 4024 4048 devenit

2455 4099 2588 4172 post
2611 4084 2846 4169 lapsum
2876 4101 3181 4148 annorum
3209 4088 3345 4145 tot.
3362 4101 3415 4145 a
3437 4082 3536 4144 die
3554 4082 3785 4145 conditi
3812 4083 4016 4145 Testa·

2455 4184 2676 4256 menti;
2705 4183 2770 4244 iu
2810 4181 3007 4263 primo
3053 4178 3275 4241 etenim
3308 4197 3450 4256 casu
3479 4222 3496 4250 ‚
3545 4197 3619 4239 ex
3651 4195 3892 4239 summa
3943 4172 4018 4235 u÷

2455 4280 2706 4342 brai-um
2736 4283 2914 4338 6000.
2954 4277 3110 4337 bene
3157 4280 3401 4354 erogata
3438 4272 3652 4335 baberi
3684 4270 4019 4354 potuissent

2455 4375 2678 4436 nedum
2703 4373 2898 4434 librae
2929 4376 3066 4432 300.
3116 4386 3359 4431 annuae
3384 4416 3400 4438 ,
3430 4367 3534 4431 sed
3577 4366 3738 4430 aliae
3767 4364 3971 4446 plures
3993 4401 4014 4434 ,

2455 4468 2620 4549 quod
2648 4467 2712 4528 in
2741 4464 3005 4551 secundo
3029 4483 3171 4526 casu
3204 4462 3453 4524 evenire
3481 4480 3603 4522 non
3640 4466 3835 4541 potest
3877 4474 4019 4537 pro-

2456 4570 2591 4645 pter
2626 4561 3046 4623 intermediam
3073 4557 3384 4621 redituum
3410 4556 3909 4618 diminutionem.

2581 4658 2648 4719 lu
2678 4655 2792 4742 boc
2818 4663 3020 4717 autem
3053 4671 3262 4715 rerum
3283 4660 3445 4714 statu
3475 4651 3797 4732 quaeritur

2575 4752 2671 4812 An
2695 4750 2915 4812 Hasna
2962 4759 3222 4810 ansatur
3249 4749 3506 4828 supplere
3534 4792 3552 4816 ‚
3582 4746 3670 4806 eal
3704 4741 3896 4824 potius
3939 4737 4018 4797 sit

2455 4849 2609 4910 Ιοοω
2638 4845 2957 4907 reductioni
2983 4845 3169 4904 oneris
3195 4842 3517 4905 mmmm
3537 4842 3604 4901 in
3628 4857 3765 4901 casu
3787 4883 3802 4905 ,
3840 4843 3941 4895 etc.
4002 4873 4012 4886 .

2564 5053 2705 5106 saer.
2734 5050 2933 5120 congr.
2962 5049 3273 5121 respondit,

2636 5138 2864 5192 Exhibe
2867 5152 2997 5192 atur
3025 5140 3184 5191 Testa
3189 5156 3275 5189 me
3245 5149 3461 5189 ebitum

2575 5319 2648 5379 ln
2676 5318 2863 5400 hujus
2883 5319 3156 5399 rescripti
3187 5316 3635 5386 executionem,
3658 5305 4012 5372 exhibitum

2457 5410 2575 5473 fuit
2600 5413 3097 5484 Testamentum,
3129 5431 3205 5473 ex
3232 5414 3406 5492 cujus
3437 5409 3639 5470 verbis
3665 5396 4014 5465 Ludovicus

2457 5507 2656 5591 Ripa,
2708 5526 3007 5591 pronepos
3048 5505 3349 5575 Francisci
3393 5500 3719 5572 Testatoris
3763 5499 4012 5558 conten-
4059 5542 4066 5549 .
