4393 6299
1715 501 2174 573 ουιςετιο
2230 499 2426 557 cxxv,

430 662 560 718 tum
602 651 789 718 fuine
812 653 1209 738 supponitur,
1258 655 1424 738 quod
1471 674 1593 718 non
1634 657 1890 719 constitu
1919 655 1995 718 de

433 752 704 834 legitimo
732 752 1075 815 inventario
1101 752 1336 833 primae
1353 751 1640 815 aditionis
1662 752 1992 816 baeredita-

430 849 508 909 tis
529 894 547 920 ,
571 868 682 910 nec
702 845 1041 910 baereditas
1069 845 1371 929 praesumi
1401 854 1599 928 posset
1627 847 1799 928 parvi
1830 846 1991 909 redi-

428 951 526 1003 tus
541 990 558 1013 ‚
586 962 696 1004 nec
717 941 977 1004 redditio
1000 939 1254 1004 rationis
1273 941 1351 1004 ad
1376 940 1646 1004 tramites
1661 940 1820 1023 juris
1837 940 1993 1004 facta

424 1037 546 1098 dici
574 1037 848 1110 valeret3
877 1054 1142 1117 cumque
1173 1033 1396 1116 elapsis
1429 1035 1743 1097 nonnullis
1770 1034 1948 1098 annis
1970 1081 1987 1108 ,

425 1141 552 1193 tam
577 1132 814 1205 Patres,
841 1151 1027 1211 quam
1052 1130 1398 1194 Confratres
1416 1150 1645 1192 novum
1666 1131 1992 1195 habuerint

424 1246 736 1289 recursum
765 1227 843 1289 ad
860 1225 1317 1288 Sanctissimum
1349 1224 1677 1287 Dominum
1702 1226 1988 1288 Nostrum

428 1340 542 1401 pro
574 1319 858 1382 facultate
884 1320 1134 1382 ineundi
1169 1319 1633 1383 transactionem
1655 1366 1671 1393 ,
1701 1329 1761 1383 et
1801 1320 1863 1382 in
1894 1320 1986 1381 Si-

421 1426 685 1498 gnatura
719 1415 966 1478 Gratiae
994 1414 1205 1478 habita
1232 1415 1323 1476 die
1356 1419 1455 1480 21.
1487 1414 1707 1478 Martii
1730 1417 1990 1497 proxime

416 1512 721 1592 praeteriti
739 1529 942 1572 coram
967 1509 1293 1573 Sanctitate
1320 1510 1464 1585 Sua,
1489 1509 1718 1572 fuerint
1743 1510 1984 1573 eaedem

418 1624 627 1687 preces
660 1605 946 1668 remissae
977 1606 1056 1668 ad
1083 1604 1243 1668 hanc
1267 1604 1514 1667 Sacram
1557 1606 1984 1688 Congregatio-

419 1719 559 1761 nem
578 1746 595 1773 ‚
620 1701 708 1762 uti
739 1700 1045 1784 colligitur
1064 1720 1138 1762 ex
1160 1700 1450 1782 rescripto
1469 1702 1648 1761 eidem
1673 1699 1986 1782 conqreqa·

417 1798 567 1855 tioni
595 1793 846 1857 Consilii
863 1816 971 1876 pro
995 1805 1140 1867 voto,
1161 1813 1321 1857 novo
1348 1795 1612 1858 examini
1636 1796 1826 1858 Causa
1849 1815 1983 1878 sup·

419 1889 692 1969 ponitur,
722 1889 1069 1971 iterumque
1094 1890 1483 1970 disceptatur,
1513 1910 1593 1952 an
1624 1890 1735 1965 sit,
1770 1911 1880 1954 nec
1909 1912 1985 1955 ne

418 1980 587 2044 locus
612 1983 1035 2064 approbationi
1066 1984 1442 2046 concordiae.

536 2078 902 2141 Existimant
927 2089 1129 2141 autem
1176 2078 1464 2142 Oratores
1488 2125 1506 2152 ,
1557 2088 1614 2141 et
1644 2087 1886 2160 sperant
1920 2100 1984 2142 se

422 2172 551 2233 voti
580 2183 884 2253 compotes
909 2192 1037 2236 esse
1063 2173 1342 2247 futuros3
1374 2174 1449 2236 de
1479 2173 1744 2256 legitima
1790 2174 1982 2255 siqui·

418 2265 558 2328 dem
590 2266 887 2330 bonorum
916 2268 1318 2351 descriptione
1347 2267 1502 2331 facta
1522 2269 1750 2350 abipso
1777 2271 1983 2331 Testa-

416 2369 549 2423 tore
574 2372 849 2425 constare
880 2363 1112 2437 dicunt,
1148 2382 1257 2424 nec
1291 2383 1413 2424 non
1443 2363 1519 2425 de
1542 2383 1731 2443 parvo
1758 2384 1981 2426 eorun-

417 2456 556 2518 dem
579 2457 777 2519 reditu
801 2504 819 2532 ,
851 2457 1006 2521 itaut
1028 2458 1201 2521 sicuti
1232 2457 1505 2519 executio
1528 2458 1859 2521 voluntatis
1879 2462 1983 2522 Te-

418 2550 662 2614 statoris
702 2564 791 2614 est
818 2552 1132 2616 moraliter
1160 2553 1550 2634 impossibilis
1574 2598 1592 2626 ,
1629 2553 1711 2616 ita
1739 2562 1985 2634 apertus

418 2646 537 2709 dici
569 2647 784 2710 debeat
808 2646 974 2710 locus
993 2668 1106 2729 pro
1127 2649 1257 2729 ejus
1279 2649 1747 2711 commutatione
1768 2669 1787 2722 3
1814 2648 1983 2712 nulla

417 2742 703 2814 cadente,
739 2741 828 2804 uti
864 2742 1106 2814 dicunt,
1146 2742 1527 2806 dubitatione
1556 2741 1757 2823 quoad
1788 2742 1981 2804 modi-

416 2857 553 2900 cam
589 2837 892 2899 redituum
924 2837 1325 2918 quantitatem
1345 2883 1363 2913 ‚
1395 2856 1534 2900 cum
1563 2838 1772 2914 eadem
1803 2839 1985 2901 dedu·

416 2940 594 2996 catur
618 2952 695 2993 ex
733 2931 1076 2995 redditione
1107 2931 1361 2994 rationis
1396 2947 1581 3014 supra
1611 2941 1938 2996 memorata
1963 2978 1981 3007 ,

415 3025 963 3088 administrationis
979 3027 1059 3088 ab
1077 3044 1239 3088 auno
1260 3031 1434 3089 1677.
1453 3025 1530 3089 ad
1547 3046 1779 3089 annum
1803 3032 1979 3089 1695.

413 3135 530 3183 ‘nec
563 3139 685 3181 non
708 3120 787 3184 ab
809 3119 931 3185 alia
960 3121 1303 3185 redditione
1343 3121 1597 3185 rationis
1627 3123 1852 3204 pariter
1888 3141 1984 3185 su·

422 3235 534 3296 pra
565 3216 827 3278 indicata
860 3216 940 3279 ab
967 3235 1130 3279 anuo
1162 3222 1339 3279 1696.
1362 3216 1439 3280 ad
1467 3236 1699 3280 annum
1726 3222 1901 3280 1707.
1927 3228 1988 3282 et

415 3310 663 3372 demum
686 3330 763 3372 ex
800 3312 1201 3374 relationibus
1229 3310 1589 3374 Ordinariis

534 3404 769 3485 Hisque
791 3404 1121 3477 stantibus,
1144 3404 1485 3484 quaeritur:

535 3499 632 3558 An
656 3502 897 3581 praevia
925 3502 1358 3563 commutatione
1386 3502 1698 3563 voluntatis
1722 3503 1796 3563 sit
1835 3502 1984 3563 leem

411 3593 812 3672 approbationi
835 3596 1235 3655 transactionis
1275 3596 1339 3655 in
1360 3613 1498 3657 casu
1519 3603 1621 3659 etc.
1782 3590 1785 3593 ’

530 3787 684 3838 Sacra
720 3786 918 3854 Congr.
948 3784 1035 3839 die
1061 3785 1114 3837 ὓ.
1140 3785 1452 3838 Decembris
1486 3786 1645 3839 1710.
1672 3786 1984 3855 respondit:

596 3876 663 3926 In
689 3872 900 3940 decisis,
930 3884 983 3924 et
1009 3873 1261 3942 amplius.

859 4051 1222 4127 QUAESTIO
1262 4054 1542 4116 cxxvt.

512 4240 584 4300 In
610 4239 807 4305 Causa
828 4241 1069 4314 Sicula,
1100 4243 1190 4304 die
1222 4249 1313 4304 18.
1344 4242 1674 4305 Novembris
1700 4250 1873 4306 1719.

414 4372 708 4511 Propter
756 4430 1149 4510 praeteritas,
1205 4438 1265 4494 et
1302 4440 1472 4497 notas
1516 4432 1685 4513 regni
1739 4432 1980 4495 Siciliae

417 4542 739 4586 aerumnas
766 4571 782 4597 ,
819 4526 1022 4606 plures
1052 4526 1357 4608 contigere
1378 4546 1580 4595 casuS.
1606 4526 1670 4591 in
1700 4528 1976 4607 quibusa

414 4618 821 4700 Regularibus
846 4619 1055 4681 habita
1087 4628 1230 4682 sunt
1257 4621 1535 4701 Capitula
1571 4622 1975 4685 Provincialia

407 4712 705 4775 nullitatis
736 4714 881 4776 vitio
906 4714 1275 4787 laborantia3
1307 4725 1369 4778 et
1394 4736 1430 4778 a
1478 4716 1790 4779 nonnullis
1814 4716 1974 4780 Reli·

411 4806 593 4888 giosis
643 4806 1019 4868 diversorum
1070 4806 1371 4870 Ordinum
1422 4810 1674 4873 emissae
1729 4810 1976 4873 fuerunt

415 4902 811 4983 professiones
826 4921 1027 4965 coram
1047 4903 1476 4984 Superioribus
1495 4905 1657 4988 illegi
1667 4904 1706 4967 ti
1714 4905 1847 4980 mis,
1869 4906 1977 4968 ita-

3381 506 3482 559 m
3603 573 3608 578 Δ

2223 655 2296 718 ln
2331 653 2807 737 congregatione
2834 656 3132 738 siquidem
3179 657 3390 722 habita
3436 658 3527 719 die
3554 663 3652 721 21.

2100 750 2351 830 Auyusti
2395 755 2570 812 1717.
2604 751 2883 813 nonnulli
2916 752 3124 816 Patres
3148 752 3498 818 Discalceati
3543 756 3658 817 Re.-

2100 843 2465 925 demptionis
2482 843 2873 925 Captivorum
2898 847 3114 909 Beatae
3134 846 3365 911 Mariae
3385 849 3658 932 Virginis

2100 938 2177 1001 de
2204 938 2480 1001 Mercede
2506 939 2861 1002 Provinciae
2890 939 3130 1003 Siculae
3157 940 3416 1024 ingenue
3436 944 3658 1008 admit·

2103 1039 2322 1106 tentes,
2347 1033 2512 1114 quod
2534 1032 2862 1097 solemnem
2882 1035 3207 1100 emiserant
3229 1036 3656 1117 professionem

2100 1134 2231 1209 post
2259 1126 2605 1191 nullitatem
2625 1128 2886 1211 Capituli
2911 1130 3299 1211 provincialis
3321 1177 3339 1207 ‚
3371 1152 3531 1214 quae
3565 1142 3656 1196 ta-

2098 1239 2239 1283 men
2283 1221 2427 1304 ipsis
2468 1243 2590 1284 non
2642 1222 3030 1299 innotuerat,
3077 1224 3497 1308 supplicarunt
3544 1247 3654 1308 pro

2098 1324 2441 1396 opportuno
2490 1318 2759 1381 remedio
2779 1364 2796 1392 ,
2826 1318 3156 1400 auditaque
3201 1318 3496 1383 relatione
3538 1323 3656 1384 Ar-

2095 1408 2454 1492 chiepiscopi
2480 1412 2898 1475 Panormitani
2914 1458 2932 1487 ,
2957 1432 3310 1494 responsum
3329 1412 3469 1490 fuit,
3490 1417 3655 1497 quod

2096 1504 2495 1586 professiones
2521 1507 2679 1569 dicto
2708 1508 2886 1570 modo
2911 1507 3162 1571 emissae
3205 1509 3655 1574 ratificarentur

2091 1619 2230 1661 cum
2282 1619 2442 1663 novo
2494 1601 2906 1665 Professorum
2950 1623 3242 1666 consensu
3276 1604 3342 1665 in
3373 1605 3657 1669 manibus

2100 1694 2353 1776 legitimi
2389 1696 2734 1778 Superioris
2781 1698 3095 1779 deputati,
3132 1718 3237 1760 seu
3282 1699 3654 1779 deputandi,

2093 1796 2154 1850 et
2200 1808 2340 1852 cum
2396 1790 2814 1873 praerogativa
2853 1792 3229 1855 antianitatis
3254 1812 3289 1855 a
3318 1792 3518 1874 primo
3558 1794 3659 1857 die

2096 1883 2351 1947 emissae
2379 1884 2785 1966 professionis.

2212 1978 2285 2041 In
2339 1979 2817 2063 congregatione
2862 2000 3110 2062 quoque
3158 1980 3369 2045 habita
3420 1984 3511 2044 die
3559 1987 3651 2045 11.

2091 2070 2269 2133 lunii
2300 2078 2476 2135 1718.
2508 2093 2645 2136 cum
2681 2074 2854 2138 Pater
2878 2074 3277 2138 provincialis
3301 2075 3656 2140 Carmelita·

2092 2186 2229 2229 rum
2254 2168 2760 2232 Discalceatorum
2786 2169 3029 2232 Siciliae
3047 2170 3421 2252 exposuisset
3441 2172 3660 2234 Sacrae

2092 2261 2553 2346 Congregationi
2579 2264 2930 2344 particulari
2958 2264 3362 2328 immunitatis
3381 2265 3653 2329 ecclesia·

2092 2356 2277 2420 sticae
2297 2404 2315 2430 ,
2349 2358 2511 2438 quod
2540 2366 2683 2421 ante
2706 2379 2886 2421 suum
2914 2360 3171 2421 exilium
3205 2369 3433 2440 septem
3464 2360 3656 2423 Cleri-

2095 2470 2196 2513 cos
2214 2451 2542 2517 admiserat
2562 2453 2638 2516 ad
2668 2454 2947 2516 habitum
2969 2473 3118 2518 suae
3139 2454 3494 2537 Religionis,
3518 2475 3660 2518 cum

2091 2546 2391 2608 consuetis
2414 2547 2656 2621 formis,
2683 2556 2745 2610 et
2759 2548 3246 2612 solemnitatibus
3268 2549 3656 2630 praescriptis

2090 2642 2169 2702 ab
2207 2640 2456 2704 Ordinis
2502 2643 3068 2717 Constitutionibus,
3115 2645 3403 2726 quodque
3454 2645 3660 2707 Patres

2094 2735 2350 2800 Vocales
2373 2782 2391 2811 ,
2428 2737 2536 2818 qui
2564 2745 2788 2821 septem
2816 2738 3076 2801 Novitiis
3111 2739 3404 2802 dederant
3435 2757 3657 2821 appro-

2093 2831 2369 2894 bationes
2391 2878 2409 2906 ,
2433 2831 2679 2898 fuerant
2700 2832 2946 2896 admissi
2973 2834 3037 2894 in
3062 2832 3356 2895 familiam
3386 2833 3658 2895 Conven-

2095 2932 2190 2987 tus
2220 2926 2561 2990 Novitiatus
2584 2948 2663 2992 ex
2685 2927 2907 2990 ‚ordine
2929 2973 2947 3002 ,
2977 2936 3038 2991 et
3064 2929 3349 2992 mandato
3397 2928 3652 2991 Provin-

2092 3019 2267 3084 cialis
2304 3021 2557 3096 intrusi,
2589 3023 2878 3104 quodque
2921 3023 3165 3086 demum
3209 3023 3393 3086 iidem
3428 3023 3656 3087 Novitii

2094 3115 2524 3196 professionem
2569 3116 2896 3181 emiserant
2929 3117 2992 3180 in
3024 3118 3307 3182 manibus
3353 3116 3655 3200 illegitimi

2091 3210 2439 3292 Superioris
2462 3256 2480 3286 ‚
2516 3211 2776 3293 etquod
2816 3212 2983 3274 bunc
3010 3219 3212 3275 actum
3264 3213 3543 3274 nonnulli
3583 3232 3662 3276 ex

2093 3302 2221 3368 illis
2247 3305 2673 3386 expleverant,
2703 3313 2772 3367 ut
2799 3324 2928 3367 rem
2973 3315 3207 3387 gratam
3244 3304 3513 3367 facerent
3540 3305 3659 3368 Mi-

2093 3398 2305 3462 nistris
2344 3399 2534 3462 laicae
2572 3400 2914 3480 potoetatis,
2947 3399 3194 3462 remissa
3220 3400 3403 3482 hujus
3425 3401 3658 3463 instan-

2094 3494 2217 3556 tiae
2241 3485 2583 3575 cognitione
2625 3492 2702 3557 ad
2731 3494 2889 3555 banc
2927 3494 3171 3556 Sacram
3211 3493 3471 3557 *Concilii
3500 3494 3660 3557 Con-

2093 3588 2544 3671 gregationem‚
2575 3589 2698 3664 die,
2736 3596 2796 3650 et
2827 3608 2990 3651 anno
3015 3608 3199 3670 supra
3229 3590 3532 3663 indicatis,
3569 3610 3658 3654 re-

2090 3700 2375 3763 sponsum
2408 3681 2565 3744 fuit:
2603 3681 2979 3761 Professiones
3004 3703 3113 3743 esse
3134 3684 3505 3765 ratificandas
3529 3704 3660 3746 cum

2090 3796 2234 3838 novo
2258 3796 2527 3838 consensu
2546 3776 2937 3856 Professorum
2954 3780 3021 3837 in
3042 3780 3303 3839 monibus
3324 3777 3654 3859 Superioris

2092 3873 2351 3951 legitimi,
2376 3881 2428 3931 et
2453 3872 3010 3952 cum'dispensatione
3027 3873 3214 3951 quoad
3240 3874 3362 3933 alia
3381 3920 3395 3943 ,
3428 3892 3574 3951 quae
3589 3874 3656 3934 itt

2093 3963 2605 4029 Constitutionibus
2646 3968 3133 4047 praescribuntur,
3160 3976 3214 4026 et
3246 3967 3436 4045 quood
3461 3969 3658 4028 antia·-

2092 4063 2337 4125 m'tatem
2352 4109 2368 4132 ,
2395 4063 2514 4139 ejus
2534 4063 2772 4122 initium
2792 4079 2867 4123 ex
2891 4063 3087 4140 qratia
3116 4080 3225 4121 esse
3251 4061 3649 4122 desumendum

2089 4176 2128 4218 a
2154 4156 2245 4216 die
2270 4158 2494 4237 primae
2529 4155 2888 4235 professionis
2913 4200 2929 4226 ‚
2961 4156 3086 4215 ticet
3113 4155 3309 4215 nullas
3332 4201 3348 4225 ,
3391 4165 3442 4215 et
3469 4156 3659 4234 quoad

2086 4269 2175 4311 eos
2192 4294 2210 4321 ,
2239 4251 2538 4328 quiessent
2563 4250 2641 4309 acl
2662 4250 3052 4329 professionem
3079 4250 3439 4322 adotittendi,
3467 4251 3657 4311 eodem

2088 4342 2230 4405 Sao.
2262 4341 2639 4422 Conyreqatio
2667 4345 2976 4424 rescripsit,
3007 4344 3157 4423 quod
3178 4342 3460 4424 Superior
3476 4356 3655 4406 utera-

2087 4447 2186 4498 trtr
2195 4438 2333 4515 jure
2351 4457 2475 4498 suo.

2206 4532 2276 4592 In
2310 4542 2609 4612 postrema
2651 4532 2898 4593 demum
2932 4530 3411 4612 Congregatione
3440 4530 3650 4595 habita

2085 4625 2177 4685 die
2205 4631 2302 4687 30.
2330 4624 2673 4705 Septembris
2694 4627 2864 4704 hujus
2883 4626 3126 4703 ejusdem
3143 4627 3288 4685 anni
3318 4629 3490 4686 1719.
3514 4644 3654 4688 cum

2086 4718 2276 4781 fuerit
2297 4720 2636 4800 expositum
2655 4765 2672 4793 ,
2698 4718 2861 4800 quod
2886 4719 2949 4780 in
2973 4717 3291 4781 Provincia
3313 4720 3647 4782 Messanent

2084 4812 2335 4877 Ordinis
2361 4814 2758 4876 Minimorum
2780 4859 2797 4886 ‚
2821 4813 3163 4894 praeteritis
3190 4814 3370 4875 annis
3391 4814 3654 4881 celebra*-

2086 4918 2144 4971 ta
2172 4908 2415 4971 fuerant
2435 4907 2730 4971 nonnulla
2749 4908 3066 4990 illegitima
3086 4905 3390 4988 Capitula,
3418 4926 3650 4970 necnon

415 5005 484 5060 ut
527 4996 818 5059 exhibitis
862 4996 1080 5060 Sacrae
1119 4998 1467 5077 particulari
1515 4998 1973 5082 Congregationi
2080 5002 2255 5065 electi
2304 5002 2607 5084 illegitimi
2654 5002 3049 5082 Superiores,
3101 5002 3209 5082 qui
3258 5001 3532 5063 Novitios
3574 5002 3653 5065 ad

417 5092 828 5154 Immuuitatis
855 5091 1132 5172 precibus
1166 5111 1277 5172 pro
1295 5095 1642 5168 sanatione,
1674 5104 1734 5157 et
1762 5094 1975 5157 revali-

418 5184 664 5247 datione
692 5185 967 5248 omnium
995 5186 1437 5267 praedictorum
1460 5232 1476 5259 ,
1516 5187 1696 5250 fuerit
1721 5187 1959 5250 ‘barum

419 5298 663 5359 precum
691 5297 943 5343 examen
972 5280 1359 5343 commissum
1393 5280 1536 5344 buic
1567 5282 1787 5346 Sacrae
1819 5282 1972 5347 Con.-

417 5374 752 5455 grcgationi
778 5421 795 5447 ,
826 5393 985 5455 quae
1010 5383 1350 5454 opportuna
1374 5420 1390 5447 ,
1417 5384 1595 5455 prout
1620 5386 1929 5458 opussserat
1950 5423 1969 5451 ,

417 5487 541 5531 non
558 5468 795 5539 destitit
827 5469 1211 5550 suppeditare
1239 5471 1523 5535 remedia.

2083 5096 2513 5177 professionem
2535 5096 2926 5169 admiserant,
2946 5096 3304 5176 rescriptum
3328 5095 3465 5167 fuit,
3487 5096 3652 5175 quod

2083 5209 2277 5254 novus
2309 5190 2707 5254 Provincialis
2743 5209 2846 5252 eos
2874 5189 3223 5253 admitteret
3262 5189 3337 5252 ad
3380 5189 3652 5252 emissio-

2083 5305 2223 5347 nem
2253 5305 2448 5349 novae
2475 5284 2864 5368 professionis
2882 5331 2900 5359 ,
2934 5283 3240 5346 notificata
3271 5292 3471 5346 tamen
3503 5284 3650 5365 ipsis

2082 5379 2365 5444 nullitate
2390 5382 2620 5463 primae
2645 5378 3054 5462 professionis,
3079 5388 3137 5440 et
3155 5379 3317 5459 quod
3341 5398 3495 5440 nova
3516 5398 3652 5459 pro-

1956 5522 1965 5537 ,
2082 5474 2270 5537 »fessio
2287 5478 2487 5556 quoad
2516 5475 2936 5539 antianitatem
2950 5518 2969 5550 ,
2990 5481 3378 5555 caeterasque
3403 5490 3650 5553 praero-
