4393 6299
983 505 1088 555 896

800 656 1088 737 principio
1125 657 1235 714 mei
1261 649 1637 734 Episcopatus
1675 652 1941 712 intellexi
1980 668 2177 711 earum
2231 657 2352 710 sta-

806 751 895 810 tui
928 750 1269 830 improprias
1292 795 1308 819 ,
1351 757 1403 808 et
1446 747 1594 826 quod
1632 747 1882 824 faciliter
1921 744 2352 810 introducebant

807 854 929 904 tum
953 845 1258 923 Requlares
1287 842 1511 902 Fratres
1542 841 1606 900 de
1634 839 2041 910 Obseruantia,
2068 848 2191 899 tum
2214 836 2351 898 Sae-

803 940 1024 1002 culares
1050 985 1067 1009 ,
1110 928 1399 998 consulens
1437 954 1635 997 earum
1674 936 2065 1003 indemnitati,
2117 942 2171 994 et
2214 933 2351 993 bono

791 1034 1052 1112 vnomini,
1093 1032 1220 1092 dedi
1262 1034 1403 1110 ipsis
1438 1034 1501 1090 in
1540 1029 1958 1108 Confessarium
1994 1026 2350 1088 Sacerdotem

800 1127 1267 1205 scoeayenarium,
1301 1127 1454 1184 bonis
1485 1117 1761 1197 moribus,
1793 1134 1844 1184 el
1869 1123 2105 1183 scientia
2124 1120 2350 1199 praedi-

803 1228 924 1279 tum
948 1266 965 1290 ,
1020 1222 1122 1299 qui
1170 1239 1366 1280 earum
1410 1220 1591 1279 saluti
1635 1219 1931 1299 spirituali
1975 1216 2345 1295 prospiceret,

794 1324 1102 1391 praeesset,
1144 1333 1339 1392 easque
1378 1315 1442 1372 in
1482 1315 1635 1373 viam
1671 1312 2022 1392 perfectionis
2056 1309 2342 1386 diriqeret.

796 1403 1017 1465 ¹Verum
1044 1405 1118 1466 P.
1152 1399 1532 1467 Prouincialis
1560 1405 1871 1467 Minorum
1890 1401 2345 1471 observantium,

800 1520 928 1560 cum
967 1501 1273 1561 advenisset
1303 1501 1561 1562 Massam
1586 1501 1923 1561 visitaturus
1965 1516 2091 1558 suos
2120 1494 2350 1557 Fratres

802 1613 981 1655 mense
1012 1593 1267 1655 Octobris
1290 1598 1550 1676 proxime
1570 1597 1875 1675 praeterito
1893 1641 1908 1663 ,
1936 1594 2099 1653 nullo
2137 1609 2349 1651 mecum

800 1675 951 1766 sacto
990 1691 1184 1761 verbo,
1213 1693 1351 1770 ipsis
1384 1689 1732 1750 Mulieribus
1764 1688 1916 1766 dedit
1948 1689 2014 1747 in
2049 1684 2345 1762 Confessa-

800 1786 956 1844 rium
984 1783 1215 1845 Patrem
1241 1783 1471 1844 Iulium
1493 1783 1720 1861 Ajolam
1739 1785 1830 1843 sui
1852 1769 2120 1850 Ordinis,
2151 1797 2348 1858 easque

799 1895 934 1938 suae
946 1877 1338 1954 jurisdictioni
1364 1877 1627 1955 subjecit,
1652 1875 2015 1956 praetendens
2035 1871 2118 1936 'ad
2158 1875 2346 1953 ipsum

799 1972 866 2028 in
893 1979 1070 2030 totum
1092 1978 1337 2050 spectare
1361 1970 1497 2031 dare
1525 1968 1808 2031 Habitum
1834 1967 2055 2029 Puellis
2074 2015 2091 2038 ,
2118 1969 2171 2027 si
2202 1984 2348 2047 quae

802 2066 1020 2125 instant
1064 2066 1130 2123 in
1173 2062 1664 2125 Conservatorium
1703 2065 1951 2125 admitti.
2006 2061 2164 2123 Unde
2204 2060 2346 2140 'quid

800 2158 944 2217 mihi
982 2158 1263 2237 aqcndum
1289 2159 1364 2217 sit
1394 2159 1458 2217 in
1485 2157 1584 2217 hoc
1608 2176 1775 2227 casu,
1804 2157 1876 2218 ab
1903 2155 2044 2217 EE.
2089 2152 2212 2216 W.
2242 2172 2346 2215 ex·

797 2270 979 2331 posco.
1808 2279 1812 2288 ι

822 2341 824 2344 ’
921 2345 1063 2406 Fuit
1108 2346 1188 2407 ab
1241 2345 1353 2407 hac
1380 2344 1580 2420 ‚Sacra
1632 2331 2104 2428 Congregatione
2151 2342 2345 2405 dictae

800 2439 1103 2520 Epistulae
1150 2458 1534 2520 responsum,
1571 2441 1733 2521 quod
1764 2448 1907 2508 erat
1944 2437 2344 2506 necessarium

799 2534 1011 2595 audire
1040 2535 1274 2595 Patrem
1300 2535 1753 2596 Procuratorem
1779 2533 2132 2595 Generalem
2161 2530 2342 2592 Ordi-

799 2627 925 2701 nis3
969 2647 1229 2708 cumque
1262 2628 1325 2688 in
1367 2627 1550 2709 hujus
1597 2627 1999 2708 responsionis
2035 2626 2343 2707 sequelam

798 2720 980 2782 fuerit
1008 2723 1166 2784 dicto
1195 2722 1355 2783 Patri
1381 2722 1885 2783 communicatum
1917 2721 2255 2803 negotium,
2285 2729 2344 2781 et

790 2815 917 2895 jam
957 2814 1193 2895 elapsus
1232 2815 1305 2875 sit
1341 2834 1567 2887 annuS,
1606 2824 1665 2876 et
1692 2815 2018 2895 Episcopus
2047 2815 2186 2896 jure
2217 2825 2341 2874 me·

795 2908 916 2968 rito
945 2908 1156 2982 instet,
1186 2918 1250 2970 ut
1275 2909 1389 2970 sibi
1422 2909 1846 2983 demandetur,
1876 2909 2023 2989 quid
2048 2929 2225 2991 agere
2247 2908 2343 2970 de-

798 3002 967 3076 beat,
1015 3003 1329 3083 quaeritur
1370 3003 1433 3074 in
1473 3004 1809 3084 praesenti,
1854 3004 2001 3085 quid
2038 3003 2116 3065 sit
2147 3003 2341 3066 eidem

794 3098 1299 3177 respondendum.

914 3190 1128 3264 Quoad
1158 3190 1482 3252 Tertiarias
1507 3237 1523 3265 ,
1565 3192 1851 3253 Summus
1897 3190 2175 3254 Pontifex
2222 3194 2342 3254 Leo

792 3283 1073 3346 Decimus
1104 3288 1167 3345 in
1207 3306 1313 3346 sua
1347 3285 1653 3346 Constitut.
1701 3290 1799 3346 22.
1833 3285 2070 3347 Bullar.
2109 3297 2241 3347 tom.
2281 3292 2336 3348 1.

796 3376 1094 3449 decrevit,
1127 3379 1288 3458 quod
1327 3378 1567 3439 eaedem
1598 3378 1990 3461 virginalem,
2020 3388 2127 3441 aut
2156 3380 2338 3442 coeli-

790 3470 931 3533 bem
967 3473 1152 3534 vitam
1198 3472 1548 3552 simpliciter
1575 3474 1844 3534 viventes
1874 3473 2057 3536 etiam
2087 3474 2151 3534 in
2195 3495 2341 3536 con-

792 3568 1294 3649 sanguineorum,
1329 3576 1390 3629 et
1429 3566 1698 3628 affinium
1741 3579 2171 3642 suorum‚.aut
2201 3590 2338 3650 pro-

790 3661 942 3742 priis
963 3661 1263 3734 domibus,
1293 3661 1385 3723 vel
1407 3662 1654 3733 seorsim
1682 3663 2045 3735 habitantes,
2077 3666 2339 3747 gaudere

793 3754 1053 3817 debeant
1092 3755 1372 3816 omnibus
1406 3755 1740 3837 privilegiis
1767 3757 2045 3832 Ordinis,
2087 3766 2149 3820 et
2177 3760 2365 3839 quod*

791 3849 1067 3911 similiter
1088 3848 1251 3911 hisce
1271 3848 1483 3910 iisdem
1503 3849 1836 3933 privileg-iis
1858 3853 2141 3933 fruantur
2168 3852 2332 3929 illae,

788 3960 949 4023 quae
973 3943 1362 4025 collegialiter
1384 3944 1631 4018 vivunt,
1660 3953 1880 4008 etcum
1903 3947 2116 4010 babitu
2140 3951 2337 4030 Regu·

788 4036 905 4098 lari
943 4037 1331 4117 virginalem,
1361 4057 1466 4099 seu
1504 4038 1828 4114 coelibem,
1862 4049 1969 4103 aut
1994 4049 2217 4104 castam
2246 4042 2337 4104 vi·

791 4141 914 4193 tam
944 4132 1334 4211 profitentur,
1375 4132 1465 4194 uti
1507 4132 1815 4215 colligitur
1857 4155 1934 4196 ex
1978 4136 2156 4198 citata
2188 4136 2350 4207 (Σου-Ι

789 4223 1130 4297 stitutione,
1161 4222 1221 4286 e‘t
1247 4224 1648 4287 declaratione
1676 4226 1754 4288 ad
1784 4227 1914 4308 ejus
1939 4228 2182 4289 calcem.

854 4342 859 4351 ‚
906 4317 1266 4397 Supervenit
1291 4318 1649 4380 Constitutio
1677 4320 1737 4380 S.
1772 4321 1861 4381 Pii
1899 4312 2146 4395 Quinti,
2179 4342 2339 4404 quae

786 4419 877 4472 est
900 4422 1099 4473 octava
1130 4415 1194 4471 in
1219 4414 1415 4472 ordine
1443 4413 1680 4474 Bullar.
1727 4424 1859 4475 tom.
1904 4420 1963 4475 2.
2010 4416 2074 4476 in
2104 4435 2227 4497 qua
2254 4417 2340 4479 sic

786 4515 1065 4567 cavetur:
1095 4506 1372 4568 Malia-es
1405 4526 1650 4586 quoque,
1683 4528 1825 4587 quae
1863 4507 2212 4589 Tertius-iae,
2242 4531 2341 4572 seu

787 4601 855 4661 de
876 4603 1222 4681 poenitentia
1244 4602 1545 4672 dicuntur,
1571 4598 1966 4682 cujuscumque
1990 4605 2208 4680 suerint
2228 4603 2340 4664 Or-

786 4693 939 4753 dinis
969 4696 1031 4752 in
1061 4691 1503 4772 Conqreqatione
1546 4697 1817 4769 virentes,
1847 4698 1909 4755 si.
1935 4707 1999 4756 et.
2023 4699 2180 4775 ipsae
2198 4716 2338 4776 pro-

782 4787 958 4863 fessae
984 4788 1197 4863 fuerint
1213 4831 1232 4859 ,
1257 4788 1409 4847 itaut
1432 4789 1670 4847 solemne
1696 4798 1886 4848 votum
1914 4792 2234 4865 emiserint,
2262 4793 2339 4853 ad

784 4882 1112 4941 clausuram
1134 4883 1412 4962 praecise,
1442 4893 1510 4941 ut
1533 4884 1926 4961 praemittitur
1944 4930 1961 4954 ,
1992 4895 2043 4944 et
2073 4887 2228 4964 ipsae
2256 4897 2336 4946 te-

783 4983 1065 5042 neantur,·
1100 4974 1248 5052 quod
1273 4975 1326 5032 si
1366 4984 1556 5033 votum
1592 4977 1831 5036 solemne
1870 4992 1986 5036 non
2017 4980 2335 5051 emiserint,

789 5064 1097 5128 ordinarii
1131 5086 1249 5127 una
1291 5086 1417 5126 cum
1446 5065 1850 5147 Superioribus
1877 5089 2077 5131 earum
2110 5071 2334 5132 horten-

784 5172 939 5232 tur,⁴
963 5171 1013 5221 et
1045 5161 1379 5240 persuadere
1417 5162 1712 5235 studeant,
1741 5172 1807 5224 ut
1848 5165 2001 5243 illud
2030 5167 2290 5227 emittant
2304 5190 2333 5240 2,

780 5265 837 5316 et
860 5254 1267 5334 profiteantun,
1298 5274 1368 5315 ac
1388 5264 1513 5335 post
1558 5259 1899 5318 emissionem
1915 5306 1932 5329 ,
1964 5268 2015 5319 et
2047 5259 2339 5338 professio-

781 5367 908 5408 nem
935 5348 1109 5408 eidem
1146 5348 1446 5409 clausurae
1471 5368 1531 5408 se
1552 5349 1889 5428 subjiciant,
1923 5351 2073 5430 quod
2097 5354 2151 5412 si
2177 5371 2332 5413 recu·

781 5444 1063 5515 severint,
1091 5450 1143 5502 et
1168 5442 1399 5523 aliquae
1436 5461 1518 5504 eat
1536 5446 1613 5504 eis
1636 5446 1894 5508 inventae
1918 5446 2135 5524 fuerint
2164 5466 2329 5510 scan-

1964 495 2410 564 QUAEsTtONEs
2448 494 2806 549 CANOMCAE

2458 648 2644 709 dolose
2692 647 2875 707 vicen
2904 690 2921 714 ,
2972 641 3304 723 severissime
3350 640 3696 720 puniantur.
3750 632 4000 698 Caeteris

2457 750 2645 802 autem
2669 739 2923 800 omnibus
2947 738 3029 797 sic
3058 736 3262 815 absque
3304 736 3587 795 emissione
3613 730 3997 812 professionis,

2456 845 2510 894 et
2549 836 2822 895 clausura
2862 833 3043 892 vivere
3079 831 3306 889 omnino
3336 827 3676 896 volentibus,
3706 822 4001 884 interdici-

2456 949 2610 998 mus,
2640 940 2692 989 et
2730 936 2993 1008 perpetuo
3016 925 3414 1006 prohibemus,
3432 941 3501 981 ne
3539 921 3602 978 in
3627 919 3889 997 futurum
3912 914 4003 975 ul·

2460 1023 2573 1082 lam
2593 1023 2772 1083 aliam
2787 1038 3020 1100 prorsus
3040 1018 3103 1077 in
3121 1035 3289 1076 suum
3312 1014 3606 1085 Ordine-m,
3634 1010 3997 1088 Religionem

2458 1115 3017 1194 Conyreqationemve
3047 1112 3347 1191 recipiant.
3387 1106 3553 1183 Quod
3575 1108 3627 1167 si
3665 1114 3866 1166 contra
3890 1101 4001 1161 ltu-

2448 1210 2695 1287 jusmodi
2722 1210 2866 1269 hanc
2886 1214 3138 1289 nostram
3159 1203 3590 1284 prohibitionem
3608 1247 3625 1270 ,
3650 1209 3700 1259 et
3722 1197 4002 1259 decretum

2455 1306 2604 1365 alias
2631 1304 2970 1383 receperint,
3001 1319 3093 1361 eas
3121 1299 3198 1360 acl
3222 1299 3305 1359 sic
3332 1296 3629 1358 vivendum
3652 1293 3877 1354 mnnino
3902 1291 4001 1350 in-

2456 1399 2666 1459 habiles
2695 1397 2981 1458 reddimus
3008 1405 3112 1456 etc,
3139 1391 3143 1398 ’
3678 1429 3681 1434 -

2572 1491 2764 1571 Super
2817 1489 2932 1564 hac
2973 1485 3412 1550 Constitutione
3442 1482 3633 1545 Piana
3672 1476 3998 1542 nonnullae

2453 1589 2813 1647 emanarunt
2838 1582 3089 1664 hujusce
3128 1578 3347 1641 Sacrae
3371 1576 3725 1656 congregat.
3775 1570 3998 1634 resolu-

2457 1684 2676 1756 tiones3
2708 1679 3041 1744 resolutum
3067 1675 3293 1739 etenim
3319 1671 3470 1743 fuit,
3500 1666 4002 1732 Constitutieuem

2456 1776 2788 1849 restrictam
2813 1792 2962 1836 esse
2998 1772 3076 1834 ad
3117 1768 3481 1840 Tertiarias,
3527 1769 3686 1845 quae
3726 1761 3790 1822 in
3838 1763 3999 1822 eom-

2455 1869 2660 1943 muni,
2685 1878 2746 1931 et
2765 1869 2829 1929 in
2855 1864 3326 1948 Congregatione
3347 1860 3563 1923 vivunt
3579 1865 3682 1932 ,et
3703 1856 3857 1919 alias
3878 1872 3999 1916 non

2453 1962 2957 2046 comprehendere
2975 1959 3316 2022 habitantes
3334 1955 3399 2017 in
3416 1952 3697 2016 domibus
3713 1947 3995 2032 propriis,

2450 2057 2547 2120 vel
2601 2055 3186 2137 consanguineorum
3217 2096 3234 2125 ,
3288 2056 3350 2111 et
3396 2055 3605 2111 votum
3660 2044 3999 2107 emittentes

2453 2149 2931 2233 virginalis,'aut
2956 2144 3234 2219 coelibis,
3259 2143 3356 2207 vel
3385 2150 3580 2205 castae
3597 2139 3758 2202 vitae
3785 2136 3999 2200 vidua-

2452 2244 2559 2319 lis,
2601 2244 2691 2306 uti
2734 2243 2995 2305 habetur
3029 2240 3194 2322 ,apud
3233 2238 3492 2316 Faqnan.
3534 2237 3598 2296 in
3632 2253 3757 2314 cap.
3802 2232 4000 2293 nullus

2452 2359 2609 2399 num.
2643 2343 2741 2399 66.
2773 2347 2825 2399 et
2851 2337 3063 2405 duobus
3081 2354 3236 2413 rseqq.
3271 2333 3336 2392 de
3362 2333 3483 2410 soro
3510 2329 3856 2409 competenti.

2571 2431 2706 2493 Alia
2764 2448 2976 2493 rursus
3024 2433 3384 2490 emanarunt
3439 2423 3673 2483 decreta
3698 2465 3717 2495 ,
3775 2417 3999 2499 quibus

2451 2526 2633 2589 etiam
2652 2523 2925 2586 adhaesit
2941 2522 3122 2584 Sacra
3134 2516 3528 2600 Congregatio
3543 2514 3995 2596 Episcoporum,

2451 2630 2512 2684 et
2536 2619 2928 2702 Regularium
2950 2662 2968 2691 ,
3003 2625 3063 2688 et
3105 2614 3169 2676 in
3198 2613 3333 2674 illis
3362 2619 3651 2672 statutum
3678 2607 3796 2669 fuit
3816 2622 3857 2678 ,ἢ
3876 2623 3999 2667 non

2456 2733 2625 2795 posse
2675 2710 3001 2792 Regulares
3040 2708 3316 2787 excipere
3351 2703 3760 2766 Confessiones
3785 2699 3998 2761 Sacra-

2453 2803 3090 2868 mentales-Mulierum
3112 2800 3297 2862 Tertii
3322 2797 3600 2869 Ordinis»,
3622 2795 3739 2857 nisi
3766 2792 3996 2857 fuerint

2454 2903 2534 2962 ab
2576 2898 2902 2960 Ordinario
2948 2892 3263 2975 approbati
3301 2910 3412 2972 pro
3451 2887 3818 2970 excipiendis
3842 2887 3999 2949 Con-

2449 2994 2810 3057 fessionibus
2848 2988 3279 3060 saecularium,
3317 2995 3378 3047 et
3405 2983 3758 3064 Superiores
3796 2983 3997 3063 Regu-

2454 3090 2609 3152 lares
2649 3088 2940 3149 habentes
2980 3082 3324 3146 facultatem
3366 3099 3402 3140 a
3432 3079 3586 3140 Sede
3613 3075 3992 3158 Apostolica‚

2451 3204 2620 3266 posse
2665 3179 3184 3244 libereMulieres
3227 3176 3545 3239 admittere
3585 3173 3662 3235 ad
3699 3171 3996 3234 Habitum

2451 3278 2884 3341 Tertiariarum
2914 3321 2930 3350 ,
2982 3272 3306 3359 dummodo
3345 3269 3468 3331 sint
3506 3267 3684 3341 bonis*
3726 3265 3997 3328 moribus

2453 3371 2792 3453 praeditae,
2821 3379 2880 3431 et
2916 3366 3271 3429 constitutae
3298 3362 3511 3425 saltem
3549 3360 3615 3421 in
3653 3366 3846 3421 aetate
3883 3377 3997 3420 an-

2449 3478 2668 3528 norum
2689 3461 3092 3545 quadraginta
3110 3505 3126 3534 ,
3156 3469 3216 3521 et
3237 3459 3300 3519 in
3331 3456 3451 3518 fine
3472 3454 3767 3517 dictorum
3785 3452 3997 3515 decre·

2450 3571 2650 3623 torum
2677 3559 2936 3619 habetur
2964 3555 3114 3617 haec
3152 3552 3422 3615 clausula
3439 3596 3455 3624 ,
3499 3548 3840 3628 supradictis
3866 3566 3996 3609 vero

2448 3656 2677 3717 decretis
2702 3652 2979 3715 Mulieres
3010 3646 3189 3709 Tertii
3221 3645 3459 3707 Ordinis
3475 3691 3492 3714 ,
3518 3660 3661 3721 quae
3686 3642 3995 3720 colleqiali-

2448 3759 2533 3810 ter
2553 3751 2750 3812 tticum
2766 3791 2785 3820 ,
2812 3764 2926 3806 non
2945 3740 3360 3822 comprehendi,
3386 3738 3696 3817 quinimmo
3722 3753 3813 3799 eas
3840 3732 3995 3796 Con-

2445 3843 2757 3904 stitutionis
2797 3839 3150 3919 dispositioni
3178 3834 3289 3917 Pii
3318 3831 3527 3913 Quinti
3562 3830 3743 3890 editae
3785 3828 3994 3889 Romae

2445 3948 2597 4000 anno
2628 3939 2802 3996 1566.
2828 3952 2972 4012 quae
3003 3932 3239 4009 incipit,
3270 3927 3427 3988 Cura
3454 3922 3804 3996 Pastoralis,
3832 3925 3995 4003 peni-

2449 4045 2540 4093 tus
2565 4032 2877 4109 subjacere,
2907 4038 2959 4088 et
2993 4044 3244 4104 expresse
3277 4023 3602 4091 declarant,
3629 4039 3743 4079 non
3768 4020 3996 4080 obstan-

2446 4129 2594 4189 tibus
2617 4135 2718 4207 etc.
2748 4122 2840 4184 uti
2867 4121 3126 4193 habetur
3144 4118 3299 4198 apud
3324 4115 3615 4177 Nicolium
3637 4117 3703 4174 in
3720 4112 3772 4174 F
3771 4113 3994 4175 losculis

2443 4224 2508 4282 in
2535 4221 2695 4281 verbo
2724 4217 2775 4278 T
2770 4217 3069 4284 ertiariac,
3116 4212 3270 4292 apud
3296 4207 3993 4275 Lantuscamin.1'heatro

2443 4315 2645 4393 Requ‘l.
2678 4314 2754 4374 ad
2776 4313 2923 4372 idem
2957 4310 3215 4380 verbum,
3240 4306 3393 4385 apud
3421 4304 3631 4365 Donat.
3665 4322 3859 4365 rerum
3877 4301 3990 4364 tta-

2442 4412 2566 4488 9ul.
2591 4421 2724 4468 tom.
2747 4411 2818 4480 2.ν
2833 4414 3000 4465 tract.
3029 4407 3123 4463 17.
3145 4410 3360 4480 quaest.
3386 4403 3445 4459 3.
3468 4402 3750 4458 num..21.'
3767 4406 3819 4457 et
3837 4414 3986 4476 seqq.

2445 4514 2495 4563 et
2538 4501 2692 4581 apud
2726 4497 3083 4560 Matthaeuc.
3128 4497 3194 4552 in
3226 4490 3472 4571 officiat.
3519 4488 3734 4552 Curiae
3771 4489 3986 4551 Eccles.

2444 4616 2571 4675 cap.
2601 4599 2700 4657 52.
2732 4611 2891 4653 num.
2926 4596 2987 4651 3.
3019 4598 3070 4650 et
3097 4607 3209 4667 seq.
3247 4597 3299 4647 et
3325 4587 3479 4667 apud
3520 4585 3834 4665 Piqnatell.
3866 4602 3991 4646 con-

2447 4693 2582 4751 sult.
2616 4692 2713 4749 34.
2742 4705 2902 4747 num.
2936 4689 3035 4744 29.
3071 4693 3201 4755 tom.
3234 4685 3293 4742 3.

2565 4783 2857 4862 Idemque
2887 4777 3241 4840 Matthaeuc.
3288 4792 3447 4835 num.
3494 4778 3554 4834 6.
3587 4772 3823 4845 subdit,
3857 4790 3989 4833 con-

2447 4878 2718 4938 troversia
2758 4885 2838 4936 est
2875 4875 2942 4932 de
2988 4869 3335 4934 Mulieribus
3367 4866 3701 4939 Tertiariis,
3742 4883 3886 4945 quae
3922 4867 3992 4926 in

2448 4970 2889 5050 Conqreqatione
2907 5010 2908 5015 η
2926 4977 3096 5027 extra
3132 4964 3460 5025 clausuram
3505 4962 3722 5021 vivunt.
3755 4956 3872 5019 Sed
3903 4977 3990 5020 re-

2372 5078 2378 5084 “
2444 5067 2715 5134 solvitur,
2742 5082 2833 5124 eas
2859 5060 3120 5138 alleqatis
3144 5057 3462 5139 privileqiis
3485 5074 3597 5114 non
3620 5053 3826 5133 potiri,
3849 5071 3989 5115 natu

2223 5609 2242 5621 ⁸
2339 5646 2407 5713 «a

2442 5163 2509 5219 in
2534 5161 2746 5221 decreto
2765 5157 3173 5232 relinquuntur
3196 5151 3297 5210 sub
3324 5148 3677 5228 dispositione
3702 5144 3991 5208 Constitu·

2445 5256 2615 5315 tionis
2648 5252 2751 5314 Pii
2779 5249 3017 5325 Quinti,
3049 5264 3295 5325 quarum
3329 5242 3720 5323 professiones,
3749 5251 3802 5301 et
3838 5260 3987 5302 rece·-

2439 5351 2659 5430 ptiones
2685 5345 2900 5407 Beatus
2926 5341 3201 5418 Pontifeoe
3235 5340 3466 5408 irritat,
3494 5345 3546 5395 et
3571 5337 3864 5397 annullat.
3899 5333 3986 5395 Et

2445 5446 2582 5506 tales
2607 5444 2706 5504 hoc
2739 5452 2977 5519 tempore
3002 5454 3154 5518 posse
3178 5431 3493 5515 prohiberi,
3521 5448 3590 5491 ne
3634 5430 3702 5490 in
3739 5447 3986 5490 commu-
