4393 6299
932 448 1050 502 ao·

763 608 952 693 monio
968 603 1185 665 -Vitrioi
1209 622 1323 669 non
1340 612 1611 683 oportere,
1637 603 1737 663 boc
1764 604 1913 666 enirn
1932 623 2047 663 non
2068 621 2189 665 cant
2213 621 2313 663 ra·

766 704 970 760 tionem
981 700 1169 772 habet,
1191 698 1340 778 qnod
1364 698 1557 776 affines
1578 707 1738 770 sunt,
1756 698 1850 758 scd
1865 697 2013 776 qnod
2036 698 2314 770 honestas,

1905 449 2351 516 QUAESTtomsss
2386 448 2744 502 CANONICAE

2427 603 2668 682 ferendis
2686 602 2844 682 sequi
2859 602 3173 682 opinionem
3184 600 3526 683 probabilem
3551 602 3618 662 de
3642 602 3834 662 valore
3855 600 3973 663 Sa·-

2424 700 2721 772 cramenti,
2756 700 2958 759 relicta
2987 700 3223 768 tutiore,
3270 699 3388 758 nisi
3415 698 3478 757 id
3526 706 3665 757 vetet
3694 698 3811 766 leat,
3840 714 3974 758 con-

763 807 816 855 st
841 795 1026 874 pudor
1046 793 1335 854 naturalis
1354 811 1469 852 non
1490 793 1753 872 patiatur
1779 811 1992 853 mecum
2018 792 2317 853 matrimo-
2423 796 2629 864 contio,
2666 804 2768 855 aut
2790 794 3109 874 pericnlum
3135 795 3328 872 qracis
3357 793 3556 853 damni
3597 793 3968 852 incurrendi.

760 889 1042 968 niojnnqi
1073 886 1322 949 Umorem
1340 888 1482 965 ejus,
1512 889 1616 967 qui
1640 887 1784 948 aiibi
1804 888 2120 967 aliqnando
2133 888 2315 969 tilius,

758 1002 861 1045 aen
891 984 1006 1043 loco
1038 982 1154 1064 filii
1193 982 1306 1060 [nit
1356 991 1589 1063 propter
1608 981 1887 1055 Matrem,
1919 1002 2091 1062 qnam
2116 984 2182 1042 in
2202 1002 2322 1043 ma-

766 1078 1032 1137 trimonio
1056 1076 1269 1137 habui.

884 1169 1118 1246 Quarto
1140 1168 1287 1249 quia
1301 1167 1463 1231 inter
1483 1176 1721 1232 caetera
1743 1168 2221 1250 impedimenta
2203 1189 2320 1231 tm-

764 1263 1065 1345 pedientia
1083 1308 1099 1335 ,
1152 1273 1214 1323 et
1239 1262 1593 1325 dirimentia
1644 1263 2102 1326 matrimonium
2151 1264 2322 1327 adest

764 1356 1042 1438 cognatio
1062 1356 1271 1438 legalis
1282 1366 1489 1420 ortum
1511 1354 1736 1420 ducens
1756 1359 1836 1420 ab
1856 1359 2200 1440 adoptione,
2226 1358 2321 1422 vel

763 1452 1172 1533 arrogatione.
1216 1452 1359 1513 Fuit
1400 1453 1518 1514 hoc
1568 1452 2073 1533 impedimentum
2134 1462 2321 1516 statu-

762 1556 891 1608 tum
915 1566 951 1608 a
970 1545 1448 1609 NicolaoPrimo
1466 1551 1532 1609 in
1547 1568 1598 1609 c.
1614 1549 1703 1610 ita
1714 1550 2067 1631 diliget-eat).
2095 1559 2314 1628 quaest.

764 1646 822 1703 3.
854 1653 905 1703 et
943 1644 1012 1701 in
1039 1661 1168 1722 cap.
1208 1646 1265 1701 t.
1297 1642 1364 1702 dc
1403 1645 1757 1721 conflatione·
1788 1644 1983 1722 legali,
2044 1643 2321 1723 adeoque

760 1738 909 1799 clar.
940 1755 1106 1796 meni.
1146 1734 1485 1797 cardinalis
1506 1737 1572 1797 dc
1600 1736 1867 1798 Lauraca
1885 1738 2098 1817 disput.
2124 1741 2225 1798 29.
2240 1738 2319 1797 dc

715 1864 721 1871 ·
763 1833 1020 1890 nmtrim.
1051 1851 1212 1890 num.
1252 1833 1353 1891 43.
1388 1830 1596 1893 relatis
1618 1830 1846 1893 Nicolai
1882 1830 2068 1892 Primi
2116 1831 2321 1893 verbis

760 1925 986 2006 inquit:
1019 1924 1300 1988 Nicolaum
1324 1972 1340 1995 .
1388 1936 1455 1984 nt
1485 1926 1668 1996 vides,
1698 1946 1798 2005 per
1824 1928 2002 1986 solam
2033 1927 2316 2005 approba-

763 2023 970 2080 tionem
988 2019 1158 2081 Jnris
1188 2017 1394 2093 Cicilia
1425 2023 1725 2082 statuentis
1745 2023 2094 2099 cognationis
2120 2023 2317 2099 teqntis

760 2117 1253 2195 impedimentum,
1297 2115 1453 2175 illud
1489 2116 1712 2175 inducit
1740 2117 1805 2173 in
1859 2113 2142 2176 Ecclesia.
2198 2114 2317 2177 Ncc

756 2211 915 2270 nllus
959 2211 1114 2270 alias
1156 2209 1394 2282 Canen,
1434 2219 1538 2270 ant
1588 2212 1926 2290 rescriptum
1962 2210 2317 2291 pontificium

755 2315 925 2364 antea
944 2303 1104 2364 deco
1143 2304 1434 2382 loquitar,
1475 2303 1576 2385 sed
1601 2305 1937 2383 approbatio
1962 2302 2202 2364 Nicolai
2249 2306 2314 2363 in

746 2406 1020 2479 perpetua
1043 2397 1446 2461 wnsnetndine
1471 2396 1758 2459 Ecclesiae
1779 2398 1915 2475 fait.
1940 2397 2071 2459 Hoc
2091 2417 2312 2479 cogna-

755 2490 938 2553 tionis
959 2490 1171 2572 legalis
1198 2492 1697 2571 impedimentum
1722 2493 1882 2554 inter
1901 2493 2143 2554 Fratres
2164 2494 2312 2553 ado-

756 2586 953 2665 ptivos
980 2585 1210 2647 tamdiu
1250 2584 1477 2657 durat,
1512 2586 1809 2666 quamdiu
1833 2595 2151 2649 remanent
2192 2587 2311 2648 snb
2339 2602 2344 2605 ’

755 2678 1021 2760 ejusdem
1053 2679 1243 2758 patris
1262 2685 1579 2758 potestate,
1601 2680 1765 2747 etsie
1783 2688 1992 2752 cessat,
2030 2680 2081 2741 si
2115 2682 2315 2759 patria

759 2779 1023 2851 potestas
1039 2790 1147 2849 per
1167 2780 1424 2833 mortem
1458 2772 1681 2845 Patris,
1713 2781 1821 2835 aut
1841 2793 1947 2854 per
1966 2760 2311 2854 emancipa-

759 2863 987 2925 tionem
1017 2865 1094 2925 de
1120 2865 1336 2929 „medio
1360 2865 1632 2939 tollatur,
1659 2867 1748 2928 uti
1782 2866 2043 2929 habetur
2073 2870 2138 2927 in
2164 2870 2312 2930 alle·

753 2968 887 3037 qato
905 2978 1031 3038 cap.
1076 2958 1347 3020 Unicodc
1390 2958 1746 3039 Cepnationc
1791 2963 2000 3041 locali,-
2047 2981 2311 3043 cumque

757 3052 1258 3133 impedimentum
1307 3054 1682 3136 cognationis
1733 3054 1945 3136 legalis
1978 3056 2310 3120 intercedat

757 3147 917 3210 inter
950 3148 1374 3229 adoptantem,
1417 3162 1479 3212 et
1504 3149 1859 3233 adoptatum
1884 3195 1902 3225 ,
1932 3159 1994 3214 et
2042 3152 2304 3214 Uxorem

755 3241 1059 3322 adoptati,
1105 3241 1240 3304 licet
1289 3243 1609 3324 adoptatus
1655 3254 1934 3306 mortuus
1978 3244 2089 3317 sit,
2122 3245 2310 3326 idque

755 3354 876 3398 uon
904 3334 1110 3410 solum
1136 3336 1230 3398 ‘de
1257 3336 1407 3397 «lure
1442 3337 1648 3407 Civili,
1686 3338 1776 3399 uti
1825 3337 2081 3400 habetur
2116 3341 2182 3399 in
2232 3339 2304 3401 L.

753 3429 1050 3509 adoptivus
1070 3429 1133 3510 ff.
1161 3429 1226 3491 dc
1252 3431 1397 3491 Ritu
1443 3430 1847 3512 Nuptiarum,
1893 3432 1995 3494 sed
2024 3432 2209 3495 etiam
2231 3434 2307 3496 de

753 3524 901 3585 Jure
924 3522 1275 3594 canonico„
1301 3534 1371 3586 ut
1394 3524 1516 3588 late
1540 3526 1756 3589 docent
1782 3527 2120 3604 Gotosrcdns
2132 3530 2212 3589 ad
2231 3531 2307 3589 ti·

755 3621 944 3678 tulum
979 3617 1359 3679 Decretaliwn
1398 3621 1466 3680 dc
1509 3619 1752 3703 coquat.
1794 3620 1997 3702 Leqali
2044 3641 2207 3684 num.
2239 3627 2314 3694 4.

759 3711 1033 3791 Pirbinq.
1072 3714 1402 3774 adeundem
1430 3715 1750 3798 titulans.
1784 3721 1843 3777 3.
1869 3737 2030 3778 mm.
2058 3724 2116 3778 7.
2151 3719 2308 3780 Ana·

752 3807 881 3867 clet.
908 3809 983 3866 ad
1006 3807 1239 3867 eundem
1259 3812 1481 3888 pariter
1508 3811 1745 3870 titulant
1765 3831 1926 3871 num.
1956 3816 2055 3884 9.,
2090 3810 2305 3873 Cardi-

750 3903 903 3966 natis
940 3900 1164 3961 Toletas
1196 3904 1463 3963 instruct.
1497 3901 1795 3966 Sacerdot.
1842 3906 1941 3966 lib.
1982 3911 2042 3967 7.
2074 3925 2201 3987 cap.
2234 3910 2296 3968 4.

750 4014 910 4055 num.
937 3999 995 4055 7.
1019 4006 1073 4055 et
1088 3997 1354 4076 pluribus
1372 4015 1561 4077 seqq„
1585 3997 1922 4061 cardinalis
1946 4001 2013 4060 de
2033 3998 2304 4063 Lanraca

750 4088 965 4167 disput.
1021 4092 1122 4148 29.
1160 4090 1227 4149 de
1271 4092 1530 4150 matrim.
1567 4110 1728 4151 nuni.
1780 4095 1881 4154 44.
1934 4103 1987 4154 ct
2034 4095 2303 4174 pluribus

746 4201 936 4260 seqq„
982 4180 1254 4244 Clu-icat.
1284 4184 1351 4243 in
1377 4184 1544 4245 decit.
1577 4186 1644 4246 dc
1685 4183 2065 4266 Sacramenta
2089 4191 2299 4250 matri·

748 4279 930 4339 atomi
950 4278 1119 4338 decis.
1152 4281 1252 4338 24.
1282 4298 1444 4340 nam.
1470 4283 1571 4340 29.
1600 4280 1864 4343 infertur
1894 4282 2053 4345 idem
2092 4283 2300 4346 dicen·

747 4371 894 4433 dum
943 4389 1106 4441 esse,
1144 4369 1263 4432 hoc
1315 4379 1404 4432 est
1438 4372 1892 4436 matrimonium
1951 4376 2298 4439 nullatenus

747 4463 1023 4527 contrahi
1058 4482 1229 4543 pesse
1257 4463 1418 4526 inter
1443 4465 1773 4542 vitricum,
1795 4479 1857 4531 et
1881 4471 2139 4533 Uxorem
2162 4472 2298 4533 Pri-

748 4559 951 4640 vigni,
982 4578 1123 4620 cum
1158 4558 1489 4622 honestatis
1517 4562 1675 4623 ratio
1723 4563 2097 4627 intercedens
2136 4567 2297 4630 inter

746 4653 1158 4733 adoptantem,
1190 4664 1250 4715 et
1295 4655 1558 4718 Uxorem
1583 4657 1847 4737 adoptati
1867 4703 1884 4730 ,
1904 4681 1909 4686 ·
1932 4661 2209 4740 aequali,
2242 4663 2292 4723 si

747 4767 868 4808 non
907 4749 1125 4829 potiori
1153 4750 1303 4811 Jure
1329 4749 1660 4834 intercedat
1680 4750 1838 4813 inter
1869 4752 2204 4829 vitricum,
2235 4764 2298 4818 et

751 4842 1012 4906 Uxorem
1043 4843 1341 4924 Privigni.

868 4937 1096 4998 Ultimo
1125 4936 1391 5008 tandem,
1426 4936 1614 4998 tutior
1636 4947 1726 4999 est
1745 4938 1974 5019 opini0,
2003 4959 2164 5021 quae
2183 4942 2297 5004 ad-

746 5032 927 5093 struit
969 5029 1430 5093 matrimonium
1463 5031 1738 5094 contrahi
1772 5052 1892 5094 non
1936 5053 2108 5115 posse
2134 5035 2296 5099 inter

746 5124 1074 5198 vitricum,
1116 5135 1177 5187 et
1205 5125 1467 5186 Uxorem
1517 5125 1816 5209 Privigni,
1845 5129 2128 5209 quocirca
2174 5131 2295 5195 sibi

744 5220 1010 5281 vindicat
1035 5219 1233 5282 locum
1271 5218 1470 5301 prima
1493 5222 1821 5303 propositio
1848 5222 2007 5286 inter
2040 5226 2296 5291 damna-

747 5322 838 5374 tas
858 5314 978 5374 38.
1020 5334 1213 5394 ¹mem.
1260 5315 1613 5378 Innocentio
1647 5316 1760 5378 XI.
1796 5317 1888 5377 die
1921 5323 2019 5380 20.
2077 5321 2297 5384 Martii

753 5412 928 5468 1579.
954 5408 1035 5468 ibi
1065 5428 1085 5466 .·
1111 5428 1228 5468 non
1259 5419 1336 5469 est
1360 5409 1636 5471 illicitum
1658 5413 1726 5471 in
1748 5409 2137 5476 Sacramentis
2159 5436 2293 5477 con-

2426 886 2587 949 Hinc
2604 891 2879 950 sententia
2904 889 3190 968 probabili
3222 897 3445 949 tantum
3466 888 3736 947 utendum
3765 900 3877 946 non
3895 897 3975 948 est

2425 986 2490 1043 in
2510 985 2807 1045 collatione
2824 981 3136 1064 Baptismi‚
3170 980 3411 1043 Ordinis
3432 979 3838 1055 Sacerdotalis,
3868 992 3973 1044 ant

2428 1077 2808 1158 Episcopalia.

2545 1171 2710 1234 Haec
2735 1177 2876 1253 sunt
2905 1189 3066 1251 quae
3092 1178 3302 1232 contra
3348 1167 3720 1231 validitatem
3766 1168 3973 1232 matri-

2429 1265 2617 1327 monii
2649 1263 2968 1346 ponderari
3015 1272 3291 1345 possunt.
3346 1261 3739 1324 Transeundo
3767 1272 3970 1325 autem

2429 1361 2506 1423 ad
2532 1380 2635 1445 ea,
2675 1378 2835 1441 quae
2869 1358 3167 1420 validitati
3221 1357 3543 1429 assistunt,
3598 1364 3828 1417 certum
3855 1366 3968 1427 est,

2427 1456 2589 1538 quod
2642 1455 2719 1516 de
2746 1456 2887 1536 jure
2934 1452 3187 1533 antiquo
3241 1450 3461 1532 triplex
3509 1459 3641 1512 erat
3664 1450 3976 1514 affinitatis

2428 1568 2640 1632 genus,
2669 1548 2755 1610 uti
2790 1546 3097 1628 colligitur
3124 1565 3200 1606 cx
3244 1544 3476 1608 Canens
3504 1546 3569 1605 dc
3597 1546 3930 1625 propinquis
3953 1593 3971 1617 ,

2426 1656 2481 1707 et
2505 1644 2837 1706 eoe-Canone
2862 1642 3047 1704 Porro
3068 1646 3168 1702 35.
3200 1651 3417 1722 quaest.
3443 1647 3500 1702 3.
3525 1651 3589 1702 et
3610 1644 3763 1702 hene
3781 1641 3973 1703 adno-

2421 1740 2577 1809 tavit
2606 1740 2817 1801 Petrus
2849 1736 3146 1799 Blesensis
3171 1735 3422 1816 epistola
3466 1740 3600 1796 115.
3659 1734 3744 1796 ibi
3776 1753 3794 1795 ι
3824 1737 3974 1798 inco·

2423 1832 2668 1897 ninantur
2688 1831 2965 1901 Canoncs,
2994 1850 3069 1892 ea:
3089 1850 3332 1909 quorum
3357 1832 3735 1909 intelligentia
3758 1832 3977 1910 triplex

2424 1929 2721 2008 affinitatis
2746 1948 2924 2007 penus
2937 1975 2952 1997 ,
3004 1938 3054 1987 ct
3078 1930 3144 1985 in
3167 1928 3245 1985 eis
3272 1927 3620 1987 diva-amam
3648 1927 3971 1988 distinctio·

2419 2042 2556 2082 nem·
2586 2023 2869 2100 yradanm
2914 2022 3204 2087 industria
3259 2020 3554 2081 scholaris
3611 2022 3961 2100 explicavit.

2422 2114 2573 2177 Cum
2601 2124 2802 2176 autem
2837 2112 3223 2175 lnnocentius
3251 2113 3416 2193 Papa
3443 2114 3558 2174 111.
3590 2112 3654 2174 in
3682 2112 3970 2179 Generali.

2421 2209 2689 2272 Concilio
2735 2208 3149 2282 Lateranensi,
3184 2207 3548 2281 secundum,
3606 2214 3668 2269 et
3721 2207 3969 2269 tertium

2418 2303 2729 2367 affinitatis
2771 2321 2962 2386 genus
3001 2301 3377 2364 revocaverit
3398 2346 3417 2375 ,
3450 2307 3512 2363 et
3540 2300 3877 2363 decreverit
3898 2320 3969 2367 ea

2419 2396 2618 2461 solum
2642 2395 3029 2460 matrimonia
3051 2414 3179 2458 esse
3198 2394 3393 2466 nulla,
3415 2413 3576 2477 qnae
3587 2393 3970 2457 contrahun-

2420 2499 2523 2554 tur
2550 2492 2613 2554 in
2651 2491 2853 2573 primo
2882 2508 3103 2573 genere
3132 2489 3441 2553 affinitatis
3469 2508 3663 2571 usque
3682 2489 3760 2551 ad
3785 2507 3972 2569 qnar-

2418 2593 2548 2648 tum
2576 2586 2859 2664 gradum,
2882 2585 2970 2646 uti
2994 2583 3310 2661 litet-aliter
3335 2583 3598 2644 habetur
3618 2581 3682 2643 in
3707 2581 3968 2664 allegato

2416 2683 2671 2760 capituto
2690 2701 2804 2741 non
2819 2681 2971 2740 debet
2994 2681 3060 2740 dc
3076 2697 3341 2757 comana.
3358 2692 3409 2739 ct
3437 2678 3643 2757 affinit.
3662 2699 3687 2745 ,·
3707 2696 3974 2757 cumque

2418 2773 2709 2844 Vitricus,
2756 2782 2815 2836 et
2845 2792 2998 2835 uxor
3027 2771 3302 2852 Privigni
3335 2771 3398 2834 in
3428 2770 3693 2833 oecundo
3717 2770 3840 2833 sint
3869 2771 3964 2833 af-

2415 2868 2672 2931 finitatis
2691 2888 2913 2951 genere
2938 2858 3275 2938 constituti,
3306 2874 3373 2928 nt
3398 2864 3561 2928 int'ra
3578 2864 3962 2929 demonstra·

2416 2962 2608 3039 bitur,
2640 2963 2902 3026 infertur
2933 2961 3388 3024 matrimonium
3424 2960 3586 3023 inter
3625 2959 3964 3033 vitricum,

2414 3066 2477 3121 et
2498 3059 2757 3120 Uxorem
2778 3056 3049 3140 Privigni
3072 3054 3350 3142 contrahi
3374 3072 3578 3135 posset
3602 3052 3970 3135 exclusoque

2416 3155 2496 3217 ab
2530 3155 2645 3216 hoc
2691 3154 3080 3217 matrimonio
3132 3149 3565 3231 impedimento
3610 3147 3921 3211 affinitatis
3944 3195 3963 3223 ,

2415 3249 2729 3312 exclusum
2755 3249 2954 3310 etiam,
2973 3247 3091 3310 dici
3116 3247 3292 3309 debet
3315 3244 3815 3324 impedimentum
3850 3263 3965 3325 pn-

2417 3344 2610 3406 blicae
2631 3343 2982 3412 honestatis,
3013 3342 3185 3405 sicuti
3220 3340 3513 3422 ponderat
3544 3336 3727 3399 Gloss.
3775 3340 3840 3396 in
3869 3340 3962 3399 at-

2418 3439 2599 3518 lcqato
2644 3440 2897 3518 capitulo
2940 3456 3055 3496 non
3082 3437 3233 3498 debet
3264 3436 3327 3494 in
3351 3434 3512 3493 verbo
3530 3435 3596 3491 in
3620 3431 3878 3505 secundo,
3908 3441 3964 3492 et

2416 3535 2583 3593 tertio
2623 3533 2714 3590 tit.
2739 3531 2804 3590 dc
2826 3529 3110 3609 Consanq.
3138 3541 3190 3590 ct
3217 3528 3422 3607 affinit.
3456 3524 3540 3585 ibi
3565 3542 3586 3583 .·
3613 3532 3787 3603 potest
3815 3525 3956 3600 dici,

2411 3627 2560 3707 qnod
2580 3627 2680 3685 ubi
2696 3627 2926 3706 publica
2940 3626 3194 3685 honam
3219 3623 3392 3682 simul
3411 3620 3613 3680 incidit
3636 3620 3702 3678 in
3730 3620 3966 3680 eandem

2411 3739 2604 3782 casnm
2651 3739 2779 3780 cum
2835 3720 3097 3787 secundo,
3129 3718 3217 3778 cel
3244 3716 3407 3776 tertio
3461 3733 3656 3793 ρατιονε
3703 3724 3806 3775 etc.
3848 3733 3965 3773 nno

2409 3815 2653 3882 sublato,
2670 3814 2897 3872 tollitur
2915 3824 2966 3870 ct
2989 3812 3155 3872 aliud
3173 3829 3272 3888 per
3293 3809 3439 3868 hane
3462 3806 3958 3878 constitutionem,

2411 3905 2626 3986 quoties
2643 3908 2794 3966 enim
2813 3908 3017 3966 citiam
3040 3924 3116 3966 ca:
3133 3923 3254 3965 ana
3275 3905 3447 3966 etiam
3464 3902 3656 3963 radice
3677 3904 3961 3974 nascitur,

2410 4020 2739 4079 consequens
2763 4010 2867 4068 cst,
2895 4010 3103 4059 utana
3137 3998 3249 4076 leqc
3294 3997 3561 4065 tollatur,
3605 4003 3665 4056 et
3688 3994 3962 4075 sequitur

2408 4095 2595 4157 Abbas
2617 4098 2681 4156 in
2705 4095 2889 4156 eodem
2909 4094 3163 4174 capitulo
3192 4111 3306 4151 non
3329 4092 3480 4151 debet
3510 4109 3671 4150 nam.
3714 4093 3810 4150 11.
3859 4107 3968 4152 nec

2409 4190 2587 4252 aliter
2627 4209 2722 4250 res
2765 4207 2893 4250 esse
2939 4195 3165 4268 potest:
3216 4185 3264 4247 si
3309 4184 3473 4256 enim
3500 4184 3834 4246 secundum
3852 4229 3869 4257 ,
3897 4190 3958 4246 et

2410 4283 2652 4345 tertium
2681 4281 2991 4344 affinitatis
3019 4273 3209 4363 genus
3249 4279 3489 4341 sublata
3510 4284 3653 4339 sunt
3683 4297 3720 4340 a
3748 4276 3960 4339 Conci-

2407 4377 2493 4439 lio
2513 4376 2900 4439 Lateranensi
2931 4382 3175 4456 propter
3202 4372 3604 4446 difficultates,
3629 4379 3689 4434 et
3718 4380 3961 4452 propter

2405 4472 2750 4535 animarum
2772 4469 3065 4552 pericula,
3096 4468 3184 4530 uti
3215 4467 3437 4548 legitur
3469 4470 3535 4528 in
3572 4486 3733 4546 saepe
3784 4467 3960 4527 citato

2403 4568 2679 4647 capitale:
2705 4585 2820 4626 non
2837 4566 3011 4637 debet,
3038 4563 3148 4636 ibi,
3169 4573 3220 4622 ct
3240 4563 3626 4642 difficultatem
3643 4561 3962 4639 frequenter

2402 4663 2703 4729 inducant,
2724 4670 2778 4719 ct
2802 4658 3120 4737 aliquando
3136 4657 3459 4737 periculum
3474 4656 3711 4734 pariant
3732 4654 3956 4715 anima·

2403 4775 2559 4826 rum,
2578 4772 2700 4816 non
2720 4753 2931 4815 fuisset
2941 4751 3085 4813 huic
3111 4750 3271 4813 malo
3288 4747 3654 4811 sufficienter
3675 4753 3945 4819 cautum,

2402 4850 2639 4930 quoties
2677 4848 2918 4911 sublato
2952 4846 3386 4927 impedimento
3425 4841 3736 4906 affinitatis
3762 4839 3826 4901 in
3855 4858 3952 4902 se-

2401 4945 2600 5008 cundo
2625 4990 2643 5017 ,
2675 4952 2735 5005 et
2769 4942 2943 5004 tertio
2980 4960 3224 5022 genere,
3267 4940 3334 4999 in
3359 4957 3470 4999 suo
3494 4935 3713 4997 robore
3753 4934 3955 4997 adhuc

2402 5039 2825 5121 permansisset
2881 5036 3381 5116 impedimentum
3435 5029 3716 5112 publicae
3762 5028 3956 5090 hone·

2400 5135 2622 5196 statisa
2650 5133 2810 5196 dicto
2835 5130 3120 5201 secundo,
3148 5137 3256 5191 aut
3279 5126 3456 5190 tertio
3480 5142 3704 5206 genere
3730 5141 3951 5205 prove·

2403 5245 2613 5290 niens.

2521 5323 2895 5399 Retentaque
2920 5317 3037 5380 hac
3056 5315 3363 5397 opinione,
3379 5311 3572 5374 facilis
3590 5319 3681 5373 est
3703 5328 3954 5392 respon-

2400 5416 2491 5480 sio
2511 5416 2589 5481 ad
2609 5433 2705 5489 ea,
2726 5412 2975 5495 quaein
2997 5409 3371 5475 mnu-arium
3399 5406 3653 5470 fuerunt
3670 5404 3956 5480 deducta;
