4393 6299
978 518 1088 572 486

795 670 1168 735 Matrimonii
1202 673 1339 746 rati,
1367 682 1424 734 et
1456 690 1574 732 non
1602 671 2021 743 consummati,
2055 679 2166 732 eta
2190 671 2340 732 San-

793 766 999 829 ctitate
1036 766 1158 829 Sua
1202 785 1402 847 preces
1447 764 1691 828 fuerunt
1730 765 2013 827 remissae
2056 766 2133 828 ad
2181 764 2339 826 hanc

792 860 1037 924 Sacram
1066 860 1599 941 congregationem
1625 905 1643 932 ,
1686 858 1962 939 datisque
1996 862 2175 938 juxta
2211 877 2337 919 mo-

791 975 923 1019 rem
944 955 1158 1017 litteris
1183 956 1260 1016 ad
1284 954 1642 1035 Episcopum
1669 953 2023 1016 Tirasonen.
2058 962 2124 1014 ut
2145 952 2336 1014 infor·

791 1059 1021 1121 maret,
1051 1059 1110 1112 et
1142 1049 1464 1112 terminum
1499 1050 1742 1130 utrique
1771 1048 1932 1111 Parti
1982 1048 2332 1128 praefigeret

791 1144 868 1206 ad
897 1164 1004 1205 sua
1019 1145 1162 1224 jura
1190 1143 1534 1206 deducenda
1563 1144 1624 1205 in
1654 1144 1765 1206 hac
1781 1144 1963 1205 Sacra
1996 1144 2334 1225 Congrege-

792 1238 973 1308 tione‚
995 1237 1319 1317 adimpleta
1339 1238 1586 1299 suerunt
1602 1238 1682 1299 ab
1706 1237 1995 1317 Episcopo
2015 1257 2083 1299 ea
2104 1237 2332 1310 omnia,

788 1349 945 1409 quae
984 1330 1300 1410 adimpleri
1345 1331 1645 1392 debebant
1670 1377 1687 1404 ,
1734 1350 1996 1411 cumque
2039 1341 2105 1392 ut
2147 1331 2337 1411 magis

786 1423 1138 1486 instructam
1169 1424 1443 1487 redderet
1463 1425 1618 1488 hanc
1644 1424 1889 1487 Sacram
1918 1426 2334 1506 congregatio-

784 1538 945 1589 nem,
971 1519 1220 1581 servatis
1235 1520 1546 1581 servandis
1574 1518 2069 1582 Marchionissam
2087 1519 2306 1601 Jusseri
2315 1528 2336 1581 t

785 1613 850 1676 in
871 1613 1094 1677 Balneo
1116 1614 1321 1693 reponi
1342 1616 1518 1695 juxta
1545 1615 1839 1678 cautelam
1864 1615 2178 1676 Hostiensis
2200 1619 2260 1676 in
2279 1636 2328 1676 c.

782 1728 1014 1770 causam
1035 1712 1285 1770 matrim.
1312 1729 1470 1769 num.
1506 1713 1563 1769 4.
1588 1710 1653 1769 de
1668 1711 2090 1788 probationibus
2108 1758 2123 1780 ,
2148 1730 2333 1791 quam

779 1803 959 1865 etiam
985 1803 1201 1865 caeteri
1230 1803 1416 1866 secuti
1461 1813 1602 1865 sunt
1631 1803 1817 1866 Abbas
1844 1806 1907 1865 in
1939 1824 2064 1881 cap.
2099 1805 2329 1866 Frater-

779 1898 980 1958 nitatis
1003 1917 1161 1957 num.
1191 1900 1251 1957 4.
1289 1898 1355 1959 de
1381 1897 1611 1975 sriqidis
1640 1944 1657 1967 ,
1680 1909 1730 1959 et
1764 1898 2149 1979 malefieiatis,
2175 1898 2333 1961 San-

782 1992 914 2051 chez
959 1992 1024 2051 de
1060 1993 1309 2051 matrim.
1348 1993 1446 2053 lib.
1492 1997 1551 2053 7.
1602 1993 1815 2072 disput.
1857 1997 1990 2054 113.
2026 2014 2184 2056 num.
2232 2000 2326 2057 11.

783 2082 1076 2146 Panimol.
1110 2086 1275 2146 decis.
1306 2090 1404 2146 51.
1435 2087 1629 2148 adnot.
1657 2089 1851 2166 prima
1871 2108 1933 2148 n.
1960 2094 2020 2149 8.
2052 2088 2201 2150 Rota
2237 2091 2332 2150 ‹le-

784 2181 886 2241 cis.
917 2182 1051 2240 392.
1086 2181 1189 2240 sub
1216 2199 1376 2240 num.
1412 2185 1505 2241 16.
1535 2201 1664 2261 par.
1693 2185 1752 2242 4.
1782 2192 1915 2243 tom.
1947 2186 2008 2243 2.
2036 2193 2242 2244 recent.
2281 2194 2333 2244 et

782 2272 949 2334 decis.
983 2277 1078 2334 10.
1102 2283 1155 2334 et
1191 2277 1284 2334 11.
1310 2284 1434 2354 post
1467 2273 1645 2336 Card.
1669 2275 1735 2336 de
1757 2273 1917 2337 Luca
1935 2277 2012 2338 ad
2032 2279 2331 2338 materiam

778 2366 845 2427 de
879 2367 1134 2427 matrim.
1173 2376 1304 2427 tom.
1350 2371 1410 2427 2.
1454 2376 1514 2430 et
1559 2366 1962 2430 referentibus
1990 2370 2327 2432 obstetrici-

772 2458 894 2521 bus
917 2503 937 2532 ,
978 2459 1142 2540 quod
1169 2460 1378 2523 eadem
1400 2461 1627 2525 intacta
1666 2472 1903 2542 reperta
1928 2462 2007 2524 sit
2031 2511 2047 2534 ,
2078 2463 2331 2543 perinde

777 2570 849 2616 ac
873 2552 923 2615 si
950 2561 1104 2616 esset
1131 2552 1338 2619 Puella
1382 2575 1597 2618 novem
1639 2575 1939 2618 annorum
1965 2602 1983 2631 ,
2014 2557 2329 2640 disputan-

776 2646 1006 2708 dumio
1031 2648 1325 2728 praesenti
1348 2650 1704 2729 proponitur
1723 2649 1979 2712 dubium
2003 2650 2079 2713 ad
2105 2651 2327 2715 calcem

780 2739 964 2823 hujus
992 2743 1316 2805 Restrictus
1345 2743 1748 2807 referendum.

893 2833 1104 2908 Quoad
1128 2835 1359 2897 Summi
1387 2836 1691 2898 pontificis
1711 2838 1773 2898 iu
1805 2837 2184 2901 dissolvendo
2203 2841 2325 2902 Ma·

776 2925 1062 2989 trimonio
1084 2938 1214 2990 rato
1236 2977 1253 3000 ,
1283 2937 1341 2991 et
1368 2948 1485 2991 non
1514 2940 1924 2992 consummato
1949 2939 2322 3011 potestatem,

775 3020 945 3082 nulla
963 3023 1137 3104 juxta
1160 3022 1479 3096 veriorem,
1505 3033 1563 3086 et
1585 3023 1645 3083 in
1675 3026 1847 3104 praxi
1873 3035 2165 3106 receptam
2196 3046 2323 3087 sen·

777 3114 1026 3181 tentiam
1055 3116 1292 3179 videtur
1319 3136 1445 3180 esse
1474 3136 1642 3198 posse
1662 3117 2003 3193 difficultas3
2036 3121 2324 3200 quemad·

777 3210 1020 3271 modum
1046 3211 1228 3274 etiam
1256 3221 1640 3274 certumesse
1676 3213 1949 3286 videtur,
1979 3216 2145 3294 quod
2176 3235 2321 3277 con·

773 3313 1052 3366 currente
1094 3305 1359 3388 legitima
1403 3306 1755 3384 probatione
1790 3327 1909 3368 non
1939 3328 2320 3371 consumma·

775 3397 988 3473 tionis,
1033 3399 1121 3460 uti
1162 3408 1352 3481 potest
1378 3399 1661 3461 Summus
1704 3401 1980 3462 Pontifex
2020 3403 2175 3464 dicta
2214 3423 2319 3483 po·

780 3498 987 3552 testate
1008 3536 1024 3562 ‚
1054 3492 1284 3553 etiamsi
1320 3494 1489 3573 prins
1515 3501 1713 3555 actum
1743 3494 1926 3556 suerit
1945 3496 2316 3577 judicialiter

776 3583 852 3646 de
888 3584 1161 3647 nullitate
1191 3586 1560 3647 Matrimonii
1589 3607 1664 3653 ex
1688 3588 1882 3666 capite
1902 3588 2315 3670 impotentiae,

775 3681 1033 3740 cleliam
1061 3678 1110 3740 si
1145 3680 1239 3740 vir
1263 3680 1638 3743 dissolutioni
1663 3682 1909 3745 obsistat
1935 3731 1953 3754 ,
1990 3684 2318 3748 dummodo

774 3776 904 3854 ejus
946 3773 1276 3836 resistentia
1302 3775 1380 3836 sit
1424 3775 1861 3838 irrationabilis
1887 3824 1904 3851 ,
1935 3778 2022 3839 uti
2066 3780 2319 3843 materia

770 3865 1045 3929 funditus
1063 3869 1427 3940 examinata,
1453 3870 1781 3932 admissum
1804 3870 1923 3933 fuit
1943 3873 2121 3934 annis
2145 3893 2316 3953 prae·

770 3961 961 4023 teritis
997 3961 1059 4022 in
1100 3963 1322 4025 celebri
1366 3984 1543 4026 causa
1584 3964 1843 4027 Januen.
1892 3967 2312 4043 Matrimonii,

766 4054 923 4118 itaut
945 4056 1262 4120 difficultas
1287 4058 1477 4139 redigi
1510 4058 1785 4121 videatur
1813 4060 1890 4122 ad
1935 4081 2174 4124 causam
2220 4062 2313 4125 di·

769 4150 1162 4231 sponsationis
1181 4197 1199 4227 ,
1230 4172 1368 4214 cum
1392 4152 1536 4216 haec
1566 4153 1781 4215 debeat
1805 4171 1931 4216 esse
1960 4175 2175 4237 magna
2199 4202 2217 4230 ‚
2257 4165 2318 4219 et

766 4262 988 4324 urgens
1012 4290 1031 4315 ,
1058 4251 1120 4305 et
1142 4244 1381 4323 publica
1409 4290 1426 4317 ,
1456 4246 1552 4308 vel
1587 4265 1692 4327 per
1719 4265 1783 4308 se
1805 4292 1821 4318 ,
1857 4247 1952 4309 vel
1985 4249 2308 4312 reductive.

885 4338 957 4398 In
979 4336 1195 4399 litteris
1228 4338 1566 4419 apostolicis
1613 4360 1748 4403 san.
1782 4361 1959 4403 mem.
1993 4342 2315 4406 Clementis

766 4430 879 4493 XI.
907 4431 1199 4511 expeditis
1229 4432 1291 4493 in
1322 4431 1480 4495 dicta
1500 4453 1676 4497 causa
1704 4436 1962 4499 Januen.
2000 4438 2316 4500 Matrimo-

766 4525 853 4586 nii
888 4526 987 4588 die
1009 4532 1067 4588 6.
1108 4527 1310 4591 Martii
1344 4532 1518 4589 1720.
1566 4529 1952 4594 cohaerenter
1974 4531 2050 4594 ad
2085 4533 2314 4594 resolu-

765 4621 987 4682 tionem
1002 4621 1182 4703 hujus
1203 4623 1333 4684 Sac.
1349 4622 1840 4705 Congregationis
1859 4644 2036 4688 causa
2057 4644 2314 4706 sequen·

762 4715 926 4776 tibus
948 4717 1146 4777 verbis
1163 4716 1520 4796 exponitur:
1550 4738 1678 4778 cum
1702 4729 1912 4791 autem,
1936 4721 2107 4781 sicuti
2125 4721 2313 4781 eadem

764 4813 1039 4889 expositio
1066 4812 1457 4890 subjunqebat,
1482 4814 1598 4872 nisi
1626 4814 1838 4873 dictum
1868 4813 2312 4875 Matrimonium

764 4908 1103 4965 auctoritate
1134 4916 1331 4966 nostra
1366 4907 1688 4984 Apostolica
1715 4895 2077 4978 dissolvatur,
2110 4909 2311 4989 diffici-

766 5001 862 5071 les,
894 5019 960 5058 ac
988 5001 1237 5078 infelices
1292 5001 1624 5061 habiturum
1652 5003 1727 5061 sit
1752 5004 1963 5075 exitus,
1994 5005 2306 5082 auctisque,

1985 518 2426 586 Qoffis'rtonns
2463 518 2816 573 cenoman

2447 672 2895 747 dissensionibus,
2915 691 3029 733 non
3052 679 3275 733 tantum
3289 672 3541 750 privata,
3567 670 3662 731 sed
3676 678 3729 732 et
3745 669 3976 750 publica
4088 698 4096 702 ·

2442 768 2787 829 incommoda
2810 811 2829 841 ,
2881 768 3109 846 aliaque
3161 766 3317 827 mala
3340 810 3358 839 ,
3407 785 3534 827 cum
3577 784 3692 825 non
3716 766 3985 827 mediocri

2444 863 2751 940 tranquilli
2770 871 2951 924 status
2976 862 3154 942 ipsius
3183 860 3540 940 Reipublicae
3557 861 3985 940 perturbatione

2444 957 2631 1016 timeri
2673 958 2906 1036 possint,
2957 955 3419 1034 quemadmodum
3463 957 3713 1034 plerique
3742 974 3818 1016 ex
3842 958 3982 1036 ipsis

2447 1048 2837 1122 Senatoribus,
2857 1061 2907 1111 et
2933 1048 3201 1113 Patritiis
3227 1050 3607 1111 Januensibus
3624 1051 3754 1128 jure
3773 1051 3984 1128 juran-

2442 1144 2510 1203 do
2530 1146 2821 1206 contestati
2845 1146 3114 1223 fuerunt:
3140 1143 3361 1222 Hisque
3381 1145 3552 1205 etiam
3567 1144 3814 1213 accedat,
3832 1144 3985 1222 quod

2442 1238 2749 1315 pristinum
2777 1256 2945 1317 super
2999 1247 3291 1317 praetensa
3316 1238 3587 1297 nullitate
3610 1236 3983 1298 Matrimonii
4040 1313 4044 1316 y

2445 1334 2772 1393 institutum
2791 1333 3080 1410 judicium
3100 1332 3402 1393 secundum
3406 1331 3563 1408 juris
3587 1333 3838 1393 tramites
3861 1351 3990 1393 cort·

2445 1428 2668 1488 tinuari
2689 1472 2706 1500 ‚
2740 1446 2807 1489 ac
2857 1429 3155 1488 terminari
3186 1428 3312 1497 vix,
3362 1435 3465 1488 aut
3505 1444 3575 1486 ne
3603 1426 3709 1485 vix
3754 1425 3980 1503 quidem

2439 1533 2638 1601 posset,
2663 1542 2721 1582 eo
2750 1524 2886 1599 quia
2918 1531 3188 1582 asserente
3224 1522 3370 1582 dicto
3399 1519 3623 1582 Joanne
3666 1518 3873 1582 Jacobo
3925 1539 3983 1581 se

2443 1616 2813 1677 Matrimonii
2833 1615 3258 1678 consummandi
3284 1624 3554 1694 potentem
3581 1616 3839 1686 existere,
3891 1632 3982 1674 ca-

2440 1713 2702 1770 nonicum
2730 1730 2902 1773 novae
2928 1711 3359 1771 cohabitationis
3380 1710 3822 1789 experimentum
3844 1708 3986 1785 soret

2439 1805 2814 1865 adhibendum
2831 1853 2847 1875 ,
2872 1824 2908 1867 a
2935 1825 3046 1883 quo
3082 1815 3267 1866 tamen
3294 1804 3483 1865 eadem
3515 1802 3688 1864 Anna
3727 1802 3936 1866 Maria
3964 1846 3985 1876 ,

2443 1909 2562 1959 tum
2593 1909 2819 1979 propter
2841 1901 3095 1962 acerbam
3118 1900 3441 1961 animorum
3488 1898 3985 1972 exulcerationem,

2442 2004 2560 2053 tum
2581 2005 2806 2074 propter
2825 1996 2935 2056 sibi
2945 2005 3157 2056 certum
3178 1995 3540 2054 conscientiae
3563 1992 3990 2069 labefactandae

2437 2090 2775 2167 periculum,
2806 2108 2873 2151 ac
2920 2100 3178 2150 aeternae
3211 2089 3415 2150 salutis
3467 2088 3768 2146 discrimen
3814 2088 3988 2166 plane

2443 2183 2741 2255 abhorret,
2805 2185 2962 2261 eique
2989 2201 3284 2261 nunquam
3326 2201 3382 2242 se
3423 2200 3818 2242 consensuram
3863 2180 3985 2258 fore

2437 2287 2751 2338 constanter
2791 2285 3130 2356 protestetur
3182 2285 3285 2337 etc.
3305 2321 3325 2347 ,
3371 2294 3471 2334 nos
3500 2275 3684 2352 iqitur
3710 2273 3986 2353 praefatis
4081 2318 4108 2331 -

2437 2372 2624 2448 iustis,
2648 2381 2699 2431 et
2729 2371 3168 2433 rationabilibus
3194 2387 3270 2430 ex
3289 2370 3478 2430 causis
3504 2367 3739 2429 adducti
3757 2377 3858 2429 etc.

2557 2466 2626 2525 In
2662 2464 3053 2526 Matrimonio
3077 2512 3094 2535 ,
3127 2463 3202 2525 de
3248 2481 3371 2544 qua
3413 2480 3577 2527 nuuc
3623 2462 3825 2544 agitur
3870 2480 3988 2542 pro

2439 2555 2990 2643 ejusdissolutione
3039 2556 3373 2618 afferuntur
3402 2554 3708 2629 scandala,
3748 2554 3979 2637 jurgia,

2437 2663 2496 2713 et
2540 2652 2936 2714 dissensiones
2970 2650 3127 2712 inter
3177 2650 3481 2732 conjuges,
3511 2656 3804 2711 eteorum
3834 2668 3977 2730 pro·

2442 2747 2727 2825 pinquos.
2762 2745 2794 2805 J
2801 2764 2912 2807 ura
2933 2743 3466 2819 circumferuntur,
3496 2743 3776 2825 quocirca
3799 2762 3984 2824 quae-

2439 2841 2593 2901 ritur
2611 2881 2628 2899 .

2552 2932 2646 2991 An
2672 2934 2746 2992 sit
2772 2929 3143 2992 sanctissimo
3180 2928 3422 2989 Domino
3446 2927 3657 2990 Nostro
3679 2932 3981 2991 consilium

2432 3026 2836 3107 praestandum
2877 3044 2979 3103 pro
3007 3024 3419 3102 dispensatione
3444 3023 3792 3086 Matrimoni
3814 3025 3975 3098 rati,

2433 3130 2482 3181 et
2510 3138 2624 3180 non
2643 3119 3010 3180 consummati
3037 3118 3100 3176 in'
3120 3136 3256 3177 casu
3279 3126 3379 3178 etc.

2549 3215 2619 3275 In
2652 3213 2764 3274 hac
2810 3210 3283 3292 Congregatione
3312 3208 3520 3271 habita
3573 3209 3672 3271 die
3720 3214 3816 3271 18.
3869 3208 3978 3272 Se-

2432 3307 2720 3387 ptembris
2748 3305 3175 3367 demandatum
3204 3304 3321 3365 fuit
3340 3350 3356 3376 ,
3407 3312 3476 3366 ut
3505 3304 3761 3365 dubium
3794 3302 3980 3385 hujus

2430 3420 2643 3462 causae
2667 3399 3138 3470 reformaretur;
3172 3398 3287 3460 fuit
3307 3397 3421 3461 hoc
3445 3396 3783 3460 executioni
3803 3417 3976 3459 man-

2429 3496 2668 3569 datum;
2697 3494 2981 3575 quocirca
3005 3492 3321 3574 quaeritur
3355 3514 3369 3551 :

2545 3589 2638 3648 An
2664 3591 2739 3649 sit
2766 3590 2914 3650 locus
2943 3588 3301 3647 dissolutioni
3322 3585 3694 3647 Matrimonii
3721 3587 3785 3644 in
3812 3605 3972 3658 casu,

2427 3687 2512 3745 vel
2551 3685 2741 3763 potius
2764 3681 3136 3743 Sanctissimo
3167 3680 3406 3740 Domino
3432 3677 3641 3740 Nostro
3672 3680 3977 3740 consilium

2423 3778 2823 3857 praestandum
2868 3779 2942 3836 sit
2969 3795 3074 3855 pro
3106 3776 3514 3856 dispensatione
3542 3774 3785 3853 ejusdem
3841 3782 3975 3835 tan·

2424 3891 2597 3951 quam
2620 3873 2762 3945 rati,
2792 3882 2842 3932 et
2872 3890 2985 3931 non
3019 3871 3391 3931 consummati
3423 3871 3487 3929 in
3508 3887 3644 3930 casu
3674 3877 3779 3930 ete.

2530 4063 2682 4116 Sacra
2713 4063 2910 4129 Cougr.
2943 4060 3031 4114 die
3062 4059 3113 4111 2.
3142 4059 3393 4114 Octobris
3423 4058 3586 4111 1723.
3617 4056 3935 4127 respondit:

2605 4151 2740 4204 Esse
2761 4151 2940 4202 Iocum
2965 4147 3315 4203 dissolutioni
3337 4144 3713 4200 Matrimonii.

2878 4339 3237 4417 QUAESTIO
3286 4338 3496 4403 CCCL.

2420 4528 2492 4589 In
2512 4527 2703 4593 Causa
2721 4529 3160 4601 Mediolanensi,
3186 4529 3276 4590 die
3304 4533 3399 4589 18.
3416 4525 3759 4607 Septembris
3783 4526 3960 4585 1723.

2421 4664 2982 4780 Eminentissimus
3028 4715 3522 4796 Archiepiscopus
3550 4710 3955 4775 Mediolanen.

2418 4811 2516 4872 die
2541 4815 2599 4872 t.
2649 4812 2900 4892 Augusti
2931 4809 3230 4872 currentis
3256 4808 3398 4870 anni
3428 4814 3775 4887 sequentem
3803 4801 3955 4864 scri·

2418 4904 2536 4984 psit
2559 4905 2870 4984 epistolam
2900 4904 3044 4966 huic
3070 4904 3200 4965 Sac.
3228 4898 3683 4982 Congregationi
3711 4941 3729 4958 .

2534 4997 2782 5059 Parochi
2811 5000 2980 5076 hujus
3000 4997 3383 5058 Mediolanen.
3416 4993 3688 5053 Dioecesis
3732 4990 3954 5069 praeci-

765 5113 832 5152 ac
856 5095 1359 5155 recrudescentibus
1387 5113 1501 5153 non
1523 5095 1710 5155 minus
1728 5096 1879 5156 inter
1905 5098 2050 5175 ipsos
2076 5105 2309 5157 assertos
2411 5113 2521 5175 pue
2544 5094 2663 5162 illi,
2705 5095 2807 5171 qui
2829 5102 3097 5173 praesunt
3137 5090 3406 5151 Ecclesiis
3441 5090 3507 5149 in
3545 5084 3849 5152 montanis,
3900 5091 3950 5142 et

764 5187 1042 5265 conjuqes,
1079 5207 1252 5265 quam
1283 5188 1433 5246 inter
1462 5195 1541 5247 tot
1565 5190 1878 5268 primarias
1908 5208 2098 5249 eorum
2123 5208 2307 5268 respe-

2414 5187 2682 5258 vallibus,
2719 5206 3008 5248 recursum
3029 5187 3344 5248 habuerunt
3384 5201 3544 5263 penes
3590 5199 3699 5253 me,
3730 5176 3954 5257 siqnifi-

767 5284 907 5342 ctice
929 5283 1380 5360 propinquorum
1425 5282 1680 5359 familias
1711 5284 1775 5343 in
1829 5280 2074 5344 Civitate
2127 5284 2306 5344 libera
2413 5293 2598 5343 cantes
2620 5283 3045 5361 quamplurima
3060 5281 3353 5351 scandala,
3376 5295 3519 5357 quae
3539 5276 3604 5336 in
3622 5274 3737 5334 dies
3758 5272 3957 5333 oriun-

764 5375 1033 5452 deqcntes,
1070 5394 1136 5434 ac
1163 5376 1228 5433 in
1249 5384 1468 5453 partem
1511 5376 1779 5453 reqendae
1807 5374 2168 5456 Reipublicae
2194 5373 2305 5437 Ja-

2415 5386 2512 5437 tur
2540 5395 2615 5437 ex
2639 5377 2987 5456 sponsalibus
3015 5376 3337 5442 contractis,
3367 5374 3548 5433 dilato
3590 5365 3953 5430 matrimonio

767 5470 968 5530 nuertsi
986 5468 1324 5550 adscriptas,
1346 5469 1473 5548 jam
1503 5470 1632 5531 inde
1656 5472 1835 5532 enatis
1877 5472 2220 5542 inimicitiis,
2251 5480 2303 5532 et
2412 5489 2526 5530 non
2553 5471 2734 5532 solum
2759 5488 2859 5550 per
2885 5486 3120 5537 mertses,
3175 5484 3365 5528 verum
3410 5466 3581 5526 etiam
3632 5463 3710 5525 ad
3756 5460 3948 5541 ptura
