<?xml version="1.0" encoding="UTF-8"?>
<!DOCTYPE html PUBLIC "-//W3C//DTD XHTML 1.0 Transitional//EN"
    "http://www.w3.org/TR/xhtml1/DTD/xhtml1-transitional.dtd">
<html xmlns="http://www.w3.org/1999/xhtml" xml:lang="en" lang="en">
 <head>
  <title>
</title>
<meta http-equiv="Content-Type" content="text/html;charset=utf-8" />
  <meta name='ocr-system' content='tesseract 3.04.00' />
  <meta name='ocr-capabilities' content='ocr_page ocr_carea ocr_par ocr_line ocrx_word'/>
</head>
<body>
  <div class='ocr_page' id='page_1' title='image "benedictixivpon01xivgoog_0024.png"; bbox 0 0 4393 6299; ppageno 0'>
   <div class='ocr_carea' id='block_1_1' title="bbox 932 462 2786 537">
    <p class='ocr_par' dir='ltr' id='par_1_1' title="bbox 932 462 2786 537">
     <span class='ocr_line' id='line_1_1' title="bbox 932 462 2786 537; baseline -0.008 -4"><span class='ocrx_word' id='word_1_1' title='bbox 932 481 999 533; x_wconf 76' lang='lat' dir='ltr'>ss</span> <span class='ocrx_word' id='word_1_2' title='bbox 1942 465 2391 537; x_wconf 70' lang='lat' dir='ltr'><strong>QUAESTIONES</strong></span> <span class='ocrx_word' id='word_1_3' title='bbox 2427 462 2786 522; x_wconf 69' lang='lat' dir='ltr'><strong>CANONlCAE</strong></span> 
     </span>
    </p>
   </div>
   <div class='ocr_carea' id='block_1_2' title="bbox 904 624 2126 985">
    <p class='ocr_par' dir='ltr' id='par_1_2' title="bbox 904 624 2126 985">
     <span class='ocr_line' id='line_1_2' title="bbox 1235 624 1796 704; baseline -0.007 -13"><span class='ocrx_word' id='word_1_4' title='bbox 1235 624 1595 704; x_wconf 78' lang='lat' dir='ltr'><strong>QUAESTIO</strong></span> <span class='ocrx_word' id='word_1_5' title='bbox 1625 626 1796 690; x_wconf 81' lang='lat' dir='ltr'><strong>XIV.</strong></span> 
     </span>
     <span class='ocr_line' id='line_1_3' title="bbox 904 900 2126 985; baseline -0.008 -16"><span class='ocrx_word' id='word_1_6' title='bbox 904 902 978 968; x_wconf 75' lang='lat' dir='ltr'><strong>In</strong></span> <span class='ocrx_word' id='word_1_7' title='bbox 1002 906 1195 969; x_wconf 72' lang='lat' dir='ltr'><strong>Causa</strong></span> <span class='ocrx_word' id='word_1_8' title='bbox 1220 903 1461 985; x_wconf 75' lang='lat' dir='ltr'><strong>Seqnsn.</strong></span> <span class='ocrx_word' id='word_1_9' title='bbox 1491 904 1582 965; x_wconf 78' lang='lat' dir='ltr'><strong>die</strong></span> <span class='ocrx_word' id='word_1_10' title='bbox 1627 908 1720 967; x_wconf 91' lang='grc'><strong>19.</strong></span> <span class='ocrx_word' id='word_1_11' title='bbox 1755 901 1918 963; x_wconf 72' lang='lat' dir='ltr'><strong>Febr.</strong></span> <span class='ocrx_word' id='word_1_12' title='bbox 1953 900 2126 962; x_wconf 85' lang='grc'><strong>1718.</strong></span> 
     </span>
    </p>
   </div>
   <div class='ocr_carea' id='block_1_3' title="bbox 739 1136 2306 4838">
    <p class='ocr_par' dir='ltr' id='par_1_3' title="bbox 744 1136 2288 2000">
     <span class='ocr_line' id='line_1_4' title="bbox 746 1136 2286 1265; baseline -0.007 -18"><span class='ocrx_word' id='word_1_13' title='bbox 746 1136 1033 1265; x_wconf 85' lang='lat' dir='ltr'><strong>Propter</strong></span> <span class='ocrx_word' id='word_1_14' title='bbox 1063 1179 1559 1263; x_wconf 72' lang='lat' dir='ltr'><strong>impedimentum</strong></span> <span class='ocrx_word' id='word_1_15' title='bbox 1583 1223 1600 1253; x_wconf 94' lang='lat'><strong>,</strong></span> <span class='ocrx_word' id='word_1_16' title='bbox 1636 1177 1802 1259; x_wconf 89' lang='lat' dir='ltr'><strong>quod</strong></span> <span class='ocrx_word' id='word_1_17' title='bbox 1830 1175 2052 1240; x_wconf 88' lang='lat' dir='ltr'><strong>dicitur</strong></span> <span class='ocrx_word' id='word_1_18' title='bbox 2079 1176 2159 1238; x_wconf 87' lang='lat' dir='ltr'><strong>ab</strong></span> <span class='ocrx_word' id='word_1_19' title='bbox 2189 1173 2286 1237; x_wconf 90' lang='lat' dir='ltr'><strong>in-</strong></span> 
     </span>
     <span class='ocr_line' id='line_1_5' title="bbox 748 1268 2288 1358; baseline -0.008 -17"><span class='ocrx_word' id='word_1_20' title='bbox 748 1280 1004 1341; x_wconf 87' lang='lat' dir='ltr'><strong>trinseco</strong></span> <span class='ocrx_word' id='word_1_21' title='bbox 1030 1323 1047 1351; x_wconf 89' lang='lat'><strong>,</strong></span> <span class='ocrx_word' id='word_1_22' title='bbox 1091 1276 1255 1358; x_wconf 89' lang='lat' dir='ltr'><strong>quod</strong></span> <span class='ocrx_word' id='word_1_23' title='bbox 1292 1274 1572 1336; x_wconf 84' lang='lat' dir='ltr'><strong>videlicet</strong></span> <span class='ocrx_word' id='word_1_24' title='bbox 1614 1272 1890 1353; x_wconf 85' lang='lat' dir='ltr'><strong>provenit</strong></span> <span class='ocrx_word' id='word_1_25' title='bbox 1917 1271 1997 1333; x_wconf 87' lang='lat' dir='ltr'><strong>ab</strong></span> <span class='ocrx_word' id='word_1_26' title='bbox 2026 1268 2288 1331; x_wconf 80' lang='lat' dir='ltr'><strong>infirmi-</strong></span> 
     </span>
     <span class='ocr_line' id='line_1_6' title="bbox 748 1362 2287 1452; baseline -0.008 -17"><span class='ocrx_word' id='word_1_27' title='bbox 748 1383 908 1442; x_wconf 90' lang='lat' dir='ltr'><strong>tate,</strong></span> <span class='ocrx_word' id='word_1_28' title='bbox 946 1370 1284 1452; x_wconf 83' lang='lat' dir='ltr'><strong>Apostolica</strong></span> <span class='ocrx_word' id='word_1_29' title='bbox 1326 1368 1507 1430; x_wconf 88' lang='lat' dir='ltr'><strong>Sedes</strong></span> <span class='ocrx_word' id='word_1_30' title='bbox 1533 1366 1843 1430; x_wconf 87' lang='lat' dir='ltr'><strong>consuevit</strong></span> <span class='ocrx_word' id='word_1_31' title='bbox 1878 1362 2182 1445; x_wconf 90' lang='lat' dir='ltr'><strong>impartiri</strong></span> <span class='ocrx_word' id='word_1_32' title='bbox 2213 1362 2287 1424; x_wconf 91' lang='lat' dir='ltr'><strong>li-</strong></span> 
     </span>
     <span class='ocr_line' id='line_1_7' title="bbox 744 1457 2285 1547; baseline -0.007 -18"><span class='ocrx_word' id='word_1_33' title='bbox 744 1468 1002 1531; x_wconf 81' lang='lat' dir='ltr'><strong>centiam</strong></span> <span class='ocrx_word' id='word_1_34' title='bbox 1030 1464 1336 1547; x_wconf 85' lang='lat' dir='ltr'><strong>Episcopis</strong></span> <span class='ocrx_word' id='word_1_35' title='bbox 1378 1462 1718 1525; x_wconf 81' lang='lat' dir='ltr'><strong>discedendi</strong></span> <span class='ocrx_word' id='word_1_36' title='bbox 1754 1481 1791 1525; x_wconf 89' lang='lat' dir='ltr'><strong>a</strong></span> <span class='ocrx_word' id='word_1_37' title='bbox 1830 1480 1941 1523; x_wconf 89' lang='lat' dir='ltr'><strong>sua</strong></span> <span class='ocrx_word' id='word_1_38' title='bbox 1973 1457 2285 1529; x_wconf 77' lang='lat' dir='ltr'><strong>Ecclesia,</strong></span> 
     </span>
     <span class='ocr_line' id='line_1_8' title="bbox 745 1551 2288 1643; baseline -0.009 -18"><span class='ocrx_word' id='word_1_39' title='bbox 745 1563 846 1625; x_wconf 82' lang='lat' dir='ltr'><strong>sed</strong></span> <span class='ocrx_word' id='word_1_40' title='bbox 871 1562 947 1623; x_wconf 91' lang='lat' dir='ltr'><strong>ad</strong></span> <span class='ocrx_word' id='word_1_41' title='bbox 980 1571 1235 1643; x_wconf 87' lang='lat' dir='ltr'><strong>tempus,</strong></span> <span class='ocrx_word' id='word_1_42' title='bbox 1272 1560 1361 1620; x_wconf 91' lang='lat' dir='ltr'><strong>uti</strong></span> <span class='ocrx_word' id='word_1_43' title='bbox 1392 1558 1604 1638; x_wconf 88' lang='lat' dir='ltr'><strong>probat</strong></span> <span class='ocrx_word' id='word_1_44' title='bbox 1635 1554 1896 1619; x_wconf 68' lang='lat' dir='ltr'><strong>Texta·</strong></span> <span class='ocrx_word' id='word_1_45' title='bbox 1872 1576 1938 1615; x_wconf 81' lang='lat' dir='ltr'><strong>m</strong></span> <span class='ocrx_word' id='word_1_46' title='bbox 1962 1556 2137 1634; x_wconf 82' lang='lat' dir='ltr'><strong>capit.</strong></span> <span class='ocrx_word' id='word_1_47' title='bbox 2170 1551 2288 1615; x_wconf 78' lang='lat' dir='ltr'><strong>Ni-</strong></span> 
     </span>
     <span class='ocr_line' id='line_1_9' title="bbox 746 1641 2283 1734; baseline -0.006 -18"><span class='ocrx_word' id='word_1_48' title='bbox 746 1657 850 1717; x_wconf 75' lang='lat' dir='ltr'><strong>hit.</strong></span> <span class='ocrx_word' id='word_1_49' title='bbox 883 1660 942 1717; x_wconf 93' lang='grc'><strong>7.</strong></span> <span class='ocrx_word' id='word_1_50' title='bbox 975 1664 1190 1734; x_wconf 72' lang='lat' dir='ltr'><strong>quaest.</strong></span> <span class='ocrx_word' id='word_1_51' title='bbox 1239 1657 1295 1713; x_wconf 91' lang='grc'><strong>1.</strong></span> <span class='ocrx_word' id='word_1_52' title='bbox 1325 1658 1385 1713; x_wconf 88' lang='grc'><strong>91</strong></span> <span class='ocrx_word' id='word_1_53' title='bbox 1413 1641 1726 1713; x_wconf 74' lang='lat' dir='ltr'><strong>adnotavit</strong></span> <span class='ocrx_word' id='word_1_54' title='bbox 1766 1646 2027 1727; x_wconf 76' lang='lat' dir='ltr'><strong>Faqnon.</strong></span> <span class='ocrx_word' id='word_1_55' title='bbox 2062 1648 2129 1706; x_wconf 76' lang='lat' dir='ltr'><strong>in</strong></span> <span class='ocrx_word' id='word_1_56' title='bbox 2157 1666 2283 1726; x_wconf 81' lang='lat' dir='ltr'><strong>cap.</strong></span> 
     </span>
     <span class='ocr_line' id='line_1_10' title="bbox 747 1743 2288 1831; baseline -0.008 -19"><span class='ocrx_word' id='word_1_57' title='bbox 747 1750 855 1812; x_wconf 75' lang='lat' dir='ltr'><strong>Ex</strong></span> <span class='ocrx_word' id='word_1_58' title='bbox 874 1760 1039 1831; x_wconf 73' lang='lat' dir='ltr'><strong>parte</strong></span> <span class='ocrx_word' id='word_1_59' title='bbox 1060 1768 1219 1808; x_wconf 80' lang='lat' dir='ltr'><strong>num.</strong></span> <span class='ocrx_word' id='word_1_60' title='bbox 1256 1751 1356 1807; x_wconf 90' lang='grc'><strong>77.</strong></span> <span class='ocrx_word' id='word_1_61' title='bbox 1387 1745 1453 1806; x_wconf 77' lang='lat' dir='ltr'><strong>ds</strong></span> <span class='ocrx_word' id='word_1_62' title='bbox 1484 1743 1722 1809; x_wconf 68' lang='lat' dir='ltr'><strong>clericis</strong></span> <span class='ocrx_word' id='word_1_63' title='bbox 1750 1763 1864 1804; x_wconf 80' lang='lat' dir='ltr'><strong>non</strong></span> <span class='ocrx_word' id='word_1_64' title='bbox 1889 1743 2059 1804; x_wconf 76' lang='lat' dir='ltr'><strong>rasid.</strong></span> <span class='ocrx_word' id='word_1_65' title='bbox 2106 1758 2288 1820; x_wconf 91' lang='lat' dir='ltr'><strong>quem</strong></span> 
     </span>
     <span class='ocr_line' id='line_1_11' title="bbox 746 1838 2288 1925; baseline -0.006 -21"><span class='ocrx_word' id='word_1_66' title='bbox 746 1843 1020 1925; x_wconf 81' lang='lat' dir='ltr'><strong>sequitur</strong></span> <span class='ocrx_word' id='word_1_67' title='bbox 1041 1844 1189 1905; x_wconf 69' lang='lat' dir='ltr'><strong>Rosa</strong></span> <span class='ocrx_word' id='word_1_68' title='bbox 1209 1841 1276 1902; x_wconf 74' lang='lat' dir='ltr'><strong>de</strong></span> <span class='ocrx_word' id='word_1_69' title='bbox 1294 1841 1464 1901; x_wconf 78' lang='lat' dir='ltr'><strong>mid.</strong></span> <span class='ocrx_word' id='word_1_70' title='bbox 1481 1838 1890 1920; x_wconf 67' lang='lat' dir='ltr'><strong>Epi-scaporum</strong></span> <span class='ocrx_word' id='word_1_71' title='bbox 1907 1856 2033 1918; x_wconf 81' lang='lat' dir='ltr'><strong>cap.</strong></span> <span class='ocrx_word' id='word_1_72' title='bbox 2054 1841 2113 1896; x_wconf 87' lang='lat'><strong>3.</strong></span> <span class='ocrx_word' id='word_1_73' title='bbox 2129 1854 2288 1894; x_wconf 71' lang='lat' dir='ltr'><strong>nuni.</strong></span> 
     </span>
     <span class='ocr_line' id='line_1_12' title="bbox 746 1941 1050 2000; baseline -0.013 0"><span class='ocrx_word' id='word_1_74' title='bbox 746 1944 842 2000; x_wconf 83' lang='grc'><strong>31.</strong></span> <span class='ocrx_word' id='word_1_75' title='bbox 873 1949 927 1998; x_wconf 76' lang='lat' dir='ltr'><strong>ct</strong></span> <span class='ocrx_word' id='word_1_76' title='bbox 953 1941 1050 1997; x_wconf 71' lang='lat'><strong>32.</strong></span> 
     </span>
    </p>

    <p class='ocr_par' dir='ltr' id='par_1_4' title="bbox 739 2020 2291 2755">
     <span class='ocr_line' id='line_1_13' title="bbox 862 2020 2290 2111; baseline -0.008 -17"><span class='ocrx_word' id='word_1_77' title='bbox 862 2032 958 2095; x_wconf 90' lang='lat' dir='ltr'><strong>Ob</strong></span> <span class='ocrx_word' id='word_1_78' title='bbox 990 2031 1104 2093; x_wconf 91' lang='lat' dir='ltr'><strong>hoc</strong></span> <span class='ocrx_word' id='word_1_79' title='bbox 1128 2026 1543 2111; x_wconf 76' lang='lat' dir='ltr'><strong>impedimenti</strong></span> <span class='ocrx_word' id='word_1_80' title='bbox 1583 2046 1775 2110; x_wconf 88' lang='lat' dir='ltr'><strong>genus</strong></span> <span class='ocrx_word' id='word_1_81' title='bbox 1799 2072 1816 2100; x_wconf 89' lang='lat'><strong>,</strong></span> <span class='ocrx_word' id='word_1_82' title='bbox 1850 2026 1963 2087; x_wconf 93' lang='lat' dir='ltr'><strong>hoc</strong></span> <span class='ocrx_word' id='word_1_83' title='bbox 1996 2033 2085 2086; x_wconf 89' lang='lat' dir='ltr'><strong>est</strong></span> <span class='ocrx_word' id='word_1_84' title='bbox 2115 2020 2290 2084; x_wconf 83' lang='lat' dir='ltr'><strong>infir·</strong></span> 
     </span>
     <span class='ocr_line' id='line_1_14' title="bbox 743 2116 2291 2203; baseline -0.004 -15"><span class='ocrx_word' id='word_1_85' title='bbox 743 2126 1001 2198; x_wconf 89' lang='lat' dir='ltr'><strong>mitatis,</strong></span> <span class='ocrx_word' id='word_1_86' title='bbox 1034 2124 1299 2188; x_wconf 82' lang='lat' dir='ltr'><strong>Adamus</strong></span> <span class='ocrx_word' id='word_1_87' title='bbox 1324 2122 1653 2203; x_wconf 71' lang='lat' dir='ltr'><strong>Episcopus</strong></span> <span class='ocrx_word' id='word_1_88' title='bbox 1677 2119 1995 2203; x_wconf 77' lang='lat' dir='ltr'><strong>segnensis</strong></span> <span class='ocrx_word' id='word_1_89' title='bbox 2023 2118 2083 2179; x_wconf 88' lang='lat' dir='ltr'><strong>in</strong></span> <span class='ocrx_word' id='word_1_90' title='bbox 2114 2116 2291 2183; x_wconf 77' lang='lat' dir='ltr'><strong>croa-</strong></span> 
     </span>
     <span class='ocr_line' id='line_1_15' title="bbox 746 2211 2290 2300; baseline -0.006 -17"><span class='ocrx_word' id='word_1_91' title='bbox 746 2220 830 2283; x_wconf 85' lang='lat' dir='ltr'><strong>tia</strong></span> <span class='ocrx_word' id='word_1_92' title='bbox 856 2217 1199 2300; x_wconf 84' lang='lat' dir='ltr'><strong>dispensari</strong></span> <span class='ocrx_word' id='word_1_93' title='bbox 1222 2216 1367 2297; x_wconf 90' lang='lat' dir='ltr'><strong>petit</strong></span> <span class='ocrx_word' id='word_1_94' title='bbox 1397 2237 1431 2279; x_wconf 92' lang='lat' dir='ltr'><strong>a</strong></span> <span class='ocrx_word' id='word_1_95' title='bbox 1463 2215 1826 2278; x_wconf 89' lang='lat' dir='ltr'><strong>residendo</strong></span> <span class='ocrx_word' id='word_1_96' title='bbox 1810 2235 1874 2275; x_wconf 89' lang='grc' dir='ltr'><strong>ιιι</strong></span> <span class='ocrx_word' id='word_1_97' title='bbox 1903 2234 2011 2275; x_wconf 90' lang='lat' dir='ltr'><strong>sua</strong></span> <span class='ocrx_word' id='word_1_98' title='bbox 2044 2211 2290 2274; x_wconf 82' lang='lat' dir='ltr'><strong>Dioece-</strong></span> 
     </span>
     <span class='ocr_line' id='line_1_16' title="bbox 739 2306 2291 2395; baseline -0.006 -18"><span class='ocrx_word' id='word_1_99' title='bbox 739 2314 815 2387; x_wconf 84' lang='lat' dir='ltr'><strong>si,</strong></span> <span class='ocrx_word' id='word_1_100' title='bbox 849 2314 1048 2395; x_wconf 90' lang='lat' dir='ltr'><strong>quoad</strong></span> <span class='ocrx_word' id='word_1_101' title='bbox 1077 2331 1270 2393; x_wconf 87' lang='lat' dir='ltr'><strong>usque</strong></span> <span class='ocrx_word' id='word_1_102' title='bbox 1296 2311 1373 2373; x_wconf 89' lang='lat' dir='ltr'><strong>ad</strong></span> <span class='ocrx_word' id='word_1_103' title='bbox 1401 2311 1591 2372; x_wconf 88' lang='lat' dir='ltr'><strong>alium</strong></span> <span class='ocrx_word' id='word_1_104' title='bbox 1621 2309 2018 2372; x_wconf 84' lang='lat' dir='ltr'><strong>transferatur</strong></span> <span class='ocrx_word' id='word_1_105' title='bbox 2044 2306 2291 2388; x_wconf 85' lang='lat' dir='ltr'><strong>Episco-</strong></span> 
     </span>
     <span class='ocr_line' id='line_1_17' title="bbox 743 2390 2289 2491; baseline -0.008 -20"><span class='ocrx_word' id='word_1_106' title='bbox 743 2415 952 2491; x_wconf 87' lang='lat' dir='ltr'><strong>patum</strong></span> <span class='ocrx_word' id='word_1_107' title='bbox 985 2415 1094 2470; x_wconf 89' lang='lat' dir='ltr'><strong>aut</strong></span> <span class='ocrx_word' id='word_1_108' title='bbox 1118 2405 1533 2487; x_wconf 86' lang='lat' dir='ltr'><strong>Episcopatui,</strong></span> <span class='ocrx_word' id='word_1_109' title='bbox 1569 2423 1750 2485; x_wconf 89' lang='lat' dir='ltr'><strong>quem</strong></span> <span class='ocrx_word' id='word_1_110' title='bbox 1775 2390 2028 2476; x_wconf 84' lang='lat' dir='ltr'><strong>obtinet,</strong></span> <span class='ocrx_word' id='word_1_111' title='bbox 2063 2419 2289 2462; x_wconf 87' lang='lat' dir='ltr'><strong>renun-</strong></span> 
     </span>
     <span class='ocr_line' id='line_1_18' title="bbox 743 2493 2294 2584; baseline -0.008 -18"><span class='ocrx_word' id='word_1_112' title='bbox 743 2504 897 2568; x_wconf 87' lang='lat' dir='ltr'><strong>tiare</strong></span> <span class='ocrx_word' id='word_1_113' title='bbox 928 2503 1111 2584; x_wconf 77' lang='lat' dir='ltr'><strong>possit</strong></span> <span class='ocrx_word' id='word_1_114' title='bbox 1158 2501 1234 2563; x_wconf 87' lang='lat' dir='ltr'><strong>ad</strong></span> <span class='ocrx_word' id='word_1_115' title='bbox 1282 2500 1570 2561; x_wconf 90' lang='lat' dir='ltr'><strong>terminos</strong></span> <span class='ocrx_word' id='word_1_116' title='bbox 1616 2499 1828 2560; x_wconf 76' lang='lat' dir='ltr'><strong>Tooetus</strong></span> <span class='ocrx_word' id='word_1_117' title='bbox 1870 2499 1934 2557; x_wconf 76' lang='lat' dir='ltr'><strong>in</strong></span> <span class='ocrx_word' id='word_1_118' title='bbox 1974 2515 2100 2576; x_wconf 83' lang='lat' dir='ltr'><strong>cap.</strong></span> <span class='ocrx_word' id='word_1_119' title='bbox 2153 2493 2294 2556; x_wconf 74' lang='lat' dir='ltr'><strong>Nisi</strong></span> 
     </span>
     <span class='ocr_line' id='line_1_19' title="bbox 740 2593 2291 2680; baseline -0.005 -20"><span class='ocrx_word' id='word_1_120' title='bbox 740 2620 867 2661; x_wconf 76' lang='lat' dir='ltr'><strong>cum</strong></span> <span class='ocrx_word' id='word_1_121' title='bbox 893 2599 1111 2680; x_wconf 75' lang='lat' dir='ltr'><strong>pridem</strong></span> <span class='ocrx_word' id='word_1_122' title='bbox 1137 2595 1204 2678; x_wconf 78' lang='lat'><strong>§.</strong></span> <span class='ocrx_word' id='word_1_123' title='bbox 1237 2596 1378 2657; x_wconf 77' lang='lat' dir='ltr'><strong>Atia</strong></span> <span class='ocrx_word' id='word_1_124' title='bbox 1410 2615 1539 2656; x_wconf 81' lang='lat' dir='ltr'><strong>vero</strong></span> <span class='ocrx_word' id='word_1_125' title='bbox 1564 2613 1738 2656; x_wconf 72' lang='lat' dir='ltr'><strong>causa</strong></span> <span class='ocrx_word' id='word_1_126' title='bbox 1766 2595 1858 2653; x_wconf 75' lang='lat' dir='ltr'><strong>tie.</strong></span> <span class='ocrx_word' id='word_1_127' title='bbox 1890 2593 1954 2652; x_wconf 78' lang='lat' dir='ltr'><strong>do</strong></span> <span class='ocrx_word' id='word_1_128' title='bbox 1985 2594 2291 2653; x_wconf 74' lang='lat' dir='ltr'><strong>renuncia·</strong></span> 
     </span>
     <span class='ocr_line' id='line_1_20' title="bbox 744 2697 975 2755; baseline -0.004 0"><span class='ocrx_word' id='word_1_129' title='bbox 744 2697 912 2755; x_wconf 75' lang='lat' dir='ltr'><strong>tione.</strong></span> <span class='ocrx_word' id='word_1_130' title='bbox 972 2706 975 2711; x_wconf 77' lang='grc'><strong>“</strong></span> 
     </span>
    </p>

    <p class='ocr_par' dir='ltr' id='par_1_5' title="bbox 741 2779 2304 4276">
     <span class='ocr_line' id='line_1_21' title="bbox 859 2779 2288 2857; baseline -0.008 -8"><span class='ocrx_word' id='word_1_131' title='bbox 859 2784 1065 2849; x_wconf 78' lang='lat' dir='ltr'><strong>Refert</strong></span> <span class='ocrx_word' id='word_1_132' title='bbox 1089 2783 1286 2857; x_wconf 86' lang='lat' dir='ltr'><strong>enim,</strong></span> <span class='ocrx_word' id='word_1_133' title='bbox 1311 2804 1375 2846; x_wconf 87' lang='lat' dir='ltr'><strong>se</strong></span> <span class='ocrx_word' id='word_1_134' title='bbox 1421 2802 1592 2845; x_wconf 90' lang='lat' dir='ltr'><strong>suam</strong></span> <span class='ocrx_word' id='word_1_135' title='bbox 1623 2780 1950 2845; x_wconf 89' lang='lat' dir='ltr'><strong>Dioecesim</strong></span> <span class='ocrx_word' id='word_1_136' title='bbox 1984 2779 2288 2851; x_wconf 76' lang='lat' dir='ltr'><strong>visitasse,</strong></span> 
     </span>
     <span class='ocr_line' id='line_1_22' title="bbox 741 2876 2293 2961; baseline -0.007 -19"><span class='ocrx_word' id='word_1_137' title='bbox 741 2900 1004 2961; x_wconf 85' lang='lat' dir='ltr'><strong>ovesque</strong></span> <span class='ocrx_word' id='word_1_138' title='bbox 1031 2879 1145 2941; x_wconf 90' lang='lat' dir='ltr'><strong>sihi</strong></span> <span class='ocrx_word' id='word_1_139' title='bbox 1178 2879 1434 2941; x_wconf 82' lang='lat' dir='ltr'><strong>creditas</strong></span> <span class='ocrx_word' id='word_1_140' title='bbox 1452 2876 1924 2938; x_wconf 85' lang='lat' dir='ltr'><strong>confirmationis</strong></span> <span class='ocrx_word' id='word_1_141' title='bbox 1947 2876 2293 2937; x_wconf 88' lang='lat' dir='ltr'><strong>Sacramen-</strong></span> 
     </span>
     <span class='ocr_line' id='line_1_23' title="bbox 744 2966 2293 3050; baseline -0.006 -14"><span class='ocrx_word' id='word_1_142' title='bbox 744 2984 807 3036; x_wconf 92' lang='lat' dir='ltr'><strong>to</strong></span> <span class='ocrx_word' id='word_1_143' title='bbox 840 2973 1195 3046; x_wconf 75' lang='lat' dir='ltr'><strong>munivisse,</strong></span> <span class='ocrx_word' id='word_1_144' title='bbox 1225 2974 1369 3034; x_wconf 90' lang='lat' dir='ltr'><strong>dum</strong></span> <span class='ocrx_word' id='word_1_145' title='bbox 1404 2970 1680 3032; x_wconf 84' lang='lat' dir='ltr'><strong>validiori</strong></span> <span class='ocrx_word' id='word_1_146' title='bbox 1711 2968 1979 3050; x_wconf 84' lang='lat' dir='ltr'><strong>corporis</strong></span> <span class='ocrx_word' id='word_1_147' title='bbox 2003 2966 2293 3029; x_wconf 85' lang='lat' dir='ltr'><strong>valetudi-</strong></span> 
     </span>
     <span class='ocr_line' id='line_1_24' title="bbox 742 3058 2292 3144; baseline -0.006 -15"><span class='ocrx_word' id='word_1_148' title='bbox 742 3086 822 3129; x_wconf 89' lang='lat' dir='ltr'><strong>ne</strong></span> <span class='ocrx_word' id='word_1_149' title='bbox 855 3065 1202 3138; x_wconf 81' lang='lat' dir='ltr'><strong>fruebatur,</strong></span> <span class='ocrx_word' id='word_1_150' title='bbox 1227 3065 1326 3126; x_wconf 88' lang='lat' dir='ltr'><strong>sed</strong></span> <span class='ocrx_word' id='word_1_151' title='bbox 1347 3064 1778 3144; x_wconf 78' lang='lat' dir='ltr'><strong>subsequenter</strong></span> <span class='ocrx_word' id='word_1_152' title='bbox 1808 3072 2122 3143; x_wconf 85' lang='lat' dir='ltr'><strong>expertum</strong></span> <span class='ocrx_word' id='word_1_153' title='bbox 2143 3058 2292 3120; x_wconf 78' lang='lat' dir='ltr'><strong>suis·</strong></span> 
     </span>
     <span class='ocr_line' id='line_1_25' title="bbox 741 3157 2292 3242; baseline -0.007 -17"><span class='ocrx_word' id='word_1_154' title='bbox 741 3181 806 3225; x_wconf 85' lang='lat' dir='ltr'><strong>se</strong></span> <span class='ocrx_word' id='word_1_155' title='bbox 822 3206 840 3236; x_wconf 89' lang='lat'><strong>,</strong></span> <span class='ocrx_word' id='word_1_156' title='bbox 863 3162 1027 3242; x_wconf 88' lang='lat' dir='ltr'><strong>quod</strong></span> <span class='ocrx_word' id='word_1_157' title='bbox 1050 3207 1068 3235; x_wconf 90' lang='lat'><strong>,</strong></span> <span class='ocrx_word' id='word_1_158' title='bbox 1091 3159 1327 3241; x_wconf 89' lang='lat' dir='ltr'><strong>quoties</strong></span> <span class='ocrx_word' id='word_1_159' title='bbox 1360 3157 1690 3222; x_wconf 89' lang='lat' dir='ltr'><strong>Dioecesim</strong></span> <span class='ocrx_word' id='word_1_160' title='bbox 1717 3158 2019 3240; x_wconf 89' lang='lat' dir='ltr'><strong>ingressus</strong></span> <span class='ocrx_word' id='word_1_161' title='bbox 2041 3163 2163 3228; x_wconf 88' lang='lat' dir='ltr'><strong>est,</strong></span> <span class='ocrx_word' id='word_1_162' title='bbox 2202 3162 2292 3215; x_wconf 89' lang='lat' dir='ltr'><strong>to·</strong></span> 
     </span>
     <span class='ocr_line' id='line_1_26' title="bbox 742 3248 2293 3336; baseline -0.006 -16"><span class='ocrx_word' id='word_1_163' title='bbox 742 3257 855 3320; x_wconf 87' lang='lat' dir='ltr'><strong>ties</strong></span> <span class='ocrx_word' id='word_1_164' title='bbox 880 3255 1119 3318; x_wconf 85' lang='lat' dir='ltr'><strong>mortali</strong></span> <span class='ocrx_word' id='word_1_165' title='bbox 1157 3252 1535 3336; x_wconf 77' lang='lat' dir='ltr'><strong>aegritudine</strong></span> <span class='ocrx_word' id='word_1_166' title='bbox 1560 3259 1898 3333; x_wconf 87' lang='lat' dir='ltr'><strong>correptus,</strong></span> <span class='ocrx_word' id='word_1_167' title='bbox 1925 3270 2033 3312; x_wconf 91' lang='lat' dir='ltr'><strong>nec</strong></span> <span class='ocrx_word' id='word_1_168' title='bbox 2068 3248 2293 3312; x_wconf 81' lang='lat' dir='ltr'><strong>sanita·</strong></span> 
     </span>
     <span class='ocr_line' id='line_1_27' title="bbox 743 3340 2291 3428; baseline -0.007 -14"><span class='ocrx_word' id='word_1_169' title='bbox 743 3362 886 3422; x_wconf 87' lang='lat' dir='ltr'><strong>tem,</strong></span> <span class='ocrx_word' id='word_1_170' title='bbox 903 3370 1010 3412; x_wconf 92' lang='lat' dir='ltr'><strong>nec</strong></span> <span class='ocrx_word' id='word_1_171' title='bbox 1026 3349 1187 3412; x_wconf 79' lang='lat' dir='ltr'><strong>vires</strong></span> <span class='ocrx_word' id='word_1_172' title='bbox 1212 3366 1568 3428; x_wconf 88' lang='lat' dir='ltr'><strong>recuperare</strong></span> <span class='ocrx_word' id='word_1_173' title='bbox 1596 3345 1812 3427; x_wconf 88' lang='lat' dir='ltr'><strong>potuit,</strong></span> <span class='ocrx_word' id='word_1_174' title='bbox 1831 3344 1943 3407; x_wconf 90' lang='lat' dir='ltr'><strong>nisi</strong></span> <span class='ocrx_word' id='word_1_175' title='bbox 1967 3365 2002 3406; x_wconf 93' lang='grc'><strong>9</strong></span> <span class='ocrx_word' id='word_1_176' title='bbox 2028 3340 2291 3406; x_wconf 86' lang='lat' dir='ltr'><strong>Dioecesi</strong></span> 
     </span>
     <span class='ocr_line' id='line_1_28' title="bbox 744 3435 2296 3527; baseline -0.008 -18"><span class='ocrx_word' id='word_1_177' title='bbox 744 3444 1137 3527; x_wconf 89' lang='lat' dir='ltr'><strong>egrediendo,</strong></span> <span class='ocrx_word' id='word_1_178' title='bbox 1165 3451 1226 3505; x_wconf 89' lang='lat' dir='ltr'><strong>et</strong></span> <span class='ocrx_word' id='word_1_179' title='bbox 1253 3443 1329 3504; x_wconf 92' lang='lat' dir='ltr'><strong>ad</strong></span> <span class='ocrx_word' id='word_1_180' title='bbox 1359 3441 1511 3504; x_wconf 89' lang='lat' dir='ltr'><strong>alios</strong></span> <span class='ocrx_word' id='word_1_181' title='bbox 1530 3440 1689 3503; x_wconf 85' lang='lat' dir='ltr'><strong>locos</strong></span> <span class='ocrx_word' id='word_1_182' title='bbox 1716 3438 2120 3502; x_wconf 84' lang='lat' dir='ltr'><strong>clementioris</strong></span> <span class='ocrx_word' id='word_1_183' title='bbox 2139 3435 2296 3499; x_wconf 88' lang='lat' dir='ltr'><strong>aeris</strong></span> 
     </span>
     <span class='ocr_line' id='line_1_29' title="bbox 746 3533 2297 3618; baseline -0.007 -15"><span class='ocrx_word' id='word_1_184' title='bbox 746 3558 813 3603; x_wconf 78' lang='lat' dir='ltr'><strong>se</strong></span> <span class='ocrx_word' id='word_1_185' title='bbox 841 3537 1287 3609; x_wconf 83' lang='lat' dir='ltr'><strong>transferendo,</strong></span> <span class='ocrx_word' id='word_1_186' title='bbox 1317 3555 1474 3618; x_wconf 88' lang='lat' dir='ltr'><strong>quae</strong></span> <span class='ocrx_word' id='word_1_187' title='bbox 1498 3535 1704 3598; x_wconf 90' lang='lat' dir='ltr'><strong>omnia</strong></span> <span class='ocrx_word' id='word_1_188' title='bbox 1729 3535 1908 3608; x_wconf 88' lang='lat' dir='ltr'><strong>dicit,</strong></span> <span class='ocrx_word' id='word_1_189' title='bbox 1938 3553 2002 3597; x_wconf 90' lang='lat' dir='ltr'><strong>se</strong></span> <span class='ocrx_word' id='word_1_190' title='bbox 2037 3533 2297 3615; x_wconf 85' lang='lat' dir='ltr'><strong>probare</strong></span> 
     </span>
     <span class='ocr_line' id='line_1_30' title="bbox 749 3626 2299 3716; baseline -0.006 -19"><span class='ocrx_word' id='word_1_191' title='bbox 749 3653 921 3716; x_wconf 86' lang='lat' dir='ltr'><strong>posse</strong></span> <span class='ocrx_word' id='word_1_192' title='bbox 947 3631 1303 3696; x_wconf 88' lang='lat' dir='ltr'><strong>testimoniis</strong></span> <span class='ocrx_word' id='word_1_193' title='bbox 1332 3630 1705 3694; x_wconf 75' lang='lat' dir='ltr'><strong>Medicorum</strong></span> <span class='ocrx_word' id='word_1_194' title='bbox 1722 3675 1740 3703; x_wconf 90' lang='lat'><strong>,</strong></span> <span class='ocrx_word' id='word_1_195' title='bbox 1775 3629 1935 3692; x_wconf 87' lang='lat' dir='ltr'><strong>Cleri</strong></span> <span class='ocrx_word' id='word_1_196' title='bbox 1964 3628 2091 3702; x_wconf 91' lang='lat' dir='ltr'><strong>sui,</strong></span> <span class='ocrx_word' id='word_1_197' title='bbox 2117 3637 2177 3689; x_wconf 91' lang='lat' dir='ltr'><strong>et</strong></span> <span class='ocrx_word' id='word_1_198' title='bbox 2205 3626 2299 3688; x_wconf 88' lang='lat' dir='ltr'><strong>vi-</strong></span> 
     </span>
     <span class='ocr_line' id='line_1_31' title="bbox 748 3724 2301 3804; baseline -0.005 -14"><span class='ocrx_word' id='word_1_199' title='bbox 748 3728 1027 3791; x_wconf 91' lang='lat' dir='ltr'><strong>cinorum</strong></span> <span class='ocrx_word' id='word_1_200' title='bbox 1049 3726 1485 3789; x_wconf 85' lang='lat' dir='ltr'><strong>Praelatorum.</strong></span> <span class='ocrx_word' id='word_1_201' title='bbox 1500 3727 1814 3788; x_wconf 89' lang='lat' dir='ltr'><strong>Praeterea</strong></span> <span class='ocrx_word' id='word_1_202' title='bbox 1833 3743 1898 3786; x_wconf 87' lang='lat' dir='ltr'><strong>se</strong></span> <span class='ocrx_word' id='word_1_203' title='bbox 1912 3724 2087 3786; x_wconf 82' lang='lat' dir='ltr'><strong>offert</strong></span> <span class='ocrx_word' id='word_1_204' title='bbox 2101 3741 2301 3804; x_wconf 89' lang='lat' dir='ltr'><strong>prom-</strong></span> 
     </span>
     <span class='ocr_line' id='line_1_32' title="bbox 750 3816 2303 3903; baseline -0.005 -19"><span class='ocrx_word' id='word_1_205' title='bbox 750 3830 955 3903; x_wconf 88' lang='lat' dir='ltr'><strong>ptum,</strong></span> <span class='ocrx_word' id='word_1_206' title='bbox 986 3829 1047 3883; x_wconf 88' lang='lat' dir='ltr'><strong>et</strong></span> <span class='ocrx_word' id='word_1_207' title='bbox 1075 3830 1349 3902; x_wconf 87' lang='lat' dir='ltr'><strong>paratum</strong></span> <span class='ocrx_word' id='word_1_208' title='bbox 1382 3819 1458 3882; x_wconf 85' lang='lat' dir='ltr'><strong>ad</strong></span> <span class='ocrx_word' id='word_1_209' title='bbox 1480 3818 1871 3881; x_wconf 73' lang='lat' dir='ltr'><strong>conferendos</strong></span> <span class='ocrx_word' id='word_1_210' title='bbox 1898 3818 2140 3879; x_wconf 87' lang='lat' dir='ltr'><strong>ordines</strong></span> <span class='ocrx_word' id='word_1_211' title='bbox 2176 3816 2303 3879; x_wconf 91' lang='lat' dir='ltr'><strong>suis</strong></span> 
     </span>
     <span class='ocr_line' id='line_1_33' title="bbox 750 3911 2303 3994; baseline -0.001 -18"><span class='ocrx_word' id='word_1_212' title='bbox 750 3914 1131 3977; x_wconf 88' lang='lat' dir='ltr'><strong>Dioecesanis</strong></span> <span class='ocrx_word' id='word_1_213' title='bbox 1149 3914 1211 3974; x_wconf 89' lang='lat' dir='ltr'><strong>in</strong></span> <span class='ocrx_word' id='word_1_214' title='bbox 1237 3913 1500 3994; x_wconf 89' lang='lat' dir='ltr'><strong>quadam</strong></span> <span class='ocrx_word' id='word_1_215' title='bbox 1519 3911 1800 3993; x_wconf 86' lang='lat' dir='ltr'><strong>Cappella</strong></span> <span class='ocrx_word' id='word_1_216' title='bbox 1827 3912 2134 3994; x_wconf 87' lang='lat' dir='ltr'><strong>cujusdam</strong></span> <span class='ocrx_word' id='word_1_217' title='bbox 2158 3931 2303 3975; x_wconf 89' lang='lat' dir='ltr'><strong>suae</strong></span> 
     </span>
     <span class='ocr_line' id='line_1_34' title="bbox 752 4006 2302 4088; baseline -0.003 -16"><span class='ocrx_word' id='word_1_218' title='bbox 752 4009 924 4072; x_wconf 81' lang='lat' dir='ltr'><strong>Arcis</strong></span> <span class='ocrx_word' id='word_1_219' title='bbox 945 4009 1410 4077; x_wconf 84' lang='lat' dir='ltr'><strong>haereditariae,</strong></span> <span class='ocrx_word' id='word_1_220' title='bbox 1441 4026 1550 4088; x_wconf 93' lang='lat' dir='ltr'><strong>pro</strong></span> <span class='ocrx_word' id='word_1_221' title='bbox 1575 4007 1800 4086; x_wconf 88' lang='lat' dir='ltr'><strong>quibus</strong></span> <span class='ocrx_word' id='word_1_222' title='bbox 1835 4006 2187 4087; x_wconf 76' lang='lat' dir='ltr'><strong>peragendis</strong></span> <span class='ocrx_word' id='word_1_223' title='bbox 2216 4016 2302 4068; x_wconf 90' lang='lat' dir='ltr'><strong>te·</strong></span> 
     </span>
     <span class='ocr_line' id='line_1_35' title="bbox 751 4100 2304 4175; baseline -0.001 -10"><span class='ocrx_word' id='word_1_224' title='bbox 751 4111 981 4175; x_wconf 83' lang='lat' dir='ltr'><strong>statur,</strong></span> <span class='ocrx_word' id='word_1_225' title='bbox 1019 4102 1300 4164; x_wconf 88' lang='lat' dir='ltr'><strong>habuisse</strong></span> <span class='ocrx_word' id='word_1_226' title='bbox 1342 4101 1646 4162; x_wconf 82' lang='lat' dir='ltr'><strong>licentiam</strong></span> <span class='ocrx_word' id='word_1_227' title='bbox 1688 4101 1767 4163; x_wconf 92' lang='lat' dir='ltr'><strong>ab</strong></span> <span class='ocrx_word' id='word_1_228' title='bbox 1811 4100 2138 4163; x_wconf 72' lang='lat' dir='ltr'><strong>Ordinatio</strong></span> <span class='ocrx_word' id='word_1_229' title='bbox 2164 4145 2181 4173; x_wconf 90' lang='lat'><strong>,</strong></span> <span class='ocrx_word' id='word_1_230' title='bbox 2225 4103 2304 4164; x_wconf 89' lang='lat' dir='ltr'><strong>ab</strong></span> 
     </span>
     <span class='ocr_line' id='line_1_36' title="bbox 751 4192 1769 4276; baseline -0.005 -18"><span class='ocrx_word' id='word_1_231' title='bbox 751 4195 1046 4276; x_wconf 85' lang='lat' dir='ltr'><strong>Episcopo</strong></span> <span class='ocrx_word' id='word_1_232' title='bbox 1072 4194 1294 4255; x_wconf 89' lang='lat' dir='ltr'><strong>scilicet</strong></span> <span class='ocrx_word' id='word_1_233' title='bbox 1323 4192 1734 4274; x_wconf 84' lang='lat' dir='ltr'><strong>Lagrabiensi.</strong></span> <span class='ocrx_word' id='word_1_234' title='bbox 1766 4231 1769 4234; x_wconf 96' lang='lat'>-</span> 
     </span>
    </p>

    <p class='ocr_par' dir='ltr' id='par_1_6' title="bbox 750 4285 2306 4727">
     <span class='ocr_line' id='line_1_37' title="bbox 874 4285 2305 4368; baseline -0.001 -16"><span class='ocrx_word' id='word_1_235' title='bbox 874 4290 1036 4352; x_wconf 85' lang='lat' dir='ltr'><strong>Haec</strong></span> <span class='ocrx_word' id='word_1_236' title='bbox 1079 4298 1252 4361; x_wconf 82' lang='lat' dir='ltr'><strong>sunt,</strong></span> <span class='ocrx_word' id='word_1_237' title='bbox 1428 4307 1462 4350; x_wconf 90' lang='lat' dir='ltr'><strong>e</strong></span> <span class='ocrx_word' id='word_1_238' title='bbox 1503 4307 1579 4349; x_wconf 88' lang='lat' dir='ltr'><strong>ex</strong></span> <span class='ocrx_word' id='word_1_239' title='bbox 1626 4287 1893 4368; x_wconf 90' lang='lat' dir='ltr'><strong>epistolis</strong></span> <span class='ocrx_word' id='word_1_240' title='bbox 1927 4287 2006 4351; x_wconf 89' lang='lat' dir='ltr'><strong>ab</strong></span> <span class='ocrx_word' id='word_1_241' title='bbox 2048 4285 2305 4351; x_wconf 89' lang='lat' dir='ltr'><strong>Oratore</strong></span> 
     </span>
     <span class='ocr_line' id='line_1_38' title="bbox 750 4308 2305 4461; baseline -0.003 -15"><span class='ocrx_word' id='word_1_242' title='bbox 750 4383 1137 4448; x_wconf 78' lang='lat' dir='ltr'><strong>sanctissimo</strong></span> <span class='ocrx_word' id='word_1_243' title='bbox 1164 4308 1426 4443; x_wconf 54' lang='lat' dir='ltr'><strong>Domffl</strong></span> <span class='ocrx_word' id='word_1_244' title='bbox 1464 4380 1680 4442; x_wconf 89' lang='lat' dir='ltr'><strong>Nostro</strong></span> <span class='ocrx_word' id='word_1_245' title='bbox 1702 4380 1972 4461; x_wconf 88' lang='lat' dir='ltr'><strong>scriptis,</strong></span> <span class='ocrx_word' id='word_1_246' title='bbox 1998 4389 2057 4444; x_wconf 91' lang='lat' dir='ltr'><strong>et</strong></span> <span class='ocrx_word' id='word_1_247' title='bbox 2088 4400 2126 4444; x_wconf 92' lang='lat' dir='ltr'><strong>a</strong></span> <span class='ocrx_word' id='word_1_248' title='bbox 2149 4382 2305 4443; x_wconf 86' lang='lat' dir='ltr'><strong>San-</strong></span> 
     </span>
     <span class='ocr_line' id='line_1_39' title="bbox 753 4472 2303 4557; baseline -0.004 -15"><span class='ocrx_word' id='word_1_249' title='bbox 753 4479 958 4542; x_wconf 89' lang='lat' dir='ltr'><strong>ctitate</strong></span> <span class='ocrx_word' id='word_1_250' title='bbox 983 4476 1105 4537; x_wconf 85' lang='lat' dir='ltr'><strong>Sua</strong></span> <span class='ocrx_word' id='word_1_251' title='bbox 1157 4475 1235 4537; x_wconf 89' lang='lat' dir='ltr'><strong>ad</strong></span> <span class='ocrx_word' id='word_1_252' title='bbox 1281 4475 1439 4538; x_wconf 90' lang='lat' dir='ltr'><strong>hanc</strong></span> <span class='ocrx_word' id='word_1_253' title='bbox 1481 4474 1724 4536; x_wconf 86' lang='lat' dir='ltr'><strong>Sacram</strong></span> <span class='ocrx_word' id='word_1_254' title='bbox 1767 4472 2303 4557; x_wconf 83' lang='lat' dir='ltr'><strong>Congregationem</strong></span> 
     </span>
     <span class='ocr_line' id='line_1_40' title="bbox 754 4567 2306 4700; baseline -0.001 -66"><span class='ocrx_word' id='word_1_255' title='bbox 754 4592 865 4653; x_wconf 89' lang='lat' dir='ltr'><strong>pro</strong></span> <span class='ocrx_word' id='word_1_256' title='bbox 894 4570 1094 4656; x_wconf 82' lang='lat' dir='ltr'><strong>haere</strong></span> <span class='ocrx_word' id='word_1_257' title='bbox 1120 4567 1464 4631; x_wconf 85' lang='lat' dir='ltr'><strong>definienda</strong></span> <span class='ocrx_word' id='word_1_258' title='bbox 1487 4567 1883 4644; x_wconf 83' lang='lat' dir='ltr'><strong>transmissis,</strong></span> <span class='ocrx_word' id='word_1_259' title='bbox 1917 4568 2167 4692; x_wconf 90' lang='lat' dir='ltr'><strong>haurire</strong></span> <span class='ocrx_word' id='word_1_260' title='bbox 2199 4590 2306 4700; x_wconf 88' lang='lat' dir='ltr'><strong>po-</strong></span> 
     </span>
     <span class='ocr_line' id='line_1_41' title="bbox 759 4665 1871 4727; baseline -0.007 0"><span class='ocrx_word' id='word_1_261' title='bbox 759 4665 993 4727; x_wconf 91' lang='lat' dir='ltr'><strong>tui.</strong></span> <span class='ocrx_word' id='word_1_262' title='bbox 1844 4683 1871 4698; x_wconf 57' lang='lat'><strong>⁸-</strong></span> 
     </span>
    </p>

    <p class='ocr_par' dir='ltr' id='par_1_7' title="bbox 873 4729 1595 4838">
     <span class='ocr_line' id='line_1_42' title="bbox 873 4729 1595 4838; baseline -0.008 -17"><span class='ocrx_word' id='word_1_263' title='bbox 873 4729 1165 4838; x_wconf 71' lang='lat' dir='ltr'><strong>Adeoque</strong></span> <span class='ocrx_word' id='word_1_264' title='bbox 1191 4754 1509 4838; x_wconf 86' lang='lat' dir='ltr'><strong>quaeritur</strong></span> <span class='ocrx_word' id='word_1_265' title='bbox 1590 4773 1595 4776; x_wconf 86' lang='lat'>·</span> 
     </span>
    </p>
   </div>
   <div class='ocr_carea' id='block_1_4' title="bbox 875 4827 2384 4934">
    <p class='ocr_par' dir='ltr' id='par_1_8' title="bbox 875 4827 2384 4934">
     <span class='ocr_line' id='line_1_43' title="bbox 875 4827 2384 4934; baseline 0.001 -21"><span class='ocrx_word' id='word_1_266' title='bbox 875 4852 1008 4924; x_wconf 68' lang='lat' dir='ltr'><strong>Aa,</strong></span> <span class='ocrx_word' id='word_1_267' title='bbox 1037 4864 1088 4913; x_wconf 72' lang='lat' dir='ltr'><strong>et</strong></span> <span class='ocrx_word' id='word_1_268' title='bbox 1114 4853 1384 4931; x_wconf 78' lang='lat' dir='ltr'><strong>quomodo</strong></span> <span class='ocrx_word' id='word_1_269' title='bbox 1405 4848 1671 4914; x_wconf 62' lang='lat' dir='ltr'><strong>oratoru</strong></span> <span class='ocrx_word' id='word_1_270' title='bbox 1691 4795 2315 4934; x_wconf 70' lang='lat' dir='ltr'><strong>prmbnsssitannuea-</strong></span> <span class='ocrx_word' id='word_1_271' title='bbox 2381 4827 2384 4832; x_wconf 30' lang='lat'><em>⁶</em></span> 
     </span>
    </p>
   </div>
   <div class='ocr_carea' id='block_1_5' title="bbox 761 4945 1282 5007">
    <p class='ocr_par' dir='ltr' id='par_1_9' title="bbox 761 4945 1282 5007">
     <span class='ocr_line' id='line_1_44' title="bbox 761 4945 1282 5007; baseline -0.002 -1"><span class='ocrx_word' id='word_1_272' title='bbox 761 4945 899 5007; x_wconf 72' lang='lat' dir='ltr'><strong>duni</strong></span> <span class='ocrx_word' id='word_1_273' title='bbox 924 4947 992 5006; x_wconf 75' lang='lat' dir='ltr'><strong>in</strong></span> <span class='ocrx_word' id='word_1_274' title='bbox 1016 4964 1152 5006; x_wconf 79' lang='lat' dir='ltr'><strong>casu</strong></span> <span class='ocrx_word' id='word_1_275' title='bbox 1177 4955 1282 5006; x_wconf 77' lang='lat' dir='ltr'><strong>otc.</strong></span> 
     </span>
    </p>
   </div>
   <div class='ocr_carea' id='block_1_6' title="bbox 776 5130 2200 5296">
    <p class='ocr_par' dir='ltr' id='par_1_10' title="bbox 776 5130 2200 5296">
     <span class='ocr_line' id='line_1_45' title="bbox 776 5130 2200 5216; baseline -0.009 -26"><span class='ocrx_word' id='word_1_276' title='bbox 776 5175 779 5178; x_wconf 95' lang='lat'>-</span> <span class='ocrx_word' id='word_1_277' title='bbox 867 5135 1009 5189; x_wconf 69' lang='lat' dir='ltr'><strong>saer.</strong></span> <span class='ocrx_word' id='word_1_278' title='bbox 1048 5133 1249 5200; x_wconf 67' lang='lat' dir='ltr'><strong>Congr.</strong></span> <span class='ocrx_word' id='word_1_279' title='bbox 1277 5130 1575 5202; x_wconf 75' lang='lat' dir='ltr'><strong>respondit,</strong></span> <span class='ocrx_word' id='word_1_280' title='bbox 1604 5155 1605 5160; x_wconf 47' lang='lat'>¹</span> <span class='ocrx_word' id='word_1_281' title='bbox 1640 5195 1645 5202; x_wconf 94' lang='lat'><strong>.</strong></span> <span class='ocrx_word' id='word_1_282' title='bbox 1680 5157 1749 5216; x_wconf 34' lang='lat'><strong>,³33</strong></span> <span class='ocrx_word' id='word_1_283' title='bbox 1774 5173 1807 5198; x_wconf 70' lang='lat' dir='ltr'><strong>.a</strong></span> <span class='ocrx_word' id='word_1_284' title='bbox 1862 5151 2097 5212; x_wconf 10' lang='grc' dir='ltr'><strong>,ἰπὶ-(ρῳ</strong></span> <span class='ocrx_word' id='word_1_285' title='bbox 2196 5197 2200 5200; x_wconf 17' lang='grc' dir='ltr'>Ἴ</span> 
     </span>
     <span class='ocr_line' id='line_1_46' title="bbox 941 5221 2127 5296; baseline -0.002 -21"><span class='ocrx_word' id='word_1_286' title='bbox 941 5221 1403 5290; x_wconf 62' lang='lat' dir='ltr'><strong>Adseaellenses.</strong></span> <span class='ocrx_word' id='word_1_287' title='bbox 1496 5249 1503 5254; x_wconf 91' lang='lat'><strong>·</strong></span> <span class='ocrx_word' id='word_1_288' title='bbox 1630 5293 1631 5296; x_wconf 8' lang='grc' dir='ltr'><strong>Ἴ</strong></span> <span class='ocrx_word' id='word_1_289' title='bbox 1806 5277 1811 5284; x_wconf 75' lang='grc'><em>,</em></span> <span class='ocrx_word' id='word_1_290' title='bbox 1866 5235 2049 5288; x_wconf 64' lang='lat'><strong>,4:⁶⁶</strong></span> <span class='ocrx_word' id='word_1_291' title='bbox 2078 5243 2127 5292; x_wconf 44' lang='grc' dir='ltr'><strong>..ς</strong></span> 
     </span>
    </p>
   </div>
   <div class='ocr_carea' id='block_1_7' title="bbox 2479 562 3863 879">
    <p class='ocr_par' dir='ltr' id='par_1_11' title="bbox 2479 562 3863 879">
     <span class='ocr_line' id='line_1_47' title="bbox 2901 562 3475 691; baseline -0.007 -13"><span class='ocrx_word' id='word_1_292' title='bbox 2901 606 3261 691; x_wconf 74' lang='lat' dir='ltr'><strong>QuAEsno</strong></span> <span class='ocrx_word' id='word_1_293' title='bbox 3305 562 3475 677; x_wconf 53' lang='lat' dir='ltr'><strong>xv.⁸</strong></span> 
     </span>
     <span class='ocr_line' id='line_1_48' title="bbox 2479 805 3863 879; baseline -0.003 -9"><span class='ocrx_word' id='word_1_294' title='bbox 2479 809 2549 870; x_wconf 77' lang='lat' dir='ltr'><strong>In</strong></span> <span class='ocrx_word' id='word_1_295' title='bbox 2579 807 2771 873; x_wconf 72' lang='lat' dir='ltr'><strong>Causa</strong></span> <span class='ocrx_word' id='word_1_296' title='bbox 2812 807 3171 879; x_wconf 74' lang='lat' dir='ltr'><strong>Florentino,</strong></span> <span class='ocrx_word' id='word_1_297' title='bbox 3205 808 3294 868; x_wconf 78' lang='lat' dir='ltr'><strong>dis</strong></span> <span class='ocrx_word' id='word_1_298' title='bbox 3320 811 3414 869; x_wconf 80' lang='lat'><strong>12.</strong></span> <span class='ocrx_word' id='word_1_299' title='bbox 3461 805 3650 870; x_wconf 76' lang='lat' dir='ltr'><strong>Mart.</strong></span> <span class='ocrx_word' id='word_1_300' title='bbox 3692 811 3863 867; x_wconf 78' lang='grc'><strong>1718.</strong></span> 
     </span>
    </p>
   </div>
   <div class='ocr_carea' id='block_1_8' title="bbox 2397 948 3974 4558">
    <p class='ocr_par' dir='ltr' id='par_1_12' title="bbox 2397 948 3951 1738">
     <span class='ocr_line' id='line_1_49' title="bbox 2397 948 3949 1075; baseline -0.005 -13"><span class='ocrx_word' id='word_1_301' title='bbox 2397 948 2478 1062; x_wconf 84' lang='lat' dir='ltr'><strong>F</strong></span> <span class='ocrx_word' id='word_1_302' title='bbox 2489 999 2789 1061; x_wconf 88' lang='lat' dir='ltr'><strong>ranciscns</strong></span> <span class='ocrx_word' id='word_1_303' title='bbox 2806 998 2881 1059; x_wconf 90' lang='lat' dir='ltr'><strong>de</strong></span> <span class='ocrx_word' id='word_1_304' title='bbox 2899 994 3144 1059; x_wconf 90' lang='lat' dir='ltr'><strong>Ginoris</strong></span> <span class='ocrx_word' id='word_1_305' title='bbox 3170 995 3233 1057; x_wconf 90' lang='lat' dir='ltr'><strong>in</strong></span> <span class='ocrx_word' id='word_1_306' title='bbox 3262 1015 3372 1058; x_wconf 91' lang='lat' dir='ltr'><strong>suo</strong></span> <span class='ocrx_word' id='word_1_307' title='bbox 3397 996 3642 1066; x_wconf 86' lang='lat' dir='ltr'><strong>ultimo.</strong></span> <span class='ocrx_word' id='word_1_308' title='bbox 3663 1017 3799 1059; x_wconf 79' lang='lat' dir='ltr'><strong>cuin</strong></span> <span class='ocrx_word' id='word_1_309' title='bbox 3824 1014 3949 1075; x_wconf 90' lang='lat' dir='ltr'><strong>quo</strong></span> 
     </span>
     <span class='ocr_line' id='line_1_50' title="bbox 2399 1089 3944 1164; baseline -0.004 -10"><span class='ocrx_word' id='word_1_310' title='bbox 2399 1092 2647 1154; x_wconf 88' lang='lat' dir='ltr'><strong>decessit</strong></span> <span class='ocrx_word' id='word_1_311' title='bbox 2678 1092 3092 1164; x_wconf 84' lang='lat' dir='ltr'><strong>Testamento,</strong></span> <span class='ocrx_word' id='word_1_312' title='bbox 3137 1089 3451 1152; x_wconf 88' lang='lat' dir='ltr'><strong>haeredem</strong></span> <span class='ocrx_word' id='word_1_313' title='bbox 3480 1090 3742 1153; x_wconf 86' lang='lat' dir='ltr'><strong>instituit</strong></span> <span class='ocrx_word' id='word_1_314' title='bbox 3783 1090 3944 1151; x_wconf 86' lang='lat' dir='ltr'><strong>Tho-</strong></span> 
     </span>
     <span class='ocr_line' id='line_1_51' title="bbox 2399 1182 3942 1265; baseline -0.004 -17"><span class='ocrx_word' id='word_1_315' title='bbox 2399 1206 2558 1248; x_wconf 88' lang='lat' dir='ltr'><strong>mam</strong></span> <span class='ocrx_word' id='word_1_316' title='bbox 2591 1184 2821 1257; x_wconf 82' lang='lat' dir='ltr'><strong>filium,</strong></span> <span class='ocrx_word' id='word_1_317' title='bbox 2844 1183 3022 1265; x_wconf 89' lang='lat' dir='ltr'><strong>eique</strong></span> <span class='ocrx_word' id='word_1_318' title='bbox 3048 1183 3466 1255; x_wconf 83' lang='lat' dir='ltr'><strong>demandavit,</strong></span> <span class='ocrx_word' id='word_1_319' title='bbox 3490 1192 3559 1245; x_wconf 90' lang='lat' dir='ltr'><strong>ut</strong></span> <span class='ocrx_word' id='word_1_320' title='bbox 3598 1182 3942 1264; x_wconf 88' lang='lat' dir='ltr'><strong>Cappellam</strong></span> 
     </span>
     <span class='ocr_line' id='line_1_52' title="bbox 2398 1275 3949 1361; baseline -0.003 -20"><span class='ocrx_word' id='word_1_321' title='bbox 2398 1299 2432 1341; x_wconf 92' lang='lat' dir='ltr'><strong>a</strong></span> <span class='ocrx_word' id='word_1_322' title='bbox 2453 1300 2515 1341; x_wconf 88' lang='lat' dir='ltr'><strong>se</strong></span> <span class='ocrx_word' id='word_1_323' title='bbox 2537 1287 2802 1361; x_wconf 87' lang='lat' dir='ltr'><strong>emptam</strong></span> <span class='ocrx_word' id='word_1_324' title='bbox 2826 1279 2941 1340; x_wconf 91' lang='lat' dir='ltr'><strong>sub</strong></span> <span class='ocrx_word' id='word_1_325' title='bbox 2972 1276 3349 1339; x_wconf 89' lang='lat' dir='ltr'><strong>invocatione</strong></span> <span class='ocrx_word' id='word_1_326' title='bbox 3376 1278 3480 1339; x_wconf 90' lang='lat' dir='ltr'><strong>SS.</strong></span> <span class='ocrx_word' id='word_1_327' title='bbox 3514 1275 3817 1338; x_wconf 87' lang='lat' dir='ltr'><strong>Francisci</strong></span> <span class='ocrx_word' id='word_1_328' title='bbox 3836 1320 3854 1349; x_wconf 96' lang='lat'><strong>,</strong></span> <span class='ocrx_word' id='word_1_329' title='bbox 3887 1283 3949 1337; x_wconf 91' lang='grc'><strong>91</strong></span> 
     </span>
     <span class='ocr_line' id='line_1_53' title="bbox 2399 1372 3951 1456; baseline -0.002 -21"><span class='ocrx_word' id='word_1_330' title='bbox 2399 1373 2757 1456; x_wconf 82' lang='lat' dir='ltr'><strong>Hieronymi</strong></span> <span class='ocrx_word' id='word_1_331' title='bbox 2790 1373 3023 1435; x_wconf 90' lang='lat' dir='ltr'><strong>dotaret</strong></span> <span class='ocrx_word' id='word_1_332' title='bbox 3053 1373 3115 1433; x_wconf 90' lang='lat' dir='ltr'><strong>in</strong></span> <span class='ocrx_word' id='word_1_333' title='bbox 3152 1372 3396 1434; x_wconf 82' lang='lat' dir='ltr'><strong>florenis</strong></span> <span class='ocrx_word' id='word_1_334' title='bbox 3422 1372 3804 1454; x_wconf 82' lang='lat' dir='ltr'><strong>quingentis:</strong></span> <span class='ocrx_word' id='word_1_335' title='bbox 3838 1390 3951 1452; x_wconf 91' lang='lat' dir='ltr'><strong>pro</strong></span> 
     </span>
     <span class='ocr_line' id='line_1_54' title="bbox 2397 1464 3950 1550; baseline -0.003 -19"><span class='ocrx_word' id='word_1_336' title='bbox 2397 1489 2519 1550; x_wconf 85' lang='lat' dir='ltr'><strong>qua</strong></span> <span class='ocrx_word' id='word_1_337' title='bbox 2539 1467 2844 1532; x_wconf 91' lang='lat' dir='ltr'><strong>dotatione</strong></span> <span class='ocrx_word' id='word_1_338' title='bbox 2859 1464 3152 1549; x_wconf 87' lang='lat' dir='ltr'><strong>obligavit</strong></span> <span class='ocrx_word' id='word_1_339' title='bbox 3174 1469 3429 1528; x_wconf 87' lang='lat' dir='ltr'><strong>Domum</strong></span> <span class='ocrx_word' id='word_1_340' title='bbox 3458 1486 3758 1549; x_wconf 89' lang='lat' dir='ltr'><strong>magnam,</strong></span> <span class='ocrx_word' id='word_1_341' title='bbox 3789 1467 3863 1528; x_wconf 92' lang='lat' dir='ltr'><strong>ad</strong></span> <span class='ocrx_word' id='word_1_342' title='bbox 3884 1484 3950 1527; x_wconf 88' lang='lat' dir='ltr'><strong>se</strong></span> 
     </span>
     <span class='ocr_line' id='line_1_55' title="bbox 2400 1560 3948 1642; baseline -0.003 -19"><span class='ocrx_word' id='word_1_343' title='bbox 2400 1562 2794 1642; x_wconf 86' lang='lat' dir='ltr'><strong>pertinentem</strong></span> <span class='ocrx_word' id='word_1_344' title='bbox 2816 1608 2832 1631; x_wconf 88' lang='lat'><strong>,</strong></span> <span class='ocrx_word' id='word_1_345' title='bbox 2858 1561 2945 1622; x_wconf 88' lang='lat' dir='ltr'><strong>uti</strong></span> <span class='ocrx_word' id='word_1_346' title='bbox 2973 1560 3308 1622; x_wconf 88' lang='lat' dir='ltr'><strong>desumitur</strong></span> <span class='ocrx_word' id='word_1_347' title='bbox 3340 1579 3418 1622; x_wconf 82' lang='lat' dir='ltr'><strong>ex</strong></span> <span class='ocrx_word' id='word_1_348' title='bbox 3443 1562 3823 1623; x_wconf 87' lang='lat' dir='ltr'><strong>Testamento</strong></span> <span class='ocrx_word' id='word_1_349' title='bbox 3846 1576 3948 1619; x_wconf 88' lang='lat' dir='ltr'><strong>ro-</strong></span> 
     </span>
     <span class='ocr_line' id='line_1_56' title="bbox 2398 1659 2927 1738; baseline -0.004 -22"><span class='ocrx_word' id='word_1_350' title='bbox 2398 1668 2536 1738; x_wconf 85' lang='lat' dir='ltr'><strong>gato</strong></span> <span class='ocrx_word' id='word_1_351' title='bbox 2563 1674 2726 1719; x_wconf 87' lang='lat' dir='ltr'><strong>anno</strong></span> <span class='ocrx_word' id='word_1_352' title='bbox 2754 1659 2927 1718; x_wconf 62' lang='lat'><strong>1448.</strong></span> 
     </span>
    </p>

    <p class='ocr_par' dir='ltr' id='par_1_13' title="bbox 2398 1747 3960 2939">
     <span class='ocr_line' id='line_1_57' title="bbox 2519 1747 3950 1811; baseline -0.001 -2"><span class='ocrx_word' id='word_1_353' title='bbox 2519 1748 2767 1811; x_wconf 88' lang='lat' dir='ltr'><strong>Nullum</strong></span> <span class='ocrx_word' id='word_1_354' title='bbox 2797 1749 2858 1809; x_wconf 89' lang='lat' dir='ltr'><strong>in</strong></span> <span class='ocrx_word' id='word_1_355' title='bbox 2901 1747 3060 1810; x_wconf 89' lang='lat' dir='ltr'><strong>dicto</strong></span> <span class='ocrx_word' id='word_1_356' title='bbox 3088 1748 3464 1811; x_wconf 88' lang='lat' dir='ltr'><strong>Testamento</strong></span> <span class='ocrx_word' id='word_1_357' title='bbox 3497 1747 3615 1811; x_wconf 83' lang='lat' dir='ltr'><strong>fuit</strong></span> <span class='ocrx_word' id='word_1_358' title='bbox 3654 1766 3808 1810; x_wconf 91' lang='lat' dir='ltr'><strong>onus</strong></span> <span class='ocrx_word' id='word_1_359' title='bbox 3833 1747 3950 1808; x_wconf 90' lang='lat' dir='ltr'><strong>im-</strong></span> 
     </span>
     <span class='ocr_line' id='line_1_58' title="bbox 2399 1842 3951 1924; baseline -0.001 -22"><span class='ocrx_word' id='word_1_360' title='bbox 2399 1843 2657 1924; x_wconf 85' lang='lat' dir='ltr'><strong>positum</strong></span> <span class='ocrx_word' id='word_1_361' title='bbox 2705 1843 2935 1905; x_wconf 75' lang='lat' dir='ltr'><strong>[lectori</strong></span> <span class='ocrx_word' id='word_1_362' title='bbox 2972 1842 3326 1924; x_wconf 81' lang='lat' dir='ltr'><strong>Cappellae:</strong></span> <span class='ocrx_word' id='word_1_363' title='bbox 3361 1842 3635 1923; x_wconf 86' lang='lat' dir='ltr'><strong>adeoque</strong></span> <span class='ocrx_word' id='word_1_364' title='bbox 3652 1842 3951 1922; x_wconf 84' lang='lat' dir='ltr'><strong>Junipera</strong></span> 
     </span>
     <span class='ocr_line' id='line_1_59' title="bbox 2402 1934 3952 1999; baseline 0.001 -4"><span class='ocrx_word' id='word_1_365' title='bbox 2402 1937 2496 1999; x_wconf 85' lang='lat' dir='ltr'><strong>del</strong></span> <span class='ocrx_word' id='word_1_366' title='bbox 2531 1937 2757 1998; x_wconf 85' lang='lat' dir='ltr'><strong>Benino</strong></span> <span class='ocrx_word' id='word_1_367' title='bbox 2786 1937 2985 1999; x_wconf 84' lang='lat' dir='ltr'><strong>Vidua</strong></span> <span class='ocrx_word' id='word_1_368' title='bbox 3010 1938 3275 1999; x_wconf 86' lang='lat' dir='ltr'><strong>Thomae</strong></span> <span class='ocrx_word' id='word_1_369' title='bbox 3305 1934 3414 1997; x_wconf 84' lang='lat' dir='ltr'><strong>filii</strong></span> <span class='ocrx_word' id='word_1_370' title='bbox 3460 1936 3736 1998; x_wconf 83' lang='lat' dir='ltr'><strong>haeredis</strong></span> <span class='ocrx_word' id='word_1_371' title='bbox 3775 1934 3952 1999; x_wconf 82' lang='lat' dir='ltr'><strong>insti-</strong></span> 
     </span>
     <span class='ocr_line' id='line_1_60' title="bbox 2401 2030 3953 2111; baseline 0 -18"><span class='ocrx_word' id='word_1_372' title='bbox 2401 2031 2550 2102; x_wconf 90' lang='lat' dir='ltr'><strong>tuti,</strong></span> <span class='ocrx_word' id='word_1_373' title='bbox 2580 2030 2951 2093; x_wconf 86' lang='lat' dir='ltr'><strong>deveniendo</strong></span> <span class='ocrx_word' id='word_1_374' title='bbox 2974 2032 3049 2094; x_wconf 90' lang='lat' dir='ltr'><strong>ad</strong></span> <span class='ocrx_word' id='word_1_375' title='bbox 3085 2030 3407 2111; x_wconf 86' lang='lat' dir='ltr'><strong>Cappellae</strong></span> <span class='ocrx_word' id='word_1_376' title='bbox 3429 2030 3793 2092; x_wconf 91' lang='lat' dir='ltr'><strong>dotationem</strong></span> <span class='ocrx_word' id='word_1_377' title='bbox 3818 2074 3835 2103; x_wconf 93' lang='lat'>‚</span> <span class='ocrx_word' id='word_1_378' title='bbox 3862 2049 3953 2093; x_wconf 86' lang='lat' dir='ltr'><strong>as·</strong></span> 
     </span>
     <span class='ocr_line' id='line_1_61' title="bbox 2398 2124 3946 2208; baseline -0.001 -22"><span class='ocrx_word' id='word_1_379' title='bbox 2398 2124 2660 2208; x_wconf 86' lang='lat' dir='ltr'><strong>signavit</strong></span> <span class='ocrx_word' id='word_1_380' title='bbox 2682 2145 2789 2205; x_wconf 91' lang='lat' dir='ltr'><strong>pro</strong></span> <span class='ocrx_word' id='word_1_381' title='bbox 2822 2126 3012 2206; x_wconf 90' lang='lat' dir='ltr'><strong>pretio</strong></span> <span class='ocrx_word' id='word_1_382' title='bbox 3034 2126 3402 2187; x_wconf 82' lang='lat' dir='ltr'><strong>florenorum</strong></span> <span class='ocrx_word' id='word_1_383' title='bbox 3432 2124 3902 2206; x_wconf 89' lang='lat' dir='ltr'><strong>quingentorum</strong></span> <span class='ocrx_word' id='word_1_384' title='bbox 3928 2172 3946 2197; x_wconf 91' lang='lat'><strong>,</strong></span> 
     </span>
     <span class='ocr_line' id='line_1_62' title="bbox 2398 2217 3953 2303; baseline 0.001 -22"><span class='ocrx_word' id='word_1_385' title='bbox 2398 2230 2622 2299; x_wconf 87' lang='lat' dir='ltr'><strong>septem</strong></span> <span class='ocrx_word' id='word_1_386' title='bbox 2649 2229 2846 2300; x_wconf 88' lang='lat' dir='ltr'><strong>partes</strong></span> <span class='ocrx_word' id='word_1_387' title='bbox 2873 2221 3181 2303; x_wconf 85' lang='lat' dir='ltr'><strong>cujusdam</strong></span> <span class='ocrx_word' id='word_1_388' title='bbox 3212 2218 3581 2300; x_wconf 82' lang='lat' dir='ltr'><strong>Apothecae,</strong></span> <span class='ocrx_word' id='word_1_389' title='bbox 3608 2217 3777 2280; x_wconf 86' lang='lat' dir='ltr'><strong>nulla</strong></span> <span class='ocrx_word' id='word_1_390' title='bbox 3795 2218 3953 2282; x_wconf 81' lang='lat' dir='ltr'><strong>facta</strong></span> 
     </span>
     <span class='ocr_line' id='line_1_63' title="bbox 2401 2311 3954 2394; baseline 0 -21"><span class='ocrx_word' id='word_1_391' title='bbox 2401 2315 2604 2375; x_wconf 89' lang='lat' dir='ltr'><strong>oneris</strong></span> <span class='ocrx_word' id='word_1_392' title='bbox 2639 2314 2977 2386; x_wconf 88' lang='lat' dir='ltr'><strong>mentione,</strong></span> <span class='ocrx_word' id='word_1_393' title='bbox 3010 2315 3098 2376; x_wconf 90' lang='lat' dir='ltr'><strong>uti</strong></span> <span class='ocrx_word' id='word_1_394' title='bbox 3136 2313 3364 2394; x_wconf 88' lang='lat' dir='ltr'><strong>pariter</strong></span> <span class='ocrx_word' id='word_1_395' title='bbox 3396 2311 3702 2393; x_wconf 89' lang='lat' dir='ltr'><strong>colligitur</strong></span> <span class='ocrx_word' id='word_1_396' title='bbox 3736 2330 3812 2373; x_wconf 88' lang='lat' dir='ltr'><strong>ex</strong></span> <span class='ocrx_word' id='word_1_397' title='bbox 3839 2332 3954 2394; x_wconf 88' lang='lat' dir='ltr'><strong>pu-</strong></span> 
     </span>
     <span class='ocr_line' id='line_1_64' title="bbox 2402 2404 3954 2487; baseline 0 -20"><span class='ocrx_word' id='word_1_398' title='bbox 2402 2407 2561 2467; x_wconf 88' lang='lat' dir='ltr'><strong>blico</strong></span> <span class='ocrx_word' id='word_1_399' title='bbox 2585 2408 3026 2481; x_wconf 82' lang='lat' dir='ltr'><strong>Instrumento,</strong></span> <span class='ocrx_word' id='word_1_400' title='bbox 3061 2415 3270 2487; x_wconf 90' lang='lat' dir='ltr'><strong>rogato</strong></span> <span class='ocrx_word' id='word_1_401' title='bbox 3296 2426 3400 2468; x_wconf 87' lang='lat' dir='ltr'><strong>an.</strong></span> <span class='ocrx_word' id='word_1_402' title='bbox 3444 2410 3618 2466; x_wconf 66' lang='lat'><strong>1492.</strong></span> <span class='ocrx_word' id='word_1_403' title='bbox 3657 2414 3715 2466; x_wconf 90' lang='lat' dir='ltr'><strong>et</strong></span> <span class='ocrx_word' id='word_1_404' title='bbox 3738 2404 3954 2467; x_wconf 87' lang='lat' dir='ltr'><strong>cohae-</strong></span> 
     </span>
     <span class='ocr_line' id='line_1_65' title="bbox 2402 2499 3956 2565; baseline -0.001 -4"><span class='ocrx_word' id='word_1_405' title='bbox 2402 2511 2603 2564; x_wconf 87' lang='lat' dir='ltr'><strong>renter</strong></span> <span class='ocrx_word' id='word_1_406' title='bbox 2648 2501 2725 2564; x_wconf 84' lang='lat' dir='ltr'><strong>ad</strong></span> <span class='ocrx_word' id='word_1_407' title='bbox 2773 2501 2920 2565; x_wconf 88' lang='lat' dir='ltr'><strong>haec</strong></span> <span class='ocrx_word' id='word_1_408' title='bbox 2966 2501 3029 2562; x_wconf 93' lang='lat' dir='ltr'><strong>in</strong></span> <span class='ocrx_word' id='word_1_409' title='bbox 3072 2499 3421 2563; x_wconf 86' lang='lat' dir='ltr'><strong>luventario</strong></span> <span class='ocrx_word' id='word_1_410' title='bbox 3467 2499 3613 2562; x_wconf 91' lang='lat' dir='ltr'><strong>anni</strong></span> <span class='ocrx_word' id='word_1_411' title='bbox 3668 2504 3842 2560; x_wconf 83' lang='grc'><strong>1563.</strong></span> <span class='ocrx_word' id='word_1_412' title='bbox 3892 2499 3956 2560; x_wconf 90' lang='lat' dir='ltr'><strong>in</strong></span> 
     </span>
     <span class='ocr_line' id='line_1_66' title="bbox 2400 2593 3955 2676; baseline -0.001 -20"><span class='ocrx_word' id='word_1_413' title='bbox 2400 2596 2562 2657; x_wconf 82' lang='lat' dir='ltr'><strong>Actis</strong></span> <span class='ocrx_word' id='word_1_414' title='bbox 2586 2595 2861 2658; x_wconf 84' lang='lat' dir='ltr'><strong>exhibito</strong></span> <span class='ocrx_word' id='word_1_415' title='bbox 2881 2615 2987 2676; x_wconf 89' lang='lat' dir='ltr'><strong>per</strong></span> <span class='ocrx_word' id='word_1_416' title='bbox 3017 2605 3160 2659; x_wconf 90' lang='lat' dir='ltr'><strong>tunc</strong></span> <span class='ocrx_word' id='word_1_417' title='bbox 3184 2595 3471 2675; x_wconf 87' lang='lat' dir='ltr'><strong>temporis</strong></span> <span class='ocrx_word' id='word_1_418' title='bbox 3498 2593 3819 2675; x_wconf 82' lang='lat' dir='ltr'><strong>Cappellae</strong></span> <span class='ocrx_word' id='word_1_419' title='bbox 3839 2595 3955 2656; x_wconf 84' lang='lat' dir='ltr'><strong>Re-</strong></span> 
     </span>
     <span class='ocr_line' id='line_1_67' title="bbox 2398 2686 3960 2767; baseline -0.001 -17"><span class='ocrx_word' id='word_1_420' title='bbox 2398 2698 2623 2750; x_wconf 87' lang='lat' dir='ltr'><strong>ctorem</strong></span> <span class='ocrx_word' id='word_1_421' title='bbox 2640 2734 2659 2764; x_wconf 93' lang='lat'><strong>,</strong></span> <span class='ocrx_word' id='word_1_422' title='bbox 2680 2689 3072 2763; x_wconf 81' lang='lat' dir='ltr'><strong>enunciatur,</strong></span> <span class='ocrx_word' id='word_1_423' title='bbox 3096 2686 3317 2750; x_wconf 86' lang='lat' dir='ltr'><strong>dic&#39;tam</strong></span> <span class='ocrx_word' id='word_1_424' title='bbox 3338 2687 3687 2767; x_wconf 84' lang='lat' dir='ltr'><strong>Cappellam</strong></span> <span class='ocrx_word' id='word_1_425' title='bbox 3707 2705 3829 2749; x_wconf 90' lang='lat' dir='ltr'><strong>non</strong></span> <span class='ocrx_word' id='word_1_426' title='bbox 3856 2687 3960 2748; x_wconf 81' lang='lat' dir='ltr'><strong>ha—</strong></span> 
     </span>
     <span class='ocr_line' id='line_1_68' title="bbox 2401 2781 3957 2862; baseline -0.003 -16"><span class='ocrx_word' id='word_1_427' title='bbox 2401 2784 2543 2846; x_wconf 89' lang='lat' dir='ltr'><strong>bere</strong></span> <span class='ocrx_word' id='word_1_428' title='bbox 2581 2803 2775 2855; x_wconf 88' lang='lat' dir='ltr'><strong>onus,</strong></span> <span class='ocrx_word' id='word_1_429' title='bbox 2820 2783 2936 2851; x_wconf 89' lang='lat' dir='ltr'><strong>nisi</strong></span> <span class='ocrx_word' id='word_1_430' title='bbox 2976 2781 3393 2845; x_wconf 82' lang='lat' dir='ltr'><strong>subventionis</strong></span> <span class='ocrx_word' id='word_1_431' title='bbox 3439 2781 3812 2843; x_wconf 89' lang='lat' dir='ltr'><strong>decimarum</strong></span> <span class='ocrx_word' id='word_1_432' title='bbox 3845 2799 3957 2862; x_wconf 89' lang='lat' dir='ltr'><strong>pro</strong></span> 
     </span>
     <span class='ocr_line' id='line_1_69' title="bbox 2399 2877 2870 2939; baseline 0 -2"><span class='ocrx_word' id='word_1_433' title='bbox 2399 2877 2611 2939; x_wconf 86' lang='lat' dir='ltr'><strong>Studio</strong></span> <span class='ocrx_word' id='word_1_434' title='bbox 2632 2877 2870 2938; x_wconf 86' lang='lat' dir='ltr'><strong>Pisano.</strong></span> 
     </span>
    </p>

    <p class='ocr_par' dir='ltr' id='par_1_14' title="bbox 2401 2967 3974 4558">
     <span class='ocr_line' id='line_1_70' title="bbox 2517 2967 3961 3053; baseline -0.004 -20"><span class='ocrx_word' id='word_1_435' title='bbox 2517 2975 2694 3053; x_wconf 79' lang='lat' dir='ltr'><strong>¹Anno</strong></span> <span class='ocrx_word' id='word_1_436' title='bbox 2725 2978 2900 3034; x_wconf 89' lang='grc'><strong>1596.</strong></span> <span class='ocrx_word' id='word_1_437' title='bbox 2950 2979 3161 3033; x_wconf 81' lang='lat' dir='ltr'><strong>exorta</strong></span> <span class='ocrx_word' id='word_1_438' title='bbox 3200 2969 3318 3032; x_wconf 83' lang='lat' dir='ltr'><strong>fuit</strong></span> <span class='ocrx_word' id='word_1_439' title='bbox 3350 2967 3756 3031; x_wconf 83' lang='lat' dir='ltr'><strong>controversia</strong></span> <span class='ocrx_word' id='word_1_440' title='bbox 3800 2968 3961 3030; x_wconf 86' lang='lat' dir='ltr'><strong>inter</strong></span> 
     </span>
     <span class='ocr_line' id='line_1_71' title="bbox 2401 3061 3959 3143; baseline -0.006 -12"><span class='ocrx_word' id='word_1_441' title='bbox 2401 3070 2741 3141; x_wconf 85' lang='lat' dir='ltr'><strong>Rectorem,</strong></span> <span class='ocrx_word' id='word_1_442' title='bbox 2777 3075 2836 3128; x_wconf 90' lang='lat' dir='ltr'><strong>et</strong></span> <span class='ocrx_word' id='word_1_443' title='bbox 2868 3064 3170 3137; x_wconf 85' lang='lat' dir='ltr'><strong>Priorem,</strong></span> <span class='ocrx_word' id='word_1_444' title='bbox 3194 3071 3257 3125; x_wconf 88' lang='lat' dir='ltr'><strong>et</strong></span> <span class='ocrx_word' id='word_1_445' title='bbox 3294 3062 3626 3126; x_wconf 90' lang='lat' dir='ltr'><strong>Canonicos</strong></span> <span class='ocrx_word' id='word_1_446' title='bbox 3663 3061 3959 3143; x_wconf 84' lang='lat' dir='ltr'><strong>Collegia·</strong></span> 
     </span>
     <span class='ocr_line' id='line_1_72' title="bbox 2401 3157 3961 3239; baseline -0.004 -14"><span class='ocrx_word' id='word_1_447' title='bbox 2401 3171 2497 3225; x_wconf 91' lang='lat' dir='ltr'><strong>tae</strong></span> <span class='ocrx_word' id='word_1_448' title='bbox 2528 3161 2823 3224; x_wconf 87' lang='lat' dir='ltr'><strong>Ecclesiae</strong></span> <span class='ocrx_word' id='word_1_449' title='bbox 2848 3160 3048 3223; x_wconf 89' lang='lat' dir='ltr'><strong>Sancti</strong></span> <span class='ocrx_word' id='word_1_450' title='bbox 3096 3159 3438 3230; x_wconf 89' lang='lat' dir='ltr'><strong>Laurentii,</strong></span> <span class='ocrx_word' id='word_1_451' title='bbox 3466 3158 3527 3218; x_wconf 91' lang='lat' dir='ltr'><strong>in</strong></span> <span class='ocrx_word' id='word_1_452' title='bbox 3556 3176 3679 3238; x_wconf 88' lang='lat' dir='ltr'><strong>qua</strong></span> <span class='ocrx_word' id='word_1_453' title='bbox 3706 3157 3961 3239; x_wconf 87' lang='lat' dir='ltr'><strong>Cappel-</strong></span> 
     </span>
     <span class='ocr_line' id='line_1_73' title="bbox 2401 3250 3961 3336; baseline -0.002 -18"><span class='ocrx_word' id='word_1_454' title='bbox 2401 3257 2462 3320; x_wconf 86' lang='lat' dir='ltr'><strong>la</strong></span> <span class='ocrx_word' id='word_1_455' title='bbox 2486 3257 2600 3322; x_wconf 88' lang='lat' dir='ltr'><strong>sita</strong></span> <span class='ocrx_word' id='word_1_456' title='bbox 2621 3265 2740 3330; x_wconf 87' lang='lat' dir='ltr'><strong>est,</strong></span> <span class='ocrx_word' id='word_1_457' title='bbox 2769 3265 2830 3318; x_wconf 88' lang='grc'><strong>91</strong></span> <span class='ocrx_word' id='word_1_458' title='bbox 2856 3254 3173 3336; x_wconf 84' lang='lat' dir='ltr'><strong>Cappellae</strong></span> <span class='ocrx_word' id='word_1_459' title='bbox 3195 3256 3505 3317; x_wconf 85' lang='lat' dir='ltr'><strong>Rectorem</strong></span> <span class='ocrx_word' id='word_1_460' title='bbox 3521 3297 3539 3326; x_wconf 96' lang='lat'><strong>,</strong></span> <span class='ocrx_word' id='word_1_461' title='bbox 3562 3252 3669 3333; x_wconf 93' lang='lat' dir='ltr'><strong>qui</strong></span> <span class='ocrx_word' id='word_1_462' title='bbox 3700 3250 3902 3313; x_wconf 83' lang='lat' dir='ltr'><strong>fuerat</strong></span> <span class='ocrx_word' id='word_1_463' title='bbox 3922 3269 3961 3315; x_wconf 83' lang='lat' dir='ltr'><strong>a</strong></span> 
     </span>
     <span class='ocr_line' id='line_1_74' title="bbox 2402 3345 3963 3431; baseline -0.006 -17"><span class='ocrx_word' id='word_1_464' title='bbox 2402 3349 2718 3414; x_wconf 86' lang='lat' dir='ltr'><strong>Canonicis</strong></span> <span class='ocrx_word' id='word_1_465' title='bbox 2757 3359 3108 3431; x_wconf 88' lang='lat' dir='ltr'><strong>punctatus,</strong></span> <span class='ocrx_word' id='word_1_466' title='bbox 3132 3368 3209 3411; x_wconf 83' lang='lat' dir='ltr'><strong>ex</strong></span> <span class='ocrx_word' id='word_1_467' title='bbox 3249 3366 3373 3428; x_wconf 92' lang='lat' dir='ltr'><strong>quo</strong></span> <span class='ocrx_word' id='word_1_468' title='bbox 3400 3346 3599 3409; x_wconf 87' lang='lat' dir='ltr'><strong>Choro</strong></span> <span class='ocrx_word' id='word_1_469' title='bbox 3621 3365 3741 3407; x_wconf 91' lang='lat' dir='ltr'><strong>non</strong></span> <span class='ocrx_word' id='word_1_470' title='bbox 3772 3345 3963 3406; x_wconf 88' lang='lat' dir='ltr'><strong>inter-</strong></span> 
     </span>
     <span class='ocr_line' id='line_1_75' title="bbox 2402 3436 3962 3508; baseline -0.004 -2"><span class='ocrx_word' id='word_1_471' title='bbox 2402 3444 2632 3507; x_wconf 85' lang='lat' dir='ltr'><strong>fuerat:</strong></span> <span class='ocrx_word' id='word_1_472' title='bbox 2686 3446 2763 3507; x_wconf 89' lang='lat' dir='ltr'><strong>Et</strong></span> <span class='ocrx_word' id='word_1_473' title='bbox 2814 3443 3256 3506; x_wconf 84' lang='lat' dir='ltr'><strong>controversiae</strong></span> <span class='ocrx_word' id='word_1_474' title='bbox 3304 3440 3605 3503; x_wconf 88' lang='lat' dir='ltr'><strong>decisione</strong></span> <span class='ocrx_word' id='word_1_475' title='bbox 3646 3436 3962 3508; x_wconf 85' lang='lat' dir='ltr'><strong>commissa</strong></span> 
     </span>
     <span class='ocr_line' id='line_1_76' title="bbox 2408 3530 3966 3619; baseline -0.004 -19"><span class='ocrx_word' id='word_1_476' title='bbox 2408 3549 2549 3601; x_wconf 91' lang='lat' dir='ltr'><strong>tunc</strong></span> <span class='ocrx_word' id='word_1_477' title='bbox 2572 3538 2856 3619; x_wconf 85' lang='lat' dir='ltr'><strong>temporis</strong></span> <span class='ocrx_word' id='word_1_478' title='bbox 2871 3536 3116 3599; x_wconf 88' lang='lat' dir='ltr'><strong>Vicario</strong></span> <span class='ocrx_word' id='word_1_479' title='bbox 3133 3533 3413 3598; x_wconf 89' lang='lat' dir='ltr'><strong>Generali</strong></span> <span class='ocrx_word' id='word_1_480' title='bbox 3448 3532 3825 3605; x_wconf 88' lang='lat' dir='ltr'><strong>Florentino,</strong></span> <span class='ocrx_word' id='word_1_481' title='bbox 3845 3530 3966 3593; x_wconf 82' lang='lat' dir='ltr'><strong>fuit</strong></span> 
     </span>
     <span class='ocr_line' id='line_1_77' title="bbox 2405 3627 3960 3705; baseline -0.005 -11"><span class='ocrx_word' id='word_1_482' title='bbox 2405 3632 2483 3694; x_wconf 90' lang='lat' dir='ltr'><strong>ab</strong></span> <span class='ocrx_word' id='word_1_483' title='bbox 2505 3632 2713 3695; x_wconf 90' lang='lat' dir='ltr'><strong>eodem</strong></span> <span class='ocrx_word' id='word_1_484' title='bbox 2740 3631 3169 3694; x_wconf 90' lang='lat' dir='ltr'><strong>demandatum</strong></span> <span class='ocrx_word' id='word_1_485' title='bbox 3194 3675 3212 3703; x_wconf 90' lang='lat'><strong>,</strong></span> <span class='ocrx_word' id='word_1_486' title='bbox 3244 3636 3309 3690; x_wconf 92' lang='lat' dir='ltr'><strong>ut</strong></span> <span class='ocrx_word' id='word_1_487' title='bbox 3336 3627 3682 3689; x_wconf 89' lang='lat' dir='ltr'><strong>delerentur</strong></span> <span class='ocrx_word' id='word_1_488' title='bbox 3711 3633 3960 3705; x_wconf 83' lang='lat' dir='ltr'><strong>puncta-</strong></span> 
     </span>
     <span class='ocr_line' id='line_1_78' title="bbox 2411 3719 3964 3807; baseline -0.006 -17"><span class='ocrx_word' id='word_1_489' title='bbox 2411 3737 2610 3801; x_wconf 88' lang='lat' dir='ltr'><strong>turae,</strong></span> <span class='ocrx_word' id='word_1_490' title='bbox 2641 3727 2972 3807; x_wconf 90' lang='lat' dir='ltr'><strong>eodemque</strong></span> <span class='ocrx_word' id='word_1_491' title='bbox 2988 3733 3270 3788; x_wconf 83' lang='lat' dir='ltr'><strong>contextu</strong></span> <span class='ocrx_word' id='word_1_492' title='bbox 3300 3722 3579 3785; x_wconf 79' lang='lat' dir='ltr'><strong>vicarius</strong></span> <span class='ocrx_word' id='word_1_493' title='bbox 3597 3719 3964 3793; x_wconf 81' lang='lat' dir='ltr'><strong>declaravit,</strong></span> 
     </span>
     <span class='ocr_line' id='line_1_79' title="bbox 2408 3814 3967 3903; baseline -0.007 -18"><span class='ocrx_word' id='word_1_494' title='bbox 2408 3831 2477 3885; x_wconf 91' lang='lat' dir='ltr'><strong>ut</strong></span> <span class='ocrx_word' id='word_1_495' title='bbox 2503 3844 2540 3885; x_wconf 84' lang='lat' dir='ltr'><strong>a</strong></span> <span class='ocrx_word' id='word_1_496' title='bbox 2571 3823 2669 3885; x_wconf 90' lang='lat' dir='ltr'><strong>die</strong></span> <span class='ocrx_word' id='word_1_497' title='bbox 2695 3827 2750 3883; x_wconf 91' lang='grc'><strong>1.</strong></span> <span class='ocrx_word' id='word_1_498' title='bbox 2777 3821 2920 3903; x_wconf 86' lang='lat' dir='ltr'><strong>Maji</strong></span> <span class='ocrx_word' id='word_1_499' title='bbox 2955 3826 3128 3882; x_wconf 86' lang='grc'><strong>1597.</strong></span> <span class='ocrx_word' id='word_1_500' title='bbox 3177 3820 3390 3880; x_wconf 84' lang='lat' dir='ltr'><strong>Rector</strong></span> <span class='ocrx_word' id='word_1_501' title='bbox 3427 3814 3745 3896; x_wconf 86' lang='lat' dir='ltr'><strong>Cappellae</strong></span> <span class='ocrx_word' id='word_1_502' title='bbox 3762 3859 3780 3889; x_wconf 94' lang='lat'><strong>,</strong></span> <span class='ocrx_word' id='word_1_503' title='bbox 3803 3814 3967 3895; x_wconf 84' lang='lat' dir='ltr'><strong>ejus·</strong></span> 
     </span>
     <span class='ocr_line' id='line_1_80' title="bbox 2410 3907 3965 3998; baseline -0.006 -20"><span class='ocrx_word' id='word_1_504' title='bbox 2410 3936 2532 3998; x_wconf 88' lang='lat' dir='ltr'><strong>que</strong></span> <span class='ocrx_word' id='word_1_505' title='bbox 2549 3933 2910 3979; x_wconf 85' lang='lat' dir='ltr'><strong>successores</strong></span> <span class='ocrx_word' id='word_1_506' title='bbox 2929 3922 3277 3976; x_wconf 88' lang='lat' dir='ltr'><strong>tenerentur</strong></span> <span class='ocrx_word' id='word_1_507' title='bbox 3296 3931 3403 3992; x_wconf 88' lang='lat' dir='ltr'><strong>per</strong></span> <span class='ocrx_word' id='word_1_508' title='bbox 3419 3931 3504 3980; x_wconf 87' lang='lat' dir='ltr'><strong>se,</strong></span> <span class='ocrx_word' id='word_1_509' title='bbox 3525 3909 3620 3971; x_wconf 87' lang='lat' dir='ltr'><strong>vel</strong></span> <span class='ocrx_word' id='word_1_510' title='bbox 3644 3927 3750 3990; x_wconf 90' lang='lat' dir='ltr'><strong>per</strong></span> <span class='ocrx_word' id='word_1_511' title='bbox 3771 3907 3965 3970; x_wconf 88' lang='lat' dir='ltr'><strong>alium</strong></span> 
     </span>
     <span class='ocr_line' id='line_1_81' title="bbox 2410 4006 3967 4077; baseline -0.005 -4"><span class='ocrx_word' id='word_1_512' title='bbox 2410 4012 2621 4073; x_wconf 82' lang='lat' dir='ltr'><strong>Missas</strong></span> <span class='ocrx_word' id='word_1_513' title='bbox 2660 4011 2724 4071; x_wconf 91' lang='lat' dir='ltr'><strong>in</strong></span> <span class='ocrx_word' id='word_1_514' title='bbox 2773 4008 3151 4071; x_wconf 87' lang='lat' dir='ltr'><strong>hebdomada</strong></span> <span class='ocrx_word' id='word_1_515' title='bbox 3195 4008 3289 4070; x_wconf 87' lang='lat' dir='ltr'><strong>bis</strong></span> <span class='ocrx_word' id='word_1_516' title='bbox 3338 4006 3645 4069; x_wconf 87' lang='lat' dir='ltr'><strong>celebrare</strong></span> <span class='ocrx_word' id='word_1_517' title='bbox 3671 4049 3688 4077; x_wconf 89' lang='lat'><strong>,</strong></span> <span class='ocrx_word' id='word_1_518' title='bbox 3733 4021 3967 4066; x_wconf 88' lang='lat' dir='ltr'><strong>necnon</strong></span> 
     </span>
     <span class='ocr_line' id='line_1_82' title="bbox 2412 4099 3970 4187; baseline -0.005 -21"><span class='ocrx_word' id='word_1_519' title='bbox 2412 4105 2684 4187; x_wconf 90' lang='lat' dir='ltr'><strong>quolibet</strong></span> <span class='ocrx_word' id='word_1_520' title='bbox 2717 4122 2881 4166; x_wconf 92' lang='lat' dir='ltr'><strong>anno</strong></span> <span class='ocrx_word' id='word_1_521' title='bbox 2914 4102 3323 4164; x_wconf 87' lang='lat' dir='ltr'><strong>Festivitatem</strong></span> <span class='ocrx_word' id='word_1_522' title='bbox 3369 4099 3569 4162; x_wconf 80' lang='lat' dir='ltr'><strong>facere</strong></span> <span class='ocrx_word' id='word_1_523' title='bbox 3609 4099 3970 4159; x_wconf 89' lang='lat' dir='ltr'><strong>Sanctorum</strong></span> 
     </span>
     <span class='ocr_line' id='line_1_83' title="bbox 2413 4192 3970 4278; baseline -0.007 -16"><span class='ocrx_word' id='word_1_524' title='bbox 2413 4198 2711 4262; x_wconf 89' lang='lat' dir='ltr'><strong>Francisci</strong></span> <span class='ocrx_word' id='word_1_525' title='bbox 2733 4245 2750 4269; x_wconf 88' lang='lat'><strong>,</strong></span> <span class='ocrx_word' id='word_1_526' title='bbox 2779 4207 2840 4259; x_wconf 87' lang='lat' dir='ltr'><strong>et</strong></span> <span class='ocrx_word' id='word_1_527' title='bbox 2868 4196 3227 4278; x_wconf 82' lang='lat' dir='ltr'><strong>Hieronymi</strong></span> <span class='ocrx_word' id='word_1_528' title='bbox 3273 4213 3411 4257; x_wconf 91' lang='lat' dir='ltr'><strong>cum</strong></span> <span class='ocrx_word' id='word_1_529' title='bbox 3454 4192 3724 4273; x_wconf 90' lang='lat' dir='ltr'><strong>impensa</strong></span> <span class='ocrx_word' id='word_1_530' title='bbox 3771 4199 3970 4253; x_wconf 89' lang='lat' dir='ltr'><strong>scuto-</strong></span> 
     </span>
     <span class='ocr_line' id='line_1_84' title="bbox 2414 4283 3971 4364; baseline -0.007 -10"><span class='ocrx_word' id='word_1_531' title='bbox 2414 4312 2550 4354; x_wconf 90' lang='lat' dir='ltr'><strong>rum</strong></span> <span class='ocrx_word' id='word_1_532' title='bbox 2583 4292 2766 4354; x_wconf 90' lang='lat' dir='ltr'><strong>trium</strong></span> <span class='ocrx_word' id='word_1_533' title='bbox 2782 4335 2800 4364; x_wconf 92' lang='lat'><strong>,</strong></span> <span class='ocrx_word' id='word_1_534' title='bbox 2821 4299 2883 4354; x_wconf 88' lang='lat' dir='ltr'><strong>et</strong></span> <span class='ocrx_word' id='word_1_535' title='bbox 2911 4290 3107 4352; x_wconf 81' lang='lat' dir='ltr'><strong>facere</strong></span> <span class='ocrx_word' id='word_1_536' title='bbox 3131 4308 3319 4350; x_wconf 90' lang='lat' dir='ltr'><strong>unum</strong></span> <span class='ocrx_word' id='word_1_537' title='bbox 3340 4287 3618 4349; x_wconf 89' lang='lat' dir='ltr'><strong>Officium</strong></span> <span class='ocrx_word' id='word_1_538' title='bbox 3643 4283 3971 4347; x_wconf 77' lang='lat' dir='ltr'><strong>Defuncto·</strong></span> 
     </span>
     <span class='ocr_line' id='line_1_85' title="bbox 2412 4378 3968 4467; baseline -0.004 -20"><span class='ocrx_word' id='word_1_539' title='bbox 2412 4406 2549 4447; x_wconf 88' lang='lat' dir='ltr'><strong>rum</strong></span> <span class='ocrx_word' id='word_1_540' title='bbox 2578 4404 2689 4467; x_wconf 87' lang='lat' dir='ltr'><strong>pro</strong></span> <span class='ocrx_word' id='word_1_541' title='bbox 2721 4384 3059 4448; x_wconf 83' lang='lat' dir='ltr'><strong>Animabus</strong></span> <span class='ocrx_word' id='word_1_542' title='bbox 3103 4383 3537 4445; x_wconf 81' lang='lat' dir='ltr'><strong>Defunctorum</strong></span> <span class='ocrx_word' id='word_1_543' title='bbox 3569 4378 3864 4441; x_wconf 85' lang='lat' dir='ltr'><strong>Familiae</strong></span> <span class='ocrx_word' id='word_1_544' title='bbox 3891 4379 3968 4440; x_wconf 83' lang='lat' dir='ltr'><strong>de</strong></span> 
     </span>
     <span class='ocr_line' id='line_1_86' title="bbox 2414 4477 3974 4558; baseline -0.007 -16"><span class='ocrx_word' id='word_1_545' title='bbox 2414 4480 2693 4550; x_wconf 89' lang='lat' dir='ltr'><strong>Ginoris,</strong></span> <span class='ocrx_word' id='word_1_546' title='bbox 2719 4479 2808 4541; x_wconf 92' lang='lat' dir='ltr'><strong>uti</strong></span> <span class='ocrx_word' id='word_1_547' title='bbox 2833 4478 3168 4542; x_wconf 90' lang='lat' dir='ltr'><strong>desumitur</strong></span> <span class='ocrx_word' id='word_1_548' title='bbox 3189 4498 3265 4539; x_wconf 80' lang='lat' dir='ltr'><strong>ex</strong></span> <span class='ocrx_word' id='word_1_549' title='bbox 3288 4477 3551 4558; x_wconf 91' lang='lat' dir='ltr'><strong>quodam</strong></span> <span class='ocrx_word' id='word_1_550' title='bbox 3597 4480 3974 4552; x_wconf 88' lang='lat' dir='ltr'><strong>transumpto</strong></span> 
     </span>
    </p>
   </div>
   <div class='ocr_carea' id='block_1_9' title="bbox 2345 4565 3970 4653">
    <p class='ocr_par' dir='ltr' id='par_1_15' title="bbox 2345 4565 3970 4653">
     <span class='ocr_line' id='line_1_87' title="bbox 2345 4565 3970 4653; baseline -0.009 -11"><span class='ocrx_word' id='word_1_551' title='bbox 2345 4637 2346 4642; x_wconf 73' lang='grc'>,</span> <span class='ocrx_word' id='word_1_552' title='bbox 2413 4574 2555 4636; x_wconf 90' lang='lat' dir='ltr'><strong>libri</strong></span> <span class='ocrx_word' id='word_1_553' title='bbox 2598 4573 3029 4637; x_wconf 84' lang='lat' dir='ltr'><strong>Recordiorum</strong></span> <span class='ocrx_word' id='word_1_554' title='bbox 3067 4571 3331 4653; x_wconf 87' lang='lat' dir='ltr'><strong>Capituli</strong></span> <span class='ocrx_word' id='word_1_555' title='bbox 3368 4578 3734 4634; x_wconf 85' lang='lat' dir='ltr'><strong>memoratae</strong></span> <span class='ocrx_word' id='word_1_556' title='bbox 3761 4565 3970 4628; x_wconf 88' lang='lat' dir='ltr'><strong>Eccle-</strong></span> 
     </span>
    </p>
   </div>
   <div class='ocr_carea' id='block_1_10' title="bbox 2412 4666 3977 4842">
    <p class='ocr_par' dir='ltr' id='par_1_16' title="bbox 2412 4666 3977 4842">
     <span class='ocr_line' id='line_1_88' title="bbox 2412 4666 3710 4748; baseline -0.016 -18"><span class='ocrx_word' id='word_1_557' title='bbox 2412 4669 2538 4730; x_wconf 84' lang='lat' dir='ltr'><strong>siae</strong></span> <span class='ocrx_word' id='word_1_558' title='bbox 2567 4666 2950 4748; x_wconf 83' lang='lat' dir='ltr'><strong>collegiatae.</strong></span> <span class='ocrx_word' id='word_1_559' title='bbox 3007 4717 3010 4720; x_wconf 14' lang='grc' dir='ltr'><em>Α</em></span> <span class='ocrx_word' id='word_1_560' title='bbox 3353 4681 3420 4718; x_wconf 62' lang='lat' dir='ltr'>u</span> <span class='ocrx_word' id='word_1_561' title='bbox 3445 4681 3502 4720; x_wconf 37' lang='lat' dir='ltr'><strong>‹a-</strong></span> <span class='ocrx_word' id='word_1_562' title='bbox 3535 4681 3628 4720; x_wconf 67' lang='lat'><strong>„,‹·.</strong></span> <span class='ocrx_word' id='word_1_563' title='bbox 3649 4687 3710 4716; x_wconf 62' lang='lat'><strong>..2</strong></span> 
     </span>
     <span class='ocr_line' id='line_1_89' title="bbox 2533 4705 3977 4842; baseline -0.007 -18"><span class='ocrx_word' id='word_1_564' title='bbox 2533 4761 2853 4842; x_wconf 88' lang='lat' dir='ltr'><strong>Cappellae</strong></span> <span class='ocrx_word' id='word_1_565' title='bbox 2885 4762 3100 4822; x_wconf 84' lang='lat' dir='ltr'><strong>Rector</strong></span> <span class='ocrx_word' id='word_1_566' title='bbox 3117 4779 3185 4823; x_wconf 84' lang='lat' dir='ltr'><strong>se</strong></span> <span class='ocrx_word' id='word_1_567' title='bbox 3210 4711 3468 4841; x_wconf 81' lang='lat' dir='ltr'><strong>subjecit</strong></span> <span class='ocrx_word' id='word_1_568' title='bbox 3485 4705 3782 4819; x_wconf 80' lang='lat' dir='ltr'><strong>oneribus</strong></span> <span class='ocrx_word' id='word_1_569' title='bbox 3806 4773 3843 4817; x_wconf 90' lang='lat' dir='ltr'><strong>a</strong></span> <span class='ocrx_word' id='word_1_570' title='bbox 3860 4752 3977 4815; x_wconf 80' lang='lat' dir='ltr'><strong>vi-</strong></span> 
     </span>
    </p>
   </div>
   <div class='ocr_carea' id='block_1_11' title="bbox 2415 4848 3975 4933">
    <p class='ocr_par' dir='ltr' id='par_1_17' title="bbox 2415 4848 3975 4933">
     <span class='ocr_line' id='line_1_90' title="bbox 2415 4848 3975 4933; baseline -0.008 -15"><span class='ocrx_word' id='word_1_571' title='bbox 2415 4854 2580 4919; x_wconf 83' lang='lat' dir='ltr'><strong>cario</strong></span> <span class='ocrx_word' id='word_1_572' title='bbox 2605 4855 2885 4918; x_wconf 86' lang='lat' dir='ltr'><strong>Generali</strong></span> <span class='ocrx_word' id='word_1_573' title='bbox 2929 4853 3281 4917; x_wconf 89' lang='lat' dir='ltr'><strong>Florentino</strong></span> <span class='ocrx_word' id='word_1_574' title='bbox 3317 4850 3633 4933; x_wconf 87' lang='lat' dir='ltr'><strong>impositis.</strong></span> <span class='ocrx_word' id='word_1_575' title='bbox 3674 4850 3753 4911; x_wconf 83' lang='lat' dir='ltr'><strong>At</strong></span> <span class='ocrx_word' id='word_1_576' title='bbox 3799 4848 3975 4929; x_wconf 85' lang='lat' dir='ltr'><strong>igno·</strong></span> 
     </span>
    </p>
   </div>
   <div class='ocr_carea' id='block_1_12' title="bbox 2381 4947 3974 5030">
    <p class='ocr_par' dir='ltr' id='par_1_18' title="bbox 2381 4947 3974 5030">
     <span class='ocr_line' id='line_1_91' title="bbox 2381 4947 3974 5030; baseline -0.006 -19"><span class='ocrx_word' id='word_1_577' title='bbox 2381 4947 2388 4954; x_wconf 85' lang='grc'><strong>“</strong></span> <span class='ocrx_word' id='word_1_578' title='bbox 2420 4957 2623 5023; x_wconf 89' lang='lat' dir='ltr'><strong>ratur,</strong></span> <span class='ocrx_word' id='word_1_579' title='bbox 2653 4967 2956 5029; x_wconf 88' lang='lat' dir='ltr'><strong>quaenam</strong></span> <span class='ocrx_word' id='word_1_580' title='bbox 2977 4948 3162 5011; x_wconf 87' lang='lat' dir='ltr'><strong>fuerit</strong></span> <span class='ocrx_word' id='word_1_581' title='bbox 3194 4950 3325 5030; x_wconf 85' lang='lat' dir='ltr'><strong>ejus</strong></span> <span class='ocrx_word' id='word_1_582' title='bbox 3344 4947 3762 5008; x_wconf 87' lang='lat' dir='ltr'><strong>Successorum</strong></span> <span class='ocrx_word' id='word_1_583' title='bbox 3795 4958 3974 5023; x_wconf 83' lang='lat' dir='ltr'><strong>prae-</strong></span> 
     </span>
    </p>
   </div>
   <div class='ocr_carea' id='block_1_13' title="bbox 2417 5036 3973 5312">
    <p class='ocr_par' dir='ltr' id='par_1_19' title="bbox 2417 5036 3973 5312">
     <span class='ocr_line' id='line_1_92' title="bbox 2417 5036 3973 5117; baseline -0.007 -11"><span class='ocrx_word' id='word_1_584' title='bbox 2417 5044 2537 5106; x_wconf 89' lang='lat' dir='ltr'><strong>cisa</strong></span> <span class='ocrx_word' id='word_1_585' title='bbox 2566 5043 2982 5117; x_wconf 87' lang='lat' dir='ltr'><strong>observantia;</strong></span> <span class='ocrx_word' id='word_1_586' title='bbox 3014 5042 3396 5105; x_wconf 62' lang='lat' dir='ltr'><strong>immuliatus</strong></span> <span class='ocrx_word' id='word_1_587' title='bbox 3419 5039 3584 5101; x_wconf 88' lang='lat' dir='ltr'><strong>enim</strong></span> <span class='ocrx_word' id='word_1_588' title='bbox 3618 5036 3973 5098; x_wconf 75' lang='lat' dir='ltr'><strong>Praedeces—</strong></span> 
     </span>
     <span class='ocr_line' id='line_1_93' title="bbox 2420 5126 3970 5210; baseline -0.008 -11"><span class='ocrx_word' id='word_1_589' title='bbox 2420 5155 2519 5199; x_wconf 89' lang='lat' dir='ltr'><strong>sor</strong></span> <span class='ocrx_word' id='word_1_590' title='bbox 2543 5138 2852 5200; x_wconf 87' lang='lat' dir='ltr'><strong>Laurentii</strong></span> <span class='ocrx_word' id='word_1_591' title='bbox 2881 5138 2957 5200; x_wconf 91' lang='lat' dir='ltr'><strong>de</strong></span> <span class='ocrx_word' id='word_1_592' title='bbox 2975 5136 3267 5199; x_wconf 87' lang='lat' dir='ltr'><strong>Franchis</strong></span> <span class='ocrx_word' id='word_1_593' title='bbox 3290 5131 3560 5198; x_wconf 81' lang='lat' dir='ltr'><strong>moderni</strong></span> <span class='ocrx_word' id='word_1_594' title='bbox 3583 5126 3931 5210; x_wconf 75' lang='lat' dir='ltr'><strong>cappellani</strong></span> <span class='ocrx_word' id='word_1_595' title='bbox 3949 5169 3970 5200; x_wconf 89' lang='lat'><strong>,</strong></span> 
     </span>
     <span class='ocr_line' id='line_1_94' title="bbox 2423 5227 3972 5312; baseline -0.006 -21"><span class='ocrx_word' id='word_1_596' title='bbox 2423 5230 2530 5310; x_wconf 90' lang='lat' dir='ltr'><strong>qui</strong></span> <span class='ocrx_word' id='word_1_597' title='bbox 2565 5231 3013 5312; x_wconf 83' lang='lat' dir='ltr'><strong>Cappellaniam</strong></span> <span class='ocrx_word' id='word_1_598' title='bbox 3036 5228 3301 5293; x_wconf 89' lang='lat' dir='ltr'><strong>obtinuit</strong></span> <span class='ocrx_word' id='word_1_599' title='bbox 3322 5227 3515 5307; x_wconf 88' lang='lat' dir='ltr'><strong>spatio</strong></span> <span class='ocrx_word' id='word_1_600' title='bbox 3541 5242 3841 5288; x_wconf 90' lang='lat' dir='ltr'><strong>annorum</strong></span> <span class='ocrx_word' id='word_1_601' title='bbox 3871 5227 3972 5282; x_wconf 90' lang='grc'><strong>56.</strong></span> 
     </span>
    </p>
   </div>
   <div class='ocr_carea' id='block_1_14' title="bbox 2317 5317 3977 5396">
    <p class='ocr_par' dir='ltr' id='par_1_20' title="bbox 2317 5317 3977 5396">
     <span class='ocr_line' id='line_1_95' title="bbox 2317 5317 3977 5396; baseline -0.005 -10"><span class='ocrx_word' id='word_1_602' title='bbox 2317 5355 2324 5364; x_wconf 91' lang='grc'><em>·</em></span> <span class='ocrx_word' id='word_1_603' title='bbox 2425 5344 2533 5386; x_wconf 89' lang='lat' dir='ltr'><strong>nec</strong></span> <span class='ocrx_word' id='word_1_604' title='bbox 2562 5325 2803 5387; x_wconf 86' lang='lat' dir='ltr'><strong>Festum</strong></span> <span class='ocrx_word' id='word_1_605' title='bbox 2835 5325 3191 5387; x_wconf 85' lang='lat' dir='ltr'><strong>Sanctorum</strong></span> <span class='ocrx_word' id='word_1_606' title='bbox 3222 5321 3521 5386; x_wconf 86' lang='lat' dir='ltr'><strong>Francisci</strong></span> <span class='ocrx_word' id='word_1_607' title='bbox 3540 5368 3556 5391; x_wconf 88' lang='lat'><strong>,</strong></span> <span class='ocrx_word' id='word_1_608' title='bbox 3576 5327 3636 5381; x_wconf 88' lang='lat' dir='ltr'><strong>et</strong></span> <span class='ocrx_word' id='word_1_609' title='bbox 3668 5317 3977 5396; x_wconf 79' lang='lat' dir='ltr'><strong>Hierony·</strong></span> 
     </span>
    </p>
   </div>
   <div class='ocr_carea' id='block_1_15' title="bbox 2429 5409 3980 5492">
    <p class='ocr_par' dir='ltr' id='par_1_21' title="bbox 2429 5409 3980 5492">
     <span class='ocr_line' id='line_1_96' title="bbox 2429 5409 3980 5492; baseline -0.005 -12"><span class='ocrx_word' id='word_1_610' title='bbox 2429 5418 2545 5492; x_wconf 86' lang='lat' dir='ltr'><strong>mi,</strong></span> <span class='ocrx_word' id='word_1_611' title='bbox 2569 5436 2678 5482; x_wconf 90' lang='lat' dir='ltr'><strong>nec</strong></span> <span class='ocrx_word' id='word_1_612' title='bbox 2693 5417 2971 5482; x_wconf 85' lang='lat' dir='ltr'><strong>Officium</strong></span> <span class='ocrx_word' id='word_1_613' title='bbox 2991 5417 3423 5482; x_wconf 79' lang='lat' dir='ltr'><strong>Defunctorum</strong></span> <span class='ocrx_word' id='word_1_614' title='bbox 3445 5410 3810 5486; x_wconf 86' lang='lat' dir='ltr'><strong>celebravit,</strong></span> <span class='ocrx_word' id='word_1_615' title='bbox 3837 5409 3980 5473; x_wconf 85' lang='lat' dir='ltr'><strong>licet</strong></span> 
     </span>
    </p>
   </div>
  </div>
 </body>
</html>
