4393 6299
1681 474 2142 542 QuAEsTto
2203 476 2362 530 cxv}

428 621 515 684 nti
543 622 849 705 colligitur
874 642 952 684 ex
983 631 1189 684 tenore
1210 623 1338 685 -voti
1373 623 1647 704 impressi
1682 628 1838 706 apud
1870 627 1972 688 Pi-

428 729 540 778 ωυι.
569 719 798 797 disoept.
839 717 1053 777 Eccles.
1079 729 1209 777 tout.
1245 722 1298 778 1.
1333 720 1561 799 disce-pt.
1589 725 1648 779 2.
1678 742 1832 781 nutri.
1866 728 1964 783 53.

3339 484 3444 533 133

2082 628 2368 692 convento
2388 631 2725 711 sopradetto,
2746 653 2775 692 a
2803 633 2929 712 pia,
2957 631 3056 692 eleo
3081 632 3167 710 qli
3187 636 3351 694 siano
3381 637 3505 696 dati
3527 637 3627 697 dai

2088 725 2339 784 suddetti
2359 725 2542 785 Eredi
2565 737 2796 804 quattrn
2816 727 3012 786 ducati
3041 725 3078 784 t·
3090 747 3265 796 auno,
3287 730 3312 786 i
3323 731 3486 805 quali
3507 750 3625 789 ser-

424 813 583 891 quod
604 821 811 871 votum
830 812 1039 872 eadem
1065 812 1243 872 Sacra
1264 812 1666 891 congregatio
1691 816 1969 896 amplexa
2080 819 2335 877 tiranno
2355 839 2455 897 per
2481 821 2506 877 i
2526 819 2743 896 bisoyni
2786 820 2850 878 di
2873 819 3026 879 detta
3057 817 3332 900 Coppelle
3352 869 3367 890 ,
3408 822 3623 883 tanhae-

424 918 531 978 est,
554 915 616 967 et
643 906 894 967 Sanctae
917 907 1098 966 Mem.
1130 906 1405 968 Clemens
1432 909 1511 968 X.
1544 910 1966 973 resolutionem
2085 921 2291 971 renter
2315 911 2390 971 ad
2420 910 2567 972 haec
2600 912 2742 972 bina
2768 912 2953 973 dubia
2986 912 3236 975 fuissent
3279 916 3576 995 proposita
3600 962 3617 986 .

423 1000 638 1062 Sacrae
657 1001 1150 1080 Congregationis
1170 1001 1554 1064 confirmavit
1582 1025 1689 1084 per
1736 1005 1966 1068 litteras
2084 1003 2347 1081 primum
2365 1003 2587 1065 scilicet
2613 1025 2690 1065 an
2718 1016 2939 1083 praeter
2970 1018 3128 1067 scuta
3160 1028 3356 1068 annua
3376 1021 3622 1086 quatuor

421 1093 772 1172 apostolicas
835 1095 898 1153 in
949 1092 1141 1155 forma
1202 1095 1413 1154 Brevis
1455 1096 1773 1175 impressas
1813 1102 1969 1178 apud

421 1188 776 1249 Marthae-nc.
806 1190 869 1246 iu
890 1209 992 1247 suo
1016 1186 1269 1267 officiali
1290 1210 1416 1271 cap.
1451 1197 1549 1252 30.
1576 1213 1734 1253 num.
1770 1199 1865 1254 12.

538 1283 840 1361 Factaque
860 1281 1321 1356 Commissariis,
1350 1294 1410 1345 et
1437 1286 1740 1348 Ministris
1758 1288 1966 1350 Fabri-

423 1396 527 1439 αθ
557 1395 837 1456 expressa
885 1374 1295 1456 prohibitione
1342 1380 1699 1442 admittendi
1727 1403 1967 1463 compo-

421 1472 666 1534 sitiones
685 1490 867 1550 super
897 1471 1135 1551 Legatis
1155 1473 1474 1535 Fratribus
1487 1474 1656 1537 factis
1666 1496 1803 1537 cum
1822 1497 1963 1538 one·

2075 1098 2258 1174 [αρσια
2285 1118 2391 1177 pro
2409 1100 2735 1176 indiqentiis
2760 1099 3084 1180 Coppellae,
3111 1103 3367 1162 haeredes
3394 1115 3621 1164 tencan-

2078 1205 2176 1251 tur
2219 1195 2525 1272 separatim
2557 1194 2860 1272 persolvere
2902 1198 3298 1275 eleemonsynam
3335 1217 3440 1275 pro
3480 1202 3619 1260 cele·

2074 1289 2328 1349 bratione
2355 1288 2695 1356 Missurum,
2725 1296 2783 1349 et
2812 1290 3140 1351 secundum
3164 1293 3227 1350 in
3249 1311 3364 1368 qua
3383 1296 3619 1369 quanti-

2076 1395 2223 1455 tate,
2274 1383 2350 1444 ad
2388 1383 2654 1463 primum
2688 1382 2801 1444 fuit
2837 1403 3185 1463 responsum
3225 1385 3612 1460 affirmative,

2075 1476 2238 1539 etad
2287 1477 2616 1537 secundum
2646 1476 2873 1538 dictum
2903 1477 3042 1551 fuit,
3064 1479 3463 1557 quantitatem
3489 1501 3616 1543 esse

416 1587 486 1628 re
524 1567 845 1628 missarum
868 1610 886 1637 ,
937 1575 998 1626 et
1053 1565 1438 1640 Officiorum,
1493 1580 1728 1648 praeter
1772 1591 1958 1651 quam
2071 1569 2295 1630 debere
2322 1568 2533 1632 saltem
2565 1569 2643 1632 ad
2670 1571 2968 1632 rationem
3021 1570 3438 1654 eleemosynae
3483 1596 3613 1636 ma·

417 1662 617 1744 quoad
644 1679 879 1722 annuas
911 1661 1346 1740 praestationes
1372 1663 1631 1727 duorum
1660 1686 1960 1729 annorum
2074 1663 2274 1726 unalis
2297 1707 2315 1723 .

417 1758 804 1819 decursorum
848 1774 884 1815 a
924 1755 1025 1816 die
1064 1756 1272 1818 obitus
1324 1758 1700 1822 Testatorum
1728 1809 1746 1835 ,
1811 1783 1962 1843 quas

417 1853 597 1914 etiam
654 1849 1028 1932 integraliter
1079 1851 1350 1931 recipere
1381 1855 1600 1919 debent
1626 1907 1642 1929 ,
1679 1868 1737 1920 et
1769 1860 1955 1921 Reve-

417 1951 638 2011 rendae
664 1948 955 2009 Fabricae
980 1946 1308 2028 applicare,
1331 1948 1503 2013 salvo
1535 1972 1770 2030 semper
1793 1953 1954 2033 capi·

417 2047 547 2120 tali,
582 2066 684 2108 seu
727 2045 1127 2125 proprietate,
1173 2056 1239 2108 ut
1266 2046 1575 2121 haeredes,
1602 2048 1697 2110 vel
1725 2049 1956 2111 debito-

416 2165 547 2218 res,
577 2145 686 2223 qui
727 2142 940 2224 primis
966 2144 1204 2205 duobus
1239 2144 1419 2206 annis
1445 2164 1564 2205 noo
1590 2145 1957 2223 adimpleve-

414 2249 581 2311 runt,
606 2241 854 2319 possint,
871 2239 920 2298 si
944 2239 1158 2308 velint,
1181 2238 1405 2300 futuris
1425 2239 1798 2317 temporibus
1815 2240 1959 2300 dare

410 2335 723 2397 Fratribus
752 2354 953 2396 annua
982 2335 1174 2416 legata
1204 2337 1380 2398 titulo
1404 2334 1837 2413 eleemosynae,
1872 2337 1959 2415 ju·

413 2437 514 2491 xta
564 2430 802 2490 decreta
849 2429 1065 2490 Sacrae
1111 2430 1604 2510 congregationis
1668 2432 1957 2494 Pabricae

414 2524 695 2604 impressa
722 2525 878 2604 apud
907 2525 977 2585 R.
1019 2523 1090 2584 P.
1126 2524 1199 2585 D.
1248 2525 1481 2587 Petram
1521 2529 1600 2589 ad
1645 2525 1949 2589 Constitui.

413 2618 759 2700 Apes-colicas
791 2629 921 2678 tom.
951 2623 1010 2678 2.
1047 2638 1178 2697 paq.
1212 2623 1350 2680 463.
1384 2630 1435 2680 et
1463 2641 1610 2699 seqq.

524 2714 690 2775 Haec
716 2721 880 2784 sunt,
923 2731 1083 2792 quae
1118 2733 1228 2793 pro
1257 2716 1544 2776 materiae
1573 2715 1951 2778 dilucidatio-

409 2826 507 2880 ne,
538 2815 883 2868 reverenter
911 2806 1277 2869 insinuanda
1304 2809 1665 2878 existimavi,
1689 2811 1788 2870 sed
1814 2831 1949 2871 cum

407 2903 469 2964 in
496 2921 634 2963 casu
667 2903 962 2981 praesenti
1000 2920 1118 2961 non
1148 2910 1365 2982 agatur
1402 2903 1478 2964 de
1502 2904 1812 2972 censibus,
1847 2923 1948 2965 seu

409 2995 676 3076 pecuniis
719 2995 1140 3067 investiendis,
1194 3014 1352 3074 quae
1380 2995 1603 3057 fuerint
1635 2998 1951 3060 Pratribus

408 3091 651 3153 relictae
677 3110 812 3151 cum
842 3109 1026 3149 onere
1056 3087 1374 3151 Missarum
1401 3137 1417 3162 ,
1469 3092 1568 3151 sed
1598 3092 1673 3153 de
1702 3113 1883 3156 onere
1912 3114 1946 3157 a

408 3186 712 3246 Testatore
738 3184 1038 3263 imposito,
1066 3191 1126 3244 et
1153 3184 1470 3245 haeredem
1500 3185 1824 3248 afficiente:
1860 3192 1946 3250 sia

408 3288 593 3338 tenuta
614 3281 639 3337 i
644 3280 663 3335 l
678 3296 780 3336 suo
798 3279 1115 3337 universale
1139 3277 1326 3337 Erede
1351 3279 1413 3337 di
1437 3280 1534 3357 far
1551 3282 1827 3341 celebrare
1849 3283 1949 3342 dai

406 3372 711 3432 Reverentia·
747 3371 930 3430 Padri
946 3381 1047 3431 etc.
1073 3391 1193 3431 una
1219 3371 1408 3431 Messa
1434 3382 1666 3434 cantata
1688 3395 1788 3453 per
1816 3379 1949 3451 oqui

418 3464 651 3526 Venerdi
710 3466 843 3525 dett'
864 3486 1016 3526 anno
1065 3468 1129 3524 in
1168 3476 1498 3544 perpetuum
1526 3512 1542 3538 ,
1582 3466 1723 3529 hinc
1752 3470 1947 3531 oritur

407 3558 787 3619 rationabilis
815 3557 1134 3627 dubitatio,
1159 3577 1236 3618 an
1262 3558 1504 3619 Fratres
1522 3559 1640 3619 sint
1662 3562 1944 3622 consimi-

406 3650 480 3711 lis
506 3650 685 3731 legati
711 3670 974 3729 capaces,
1002 3658 1059 3711 et
1084 3670 1162 3711 an
1192 3650 1407 3711 haeres
1435 3659 1712 3714 teneatur
1730 3654 1803 3715 ad
1816 3656 1945 3737 ejus

405 3744 863 3826 praestationem
885 3745 1091 3805 favore
1112 3744 1440 3805 eorundem
1467 3789 1483 3805 .

2187 1758 2307 1820 Pro
2335 1758 2612 1840 negativa
2658 1779 2803 1821 vero
2831 1759 3005 1833 tacit,
3053 1761 3216 1841 quod
3249 1761 3489 1823 Fratres
3515 1764 3611 1825 isti

2069 1852 2306 1916 nullam
2332 1863 2579 1935 possunt
2604 1852 2833 1917 habere
2853 1855 3367 1927 securitatem‚sed
3393 1858 3616 1922 dehent

2069 1949 2331 2028 pendere
2358 1950 2439 2011 ab
2458 1950 2686 2010 incerto
2703 1951 2880 2029 juxta
2908 1950 3150 2011 Textum
3180 1954 3244 2010 in
3277 1973 3404 2031 cap.
3447 1958 3615 2015 unico

2061 2044 2127 2103 de
2152 2043 2451 2122 Reliqiosis
2501 2044 2767 2105 Dentibus
2809 2047 2872 2104 in
2901 2051 2959 2106 6.
2992 2055 3043 2106 et
3089 2046 3270 2123 juxta
3316 2044 3499 2107 Gloss.
3546 2051 3611 2108 in

2066 2156 2192 2216 cap.
2217 2141 2385 2198 unico
2403 2141 2466 2198 in
2481 2142 2642 2199 verbo
2659 2141 3033 2201 mendicantes
3051 2141 3116 2201 de
3135 2160 3313 2201 exces.
3347 2141 3607 2204 Praelat.

2070 2233 2134 2290 in
2178 2237 2238 2292 6.
2270 2241 2330 2293 et
2356 2233 2471 2294 dici
2521 2244 2748 2314 posset,
2778 2235 2939 2313 quod
2961 2236 3040 2295 ab
3071 2234 3299 2295 incerto
3327 2254 3446 2295 non
3471 2256 3611 2315 pen·

2069 2323 2306 2397 derent,
2331 2325 2380 2385 si
2421 2337 2614 2388 essent
2638 2346 2881 2406 capaces
2905 2327 3201 2389 dictorum
3249 2327 3608 2408 legatorum,

2063 2427 2125 2479 et
2151 2418 2201 2478 si
2226 2418 2511 2481 haeredes
2535 2429 2882 2482 tenerentur
2912 2421 2987 2482 ad
3015 2441 3224 2482 eorum
3257 2425 3608 2501 praestatio-

2065 2532 2238 2586 nem;
2270 2515 2554 2593 quodque
2586 2514 2911 2576 notabilius
2952 2525 3063 2586 est,
3106 2536 3245 2577 cum
3297 2517 3360 2579 in
3412 2519 3607 2602 hypo-

2072 2605 2177 2666 tesi
2230 2608 2522 2686 praesenti
2565 2609 2832 2669 Testator
2879 2608 3124 2678 dixerit,
3162 2611 3325 2689 quod
3368 2611 3430 2672 in
3476 2634 3605 2674 em-

2063 2697 2266 2779 ptione
2317 2720 2603 2763 censuum
2664 2702 2943 2764 accedere
2990 2702 3234 2765 deberet
3283 2724 3606 2769 consensus

2064 2792 2500 2864 Procuratoris,
2531 2813 2635 2856 seu
2663 2794 2996 2857 Guardiaui
3038 2815 3147 2875 pro
3175 2806 3462 2877 tempore,
3505 2821 3601 2861 ac-

2063 2890 2152 2948 cio
2182 2907 2296 2948 non
2323 2892 2487 2951 siano
2519 2891 2702 2950 tenuti
2727 2892 2833 2951 all'
2853 2892 3100 2952 evizione
3121 2890 3202 2951 ἀί
3222 2889 3482 2971 Capitoli
3504 2940 3521 2966 ,
3569 2916 3603 2955 o

2066 2986 2400 3057 annualita,
2428 3003 2627 3046 sermo
2653 2983 2737 3046 ibi
2763 2993 2852 3046 est
2875 2984 2950 3046 de
2966 2983 3349 3058 haeredibus,
3378 3007 3599 3068 suppo-

2059 3077 2150 3138 nit
2170 3076 2318 3139 haec
2338 3077 2984 3160 circumstantia,quod
3006 3087 3207 3140 secuta
3224 3079 3596 3161 capitalium,

2056 3181 2171 3233 aut
2193 3172 2500 3235 fructuum
2529 3174 2845 3247 evictione,
2898 3183 3133 3254 possent
3160 3174 3402 3235 Fratres
3431 3176 3598 3256 judi·

2056 3266 2291 3329 cialiter
2316 3287 2528 3347 agere,
2579 3276 2686 3330 aut
2725 3267 2985 3329 officium
3013 3267 3236 3348 judicis
3274 3269 3601 3348 implorare

2059 3380 2169 3441 pro
2196 3361 2402 3423 damni
2449 3360 2866 3423 emendatione
2890 3380 2994 3421 seu
3045 3380 3152 3439 pro
3181 3362 3597 3442 supplemento

2050 3456 2338 3517 adversus
2360 3456 2667 3527 haeredes,
2690 3455 2852 3535 quod
2865 3454 3088 3516 nedum
3117 3454 3469 3518 adversatur
3492 3459 3595 3519 de-

2054 3549 2239 3612 cretis
2266 3547 2759 3630 Congregationis
2784 3550 2938 3629 apud
2966 3548 3226 3628 Faqnan.
3263 3552 3328 3610 in
3350 3554 3602 3631 allegato

2052 3664 2176 3724 cap.
2221 3646 2392 3704 nimis
2430 3663 2611 3722 prava
2634 3644 2700 3703 de
2740 3662 2917 3703 επακ.
2948 3642 3206 3703 Praelat.
3231 3665 3247 3714 ;
3277 3644 3380 3705 sed
3408 3645 3591 3708 etiam

2062 3736 2327 3818 Regulae
2350 3783 2368 3809 ,
2395 3748 2458 3800 et
2496 3739 2874 3799 Testamento
2920 3737 3119 3797 Sancti
3153 3738 3485 3810 Francisci,
3518 3741 3598 3803 de

517 3839 683 3900 Facit
705 3859 814 3918 pro
837 3838 1395 3918 affirmativa,quod
1416 3839 1799 3919 disputatoin
1828 3842 1942 3904 hac
2050 3832 2278 3911 quibus
2306 3832 2372 3890 in
2397 3830 2576 3891 Bulla
2609 3830 2673 3889 K
2701 3830 2954 3889 Honor-ii
2981 3829 3157 3889 Tertii
3179 3829 3342 3892 Bau.
3365 3843 3495 3892 torn.
3529 3843 3586 3895 1.

401 3932 575 3994 Sacra
604 3932 1079 4013 congregatione
1102 3935 1165 3991 in
1191 3934 1440 4008 quadam
1471 3932 1662 3995 Causa
1697 3936 1941 4016 Apruti-

396 4047 471 4088 na
500 4026 701 4106 Leqati
736 4032 835 4087 29.
876 4026 1177 4087 Februarii
1209 4031 1382 4087 1677.
1424 4028 1633 4101 dubio,
1665 4049 1741 4090 an
1780 4030 1938 4112 lega-

403 4127 528 4182 tum
557 4121 948 4200 sequentibus
984 4121 1183 4182 verbis
1231 4130 1581 4201 conceptum
1616 4124 1939 4187 sustinere-

401 4223 520 4286 tur,
548 4217 679 4275 item
707 4217 826 4275 dice
852 4217 914 4274 di
934 4235 1288 4276 averacenso
1310 4217 1508 4277 ducati
1527 4228 1682 4277 cento
1693 4228 1935 4291 ottanta,

403 4309 573 4372 laseia
597 4311 660 4370 di
679 4312 911 4387 racione
937 4310 999 4367 di
1025 4312 1203 4385 ἱεροῖο
1227 4311 1322 4395 che
1365 4312 1766 4387 l‘infrascritto
1790 4313 1939 4374 Ere·

2166 3922 2281 3985 His
2302 3925 2623 3997 stantibuS,
2650 3922 2997 4004 quaeritur:

2158 4019 2213 4079 1.
2246 4020 2343 4079 An
2376 4018 2603 4080 Fratres
2641 4021 2755 4079 sint
2781 4037 3006 4097 capaces
3035 4014 3236 4097 Leqati
3253 4020 3317 4078 in
3341 4038 3498 4089 casu,
3524 4020 3595 4080 de

2047 4138 2156 4196 quo
2185 4119 2403 4195 aqitur,
2426 4125 2477 4173 et
2504 4124 2780 4192 quatenus
2807 4115 3089 4190 neqative:

2161 4210 2244 4270 11.
2272 4210 2365 4269 An
2390 4212 2577 4269 haeres
2602 4207 2894 4286 Leqatum,
2920 4226 3016 4267 seu
3038 4226 3178 4266 onus
3200 4208 3590 4268 celebrationis

2043 4306 2361 4367 Hissarum
2387 4306 2459 4363 ab
2488 4303 2688 4362 Altari
2716 4301 2921 4362 San-cti
2973 4300 3266 4362 Francisci
3293 4302 3358 4360 de
3393 4300 3588 4363 Paula

399 4404 482 4472 de,
513 4425 539 4463 e
569 4403 887 4463 Successori
924 4406 987 4461 in
1007 4404 1298 4484 infinitum
1326 4406 1570 4466 debbano
1602 4426 1703 4465 con
1722 4410 1747 4464 i
1765 4408 1938 4483 srutti
2046 4399 2351 4475 transferre
2369 4395 2628 4475 pos-'itud
2651 4394 2965 4454 Ecclesiam
2991 4392 3362 4472 Cotteyiatam
3383 4394 3596 4457 Terrae

398 4498 459 4556 di
469 4501 645 4576 quelli
664 4499 828 4577 farne
846 4499 1119 4558 celebrare
1134 4511 1364 4573 quatu-o
1385 4500 1758 4561 Anm'versari
1779 4504 1817 4559 Ι*
1825 4522 1934 4562 an·

394 4596 463 4651 no
485 4594 637 4652 nella
686 4591 888 4652 Chiesa
913 4593 974 4649 di
1006 4590 1074 4650 S.
1117 4591 1321 4655 Maria
1352 4596 1436 4654 de'
1456 4593 1628 4653 Lumi
1656 4596 1745 4655 dei
1771 4594 1936 4656 Frati

2044 4490 2338 4560 Liberaui,
2369 4502 2419 4557 et
2438 4500 2713 4567 quatenus
2743 4490 3031 4565 neyatire:

2163 4584 2273 4645 111.
2312 4583 2599 4659 Quomodo
2623 4583 2802 4643 dictus
2854 4582 3043 4643 haeres
3070 4580 3374 4660 adimplere
3396 4583 3587 4643 valeat

399 4687 717 4746 Zoccolanti
755 4704 831 4744 ec.
895 4683 1012 4744 fuit
1044 4683 1400 4748 affirmative
1431 4686 1759 4748 resolutum
1787 4731 1803 4747 .
1853 4689 1930 4749 Et
2041 4700 2180 4741 onus
2206 4680 2530 4761 impositum
2557 4677 2941 4738 celebrationis
2962 4673 3304 4736 Missartmt.

394 4778 719 4841 consimilis
738 4778 964 4857 pariter
995 4779 1216 4856 prodiit
1238 4781 1318 4841 ab
1341 4781 1454 4842 hac
1476 4781 1653 4843 Sacra
1667 4782 1929 4860 Congre-

393 4872 630 4953 gatione
677 4870 960 4931 resolutio
989 4873 1054 4930 in
1097 4872 1368 4933 Isernien.
1408 4873 1610 4952 Leyati
1637 4880 1729 4935 10.
1761 4874 1935 4935 Junii

397 4969 567 5028 1684.
598 4959 749 5026 Cum
780 4965 1002 5024 etenim
1031 4973 1313 5045 ageretur
1340 4966 1415 5026 de
1434 4968 1810 5052 Testamenta
1837 4988 1929 5029 se-

392 5058 716 5139 quentihus
736 5057 935 5118 verbis
954 5066 1272 5139 concepto:
1307 5061 1496 5130 luscio,
1520 5062 1617 5121 che
1644 5061 1783 5121 detti
1801 5062 1933 5121 miei

390 5154 569 5215 Eredi
612 5153 829 5231 saccino
866 5154 1138 5235 celebrare
1192 5164 1478 5228 quaranta
1506 5153 1689 5213 Messe
1721 5153 1756 5213 1⁹
1776 5175 1929 5214 anno

382 5246 695 5308 all'Altare
722 5246 785 5304 di
812 5242 880 5303 S.
916 5245 1121 5306 Maria
1145 5245 1496 5307 Maddalena
1528 5249 1678 5308 nella
1725 5246 1928 5309 Chiesa

389 5342 450 5401 di
471 5339 540 5401 S.
557 5340 765 5400 Maria
791 5340 931 5398 delle
963 5337 1175 5400 Grazie
1198 5339 1279 5399 de'
1295 5340 1459 5401 Fran·
1473 5340 1702 5402 Minori
1730 5339 1927 5402 Osser-

395 5436 575 5509 tanti,
623 5436 699 5496 da
726 5434 903 5515 quelli
930 5431 1139 5508 Padre’,
1168 5435 1265 5496 ebe
1294 5452 1544 5497 ωνακπο
1564 5435 1846 5499 assistenti
1865 5437 1929 5498 al

2146 4917 2298 4967 Sacra
2325 4913 2518 4979 Congr.
2552 4910 2638 4963 die
2661 4911 2749 4960 26.
2779 4909 2991 4979 Augusti
3026 4911 3179 4961 1719.
3207 4908 3502 4978 respondit-e

2216 5001 2312 5053 Ad
2330 5001 2566 5065 primum
2593 4997 2862 5066 negative.
2892 4996 2988 5050 Ad
3005 4995 3297 5049 secundum
3319 4997 3578 5063 negative.

2036 5090 2130 5143 Ad
2150 5089 2368 5143 tertiam
2399 5087 2710 5141 Haeredem
2732 5105 2887 5155 posse
2914 5103 3105 5138 census
3128 5101 3345 5150 creare,
3372 5096 3424 5136 et
3447 5083 3580 5136 assi·

2030 5197 2202 5247 gnare
2224 5195 2325 5243 pro
2353 5194 2515 5229 onere
2534 5176 2847 5237 Missurum,
2871 5173 2972 5228 sed
2993 5189 3196 5234 creare,
3223 5184 3275 5223 ee
3299 5171 3584 5239 assignare

2033 5285 2153 5318 cum
2181 5263 2512 5317 auctoritate
2531 5261 2813 5330 Episcopi,
2843 5261 2936 5313 cui
2953 5259 3232 5313 scribatur
3242 5259 3414 5328 juxta
3434 5277 3582 5312 men-

2030 5366 2154 5418 tem,
2171 5353 2312 5404 ilaue
2336 5369 2505 5403 novus
2528 5348 2846 5403 cem-uarius
2856 5365 2916 5401 se
2941 5346 3140 5413 obliget
3160 5348 3368 5398 solvere
3394 5348 3582 5402 Patri-

2031 5442 2128 5497 bus
2150 5442 2548 5511 eleemosynam
2577 5438 2651 5491 ad
2652 5435 2907 5507 sormam
2941 5432 3288 5490 Testamenti.
