4393 6299
1827 570 1832 575 ·
1944 541 2387 611 oensrtouss
2423 542 2783 598 cescum-2

899 696 982 759 11.
1012 696 1110 757 An
1141 696 1420 757 dictorum
1442 650 1950 764 Subcollectorum,
1974 705 2026 756 et
2061 693 2334 756 Commis-
2442 696 2733 760 Ecclesias
2778 695 2942 759 recto
3001 695 3240 759 tramite
3298 695 3650 759 deterantur
3674 741 3693 770 ,
3758 694 3987 758 monito

780 797 1066 858 sariorum
1078 793 1347 853 Actuarii
1365 791 1554 852 eadem
1574 792 1920 870 exemptione
1931 790 2056 868 frui
2074 790 2326 852 debeant.

2439 791 2608 873 prius
2631 838 2649 866 ,
2678 799 2739 853 et
2764 791 3053 872 requisito
3077 840 3095 864 ,
3141 799 3202 854 et
3240 799 3549 876 expectato
3580 792 3831 873 proprio
3877 792 3983 853 de-

896 885 1014 947 111.
1066 884 1164 945 An
1218 883 1510 945 Patentati
1563 883 1861 944 seminalem
1898 881 2330 944 commissario·
2431 885 2776 948 functorum
2805 886 3073 949 Parocho
3098 932 3117 961 ‚
3147 905 3183 948 a
3209 906 3332 967 quo
3376 886 3854 948 benedictionem
3874 931 3895 961 ,
3923 890 3985 947 et

779 1001 944 1051 rum,
971 990 1024 1042 et
1050 977 1559 1047 Sabcollectorum‚
1593 978 1680 1037 cel
1709 974 2111 1057 capitulorum
2134 977 2334 1039 Eccle-

778 1078 999 1138 siarum
1022 1071 1522 1133 Patriarchalium
1547 1069 1615 1130 S.
1646 1069 1892 1131 Joannis
1921 1073 1986 1129 in
2008 1070 2329 1144 Laterano,

779 1180 833 1231 et
865 1168 935 1231 S.
983 1166 1145 1227 Petri
1169 1165 1234 1225 de
1273 1162 1453 1236 Urbe,
1505 1166 1592 1224 vel
1624 1166 1875 1225 aliorum
1920 1165 2332 1227 Ministrorun

776 1264 1064 1327 Ecclesiae
1090 1260 1379 1320 Romanae
1405 1260 1470 1319 in
1507 1257 1754 1320 Civitate
1780 1307 1795 1329 ‚
1843 1270 1893 1319 οι
1926 1258 2171 1320 Dioecesi
2204 1259 2330 1322 Ca-

773 1368 1084 1441 pntaqnen.
1111 1357 1407 1415 existentes
1421 1398 1439 1428 ,
1472 1355 1717 1435 exempti
1739 1355 1854 1414 sint
1878 1373 1916 1415 a
1930 1355 2329 1432 jurisdictione

780 1451 1092 1515 Ordinarii
1110 1491 1128 1510 .

881 1644 1036 1696 Sacra
1058 1640 1256 1709 Congr.
1286 1637 1375 1693 die
1400 1638 1486 1692 ss.
1513 1638 1689 1692 Martii
1719 1637 1878 1690 tm.
1907 1639 2211 1707 respondit:

952 1727 1052 1781 Aa
1066 1726 1307 1797 primum
1340 1724 1612 1795 negative,
1652 1738 1707 1779 ae
1742 1725 1902 1778 detur
1936 1726 2229 1779 Decretum
2272 1726 2330 1779 in

773 1816 1069 1874 Bimntina
1106 1816 1160 1866 l.
1198 1814 1348 1884 Masi
1386 1814 1545 1866 tm.
1593 1812 1690 1866 Ad
1725 1812 2022 1866 secundum
2047 1813 2294 1884 negative
2315 1853 2328 1867 .

773 1905 871 1959 Ad
909 1903 1128 1959 tertium
1155 1901 1401 1971 negative
1439 1901 1627 1971 quoad
1656 1914 1969 1970 parentam
2010 1903 2330 1979 Commissa·

774 1995 1004 2059 riorum,
1034 2004 1086 2045 et
1110 1991 1594 2057 Subcollectorum,
1617 1990 1804 2058 quoad
1819 1990 1962 2043 alios
1982 2009 2085 2058 pro
2112 1990 2335 2043 meliori

771 2078 1349 2152 infirmationejuaeta
1378 2079 1818 2145 Iasae-actionem,
1847 2091 1900 2131 et
1925 2078 2229 2131 audiamur
2251 2080 2328 2130 ia·

770 2183 962 2223 teresse
981 2167 1240 2221 habentes
1251 2163 1512 2236 praefixo
1538 2165 1771 2218 termino
1790 2165 2022 2219 duorum
2045 2166 2326 2219 mensium.

1193 2358 1558 2436 QUAESTIO
1595 2358 1908 2423 ccxuv.

959 2563 1035 2625 In
1061 2561 1257 2625 Causa
1283 2559 1528 2628 Lucana,
1546 2560 1867 2632 Funerum,
1900 2562 1991 2623 die
2022 2566 2116 2623 17.

1307 2667 1589 2730 Ianuarii
1623 2672 1799 2730 1722.

773 2820 978 2934 Licet
996 2870 1061 2931 in
1094 2867 1491 2933 Testamentis
1509 2889 1661 2931 anno
1681 2873 1856 2931 1720.
1888 2868 2061 2932 factis
2090 2870 2320 2954 Angela

774 2957 978 3048 Staggi
1005 3009 1021 3037 ,
1049 2973 1110 3027 et
1133 2965 1370 3027 Joanna
1396 2962 1619 3026 Marini
1645 3007 1663 3037 ,
1714 2962 1829 3024 loci
1871 2964 2323 3027 Petraesanctae

774 3058 1071 3123 Dioecesis
1095 3059 1370 3120 Lucanae
1390 3055 1875 3128 demandassent,
1904 3058 2067 3138 quod
2086 3077 2194 3121 sua
2218 3058 2323 3121 Ca·

772 3155 994 3218 davera
1012 3153 1411 3235 sepelirentur
1432 3152 1495 3215 in
1519 3151 1779 3214 Ecclesia
1802 3153 1915 3213 PP.
1931 3151 1993 3213 S.
2018 3152 2319 3215 Francisci

773 3249 1077 3312 Minorum
1103 3246 1538 3310 observantiae
1573 3245 1840 3328 ejusdem
1870 3246 2019 3322 loci,
2041 3246 2321 3310 Nicolaus

772 3353 970 3406 tamen
992 3339 1301 3403 Bendinus
1319 3339 1626 3402 Parochus
1645 3337 1943 3401 Ecclesiae
1958 3339 2021 3401 S.
2043 3340 2318 3416 Martini,

763 3437 830 3498 in
860 3438 1031 3517 cujus
1064 3432 1355 3496 Parocbia
1381 3432 1612 3515 Angeia
1633 3479 1652 3503 ,
1692 3440 1754 3494 et
1791 3432 2024 3495 loanna
2054 3434 2317 3496 decesse-

774 3538 961 3603 runt,
993 3527 1225 3601 voluit,
1255 3533 1560 3589 uteorum
1589 3526 1892 3589 Cadavera
1919 3527 1985 3588 in
2008 3547 2118 3590 sua
2141 3528 2321 3590 Paro·

772 3622 953 3685 chiali
984 3620 1246 3683 Ecclesia
1270 3627 1732 3700 permanerent,
1757 3620 1957 3701 quoad
1987 3640 2179 3702 usque
2211 3640 2318 3684 ex-

772 3716 949 3798 pletis
971 3715 1288 3778 funeribus
1317 3714 1468 3776 hora
1498 3714 1822 3794 sepeliendi
1844 3714 2211 3777 advenisset.

889 3812 984 3873 Ex
1012 3810 1126 3871 hoc
1150 3807 1307 3870 facto
1338 3808 1453 3868 PP.
1485 3806 1546 3870 S.
1578 3807 1878 3870 Francisci
1910 3809 2319 3890 maximopere

770 3903 1052 3970 commoti
1089 3910 1260 3975 sunt,
1294 3901 1626 3983 eodemque
1646 3902 1845 3965 delato
1880 3903 1957 3966 ad
1982 3903 2141 3967 hanc
2180 3906 2311 3968 Sac.

771 3997 1307 4081 congregationem
1333 4044 1351 4067 ,
1391 3996 1681 4077 scriptum
1711 3995 1828 4057 fuit
1861 3998 2038 4081 juxta
2087 4017 2317 4060 morem

770 4094 1065 4176 Episcopo
1107 4111 1218 4174 pro
1262 4088 1730 4165 informatione,
1769 4100 1830 4153 et
1856 4099 2026 4167 voto;
2060 4112 2322 4175 cumque

767 4187 1098 4269 Episcopus
1126 4184 1192 4246 in
1214 4204 1323 4247 sua
1346 4184 1776 4247 informatione
1811 4204 1876 4248 se
1921 4187 2175 4251 relative
2201 4188 2317 4252 ha-

772 4280 998 4342 buisset
1018 4278 1093 4341 ad
1117 4277 1604 4340 informationem
1628 4280 1744 4341 sibi
1774 4280 1977 4343 datam
2001 4283 2081 4344 ab
2108 4283 2319 4345 eodem

768 4372 1040 4437 Parocho
1069 4372 1315 4434 Nicolao
1336 4372 1638 4447 Bendino,
1668 4374 1775 4454 qui
1805 4382 1894 4437 est
1919 4375 2103 4437 etiam
2137 4376 2316 4440 Vica-

769 4469 899 4531 rius
925 4467 1232 4529 Foraneus
1254 4465 1368 4527 loci
1399 4466 1869 4542 Petraesanctae,
1896 4477 1956 4531 et
1977 4469 2040 4529 in
2072 4488 2195 4551 qua
2223 4489 2317 4533 as-

769 4561 959 4624 seruit
979 4560 1417 4642 expositionem
1438 4559 1810 4622 Cadaverum
1835 4561 1898 4622 in
1926 4562 2189 4626 Ecclesia
2216 4565 2321 4626 l‘a·

770 4652 1025 4717 rochiali
1056 4653 1135 4715 ab
1176 4652 1429 4734 antiqua
1467 4653 1897 4715 consuetudine
1925 4655 2316 4734 processisse,

767 4746 837 4809 in
858 4747 1330 4829 congregatione
1352 4745 1559 4808 habita
1588 4745 1677 4806 die
1706 4750 1802 4808 11.
1833 4746 2118 4809 Ianuarii
2138 4753 2314 4811 1721.

770 4841 999 4904 dictum
1028 4840 1143 4901 fuit
1165 4884 1183 4914 ,
1215 4839 1380 4920 quod
1417 4838 1745 4920 Episcopus
1790 4840 2086 4915 Parocho‚
2115 4851 2173 4904 et
2202 4844 2316 4905 Pa-

771 4934 967 4998 tribus
1017 4933 1340 4995 terminum
1373 4931 1729 5013 praefigeret
1758 4933 1940 4995 unius
1983 4936 2205 4998 mensis
2240 4936 2318 4999 ad

767 5049 878 5093 sua
890 5030 1034 5112 jura
1060 5027 1405 5089 deducenda
1425 5025 1491 5087 in
1522 5027 1701 5090 Sacra
1736 5026 2210 5110 Congregatione
2234 5074 2251 5091 .

889 5128 937 5184 A
991 5122 1187 5184 Sacris
1231 5121 1808 5202 Congregationibus
1833 5168 1850 5195 ,
1893 5132 1954 5184 et
2008 5124 2315 5206 signanter

768 5217 1200 5299 Episcoporum
1222 5260 1241 5289 ,
1266 5224 1326 5277 et
1356 5214 1746 5296 Regularium
1761 5260 1780 5291 ,
1805 5235 2038 5278 necnon
2064 5219 2316 5280 Rituum

766 5311 1004 5391 saepius
1031 5328 1378 5390 responsum
1405 5308 1542 5383 fuit,
1574 5309 1735 5389 quod
1760 5310 2066 5374 Cadaver-a
2092 5312 2316 5374 Defun-

767 5411 1002 5479 etprum
1050 5402 1390 5483 sepelienda
1438 5402 1499 5462 in
1552 5402 1835 5464 Fratrum
1876 5404 2155 5467 Ecclesiis
2174 5451 2193 5480 ‚
2237 5407 2318 5470 ab

774 5496 1028 5560 aedibus
1066 5494 1489 5558 defunctorum
1529 5495 1606 5557 ad
1656 5497 1988 5560 eorundem
2031 5497 2318 5563 Fratrum

2439 980 2721 1041 ultimum
2745 980 2880 1042 vale
2905 980 3172 1062 recipere
3194 981 3420 1061 possint
3443 1026 3461 1053 ,
3483 1000 3606 1063 quo
3627 979 3839 1043 venire
3875 999 3985 1042 ex-

2441 1093 2639 1153 presse
2678 1083 2986 1136 recusante
3008 1120 3024 1149 ,
3054 1075 3280 1155 possint
3309 1075 3489 1137 iidem
3518 1076 3760 1137 Fratres
3799 1076 3982 1136 etiam

2436 1166 2565 1247 ipso
2609 1167 2801 1228 invito
2831 1169 2989 1229 dicta
3043 1168 3347 1230 Cadaver-a
3397 1168 3471 1230 ad
3512 1187 3649 1230 suas
3690 1167 3984 1230 Ecclesias

2434 1267 2842 1340 transportare
2866 1309 2883 1333 ,
2915 1261 3054 1324 licet
3076 1261 3361 1325 haeredes
3389 1260 3820 1325 Defunctorum
3844 1281 3984 1323 con·

2436 1355 2797 1417 tradicerent
2818 1400 2837 1429 ,
2880 1363 2941 1417 et
2975 1356 3241 1428 vellent,
3283 1356 3446 1437 quod
3479 1356 3647 1437 prius
3670 1355 3982 1418 deferren-

2434 1455 2535 1511 tur
2558 1450 2633 1512 ad
2661 1449 2984 1512 Ecclesiam
3009 1450 3453 1525 parochialem,
3492 1449 3581 1512 uti
3619 1448 3749 1512 fuse
3784 1449 3981 1512 videri

2427 1551 2624 1623 potest
2650 1544 2715 1605 in
2742 1547 2982 1606 emissit.
3026 1547 3126 1607 48.
3157 1565 3316 1607 num.
3348 1551 3409 1607 7.
3450 1555 3502 1606 et
3543 1565 3692 1625 seqq.
3749 1554 3879 1605 tom.
3919 1550 3980 1605 3.

2430 1638 2749 1719 Piqnatelli
2767 1686 2786 1714 ,
2834 1649 2887 1701 et
2929 1640 3085 1720 apud
3128 1641 3254 1700 bon.
3301 1659 3464 1702 mem.
3508 1639 3863 1702 mattham.
3918 1640 3987 1699 in

2435 1730 2683 1814 official.
2719 1732 2933 1795 Curiae
2953 1752 3079 1814 cap.
3111 1737 3210 1795 20.
3244 1753 3404 1794 num.
3442 1738 3503 1795 8.

2548 1828 2581 1887 J
2588 1836 2732 1891 uxta
2762 1828 2999 1890 casdem
3026 1826 3421 1890 resolutiones
3447 1826 3754 1906 excipitur
3775 1825 3982 1888 imme-

2433 1921 2746 1984 morabilis
2764 1921 3130 1983 consuetudo
3155 1920 3460 1985 contraria
3480 1921 3751 2003 legitime
3770 1920 3985 2002 proba-

2404 2024 2527 2090 ,αις
2550 2036 2813 2097 cumque
2837 2016 2995 2079 hanc
3024 2016 3310 2078 Fratres
3291 2036 3357 2078 in
3378 2015 3697 2099 hypothesi
3728 2015 3983 2079 deficere

2429 2111 2836 2184 contendant,
2867 2110 3233 2190 quaeritur.

2550 2204 2603 2264 1.
2654 2203 2750 2264 An
2785 2202 3084 2266 Cadavera
3132 2203 3537 2281 Defunctorum
3562 2203 3879 2283 sepelienda
3920 2204 3986 2262 in

2433 2298 2690 2361 Ecclesia
2717 2295 2965 2360 Pati-nm
2991 2298 3294 2360 Minorem
3322 2297 3725 2360 observantiae
3772 2297 3979 2358 Terrae

2432 2392 2862 2455 Petracsanctae
2887 2438 2904 2466 ,
2963 2405 3268 2473 antequam
3310 2395 3387 2456 ad
3431 2412 3624 2454 eorum
3669 2392 3983 2454 Ecclesiam

2430 2488 2789 2566 deferantur,
2821 2489 3052 2550 debeam
3075 2490 3237 2567 prius
3259 2490 3551 2567 asportari
3573 2488 3651 2549 ad
3671 2486 3983 2548 Parochia-

2435 2584 2540 2646 lon
2563 2630 2579 2652 ‚
2612 2591 2662 2643 et
2691 2602 2884 2643 eornm
2907 2584 2992 2642 ibi
3012 2582 3198 2644 debeat
3221 2582 3347 2662 fieri
3372 2584 3652 2664 expositio
3690 2601 3867 2662 usquc
3896 2582 3974 2643 ad

2433 2676 2631 2737 horam
2655 2678 3009 2754 sepulturae,
3045 2684 3097 2736 et
3122 2685 3397 2753 quatenus
3435 2677 3694 2754 neyatice
3718 2693 3741 2735 .·

2546 2768 2630 2830 11.
2669 2769 2765 2830 An
2794 2769 3086 2831 Parochus
3128 2779 3383 2830 teneatur
3423 2771 3713 2829 restituere
3748 2788 3933 2830 ceram
3956 2816 3976 2840 ,

2429 2873 2483 2924 et
2507 2865 2630 2925 alia
2657 2866 3028 2924 emolumenta
3052 2872 3311 2943 percepta
3337 2865 3620 2925 occasione
3644 2864 3978 2926 associatio-

2429 2958 2520 3019 nis
2545 3000 2563 3030 ,
2599 2968 2653 3018 et
2698 2958 3063 3038 &positionis
3096 2959 3161 3016 in
3200 2976 3306 3019 sua
3328 2957 3588 3040 Ecclesia
3622 2956 3980 3021 Cadavernm

2428 3050 2678 3132 Anqclas
2701 3097 2718 3122 ,
2751 3060 2803 3113 et
2829 3050 3035 3113 Annae
3062 3051 3130 3110 in
3152 3069 3289 3112 cau
3314 3058 3421 3112 etc.

2532 3245 2684 3294 Sacra
2714 3242 2911 3311 congr.
2938 3241 3027 3295 di·
3068 3242 3155 3294 14.
3180 3242 3356 3295 Martii
3388 3240 3550 3294 ¹728.
3576 3242 3885 3311 respondit:

2566 3329 2910 3401 Adprimum
2927 3330 3185 3398 negative.
3200 3329 3296 3383 Ad
3304 3329 3601 3384 secundum
3618 3328 3974 3399 qffirmoeive.

2858 3523 3220 3600 QUAESTIO
3262 3524 3559 3587 CCXLV.'

2485 3711 2558 3774 In
2585 3711 2780 3776 Causa
2805 3712 3121 3794 Spoletana
3142 3760 3160 3784 ,
3190 3713 3279 3772 die
3305 3718 3363 3774 7.
3396 3712 3699 3775 Februarii
3734 3717 3911 3776 1722.

2423 3841 2635 3963 Felix
2662 3901 3005 3963 Alexandra
3026 3899 3316 3963 Bocchelli
3341 3920 3491 3962 anno
3512 3905 3686 3963 1709.
3710 3900 3979 3982 ingressa

2423 4002 2515 4056 est
2554 3996 2987 4057 monasterium
3013 3994 3371 4057 Monialium
3402 3996 3617 4058 Beatae
3649 3995 3861 4058 Clarae
3900 3995 3977 4058 de

2424 4087 2807 4161 Montefalco,
2837 4096 2895 4148 et
2922 4087 2988 4148 in
3009 4088 3217 4150 eodem
3249 4086 3684 4149 Professionem
3713 4078 3974 4170 Regula-

2424 4200 2555 4243 rem
2586 4180 2787 4243 emisit
2813 4201 2964 4242 anno
3009 4186 3184 4244 1710.
3201 4203 3221 4260 3
3250 4200 3511 4264 cumque
3540 4182 3782 4255 eadem,
3811 4201 3971 4263 quae

2424 4276 2604 4337 modo
2623 4283 2712 4337 est
2737 4275 3057 4337 constituta
3079 4275 3141 4336 in
3164 4285 3357 4339 aetate
3376 4296 3676 4339 annorum
3699 4277 3971 4358 triginta,

2426 4368 2631 4451 paucis
2648 4370 2727 4430 ab
2756 4367 2901 4430 hinc
2926 4369 3141 4430 diebus
3156 4415 3172 4442 ‚
3197 4378 3535 4433 enarrasset
3555 4372 3750 4433 Priori
3778 4370 3977 4454 Eccle-

2423 4463 2547 4526 siae
2574 4461 2935 4544 Collegiatae
2956 4461 3157 4525 Sancti
3188 4464 3629 4527 Bar-tholomaei
3654 4482 3765 4527 suo
3792 4463 3971 4527 fratri

2423 4575 2752 4640 germano,
2783 4575 2847 4618 se
2872 4556 3387 4620 Hermafroditam
3426 4558 3702 4631 evasisse,
3735 4577 3974 4620 sexum·

2422 4670 2543 4733 que
2565 4649 2847 4711 virilem
2829 4669 2894 4710 tn
2922 4668 2985 4712 se
3015 4652 3392 4731 praevalere,
3421 4653 3758 4734 praedictus
3792 4652 3969 4714 Prior

2422 4764 2641 4827 operae
2668 4744 2927 4825 pretium
2957 4763 3084 4806 esse
3106 4747 3338 4808 censuit
3368 4766 3494 4825 rem
3523 4754 3708 4810 totam
3735 4746 3972 4827 Episco-

2425 4859 2502 4922 po
2525 4837 2850 4917 Spoletano
2883 4837 3297 4901 manifestare.

2541 4933 2867 5013 Episcopus
2884 4951 3062 4994 suum
3085 4933 3149 4993 in
3174 4933 3335 4995 Urbe
3362 4934 3735 5016 negotiorum
3764 4934 3969 4997 Gesto-

2423 5047 2550 5090 rem
2582 5027 2935 5097 admonuit,
2970 5035 3037 5087 ut
3074 5036 3481 5107 opportunum
3516 5037 3754 5109 caperet
3789 5048 3973 5109 super

2425 5121 2730 5204 praedicta
2767 5139 2832 5182 re
2859 5120 3179 5182 consilium
3207 5141 3223 5195 3
3257 5140 3516 5203 cumque
3545 5122 3730 5185 suerit
3773 5123 3970 5185 eidem

2422 5236 2459 5280 a
2494 5236 2588 5277 me
2617 5215 2991 5276 insinuatum
3018 5261 3035 5287 ,
3065 5217 3228 5295 quod
3263 5215 3324 5276 in
3355 5216 3656 5278 similibus
3680 5216 3818 5279 facti
3850 5218 3970 5279 cir-

2420 5306 2795 5375 cumstantiis
2820 5354 2839 5383 ,
2868 5310 3267 5372 necessarium
3302 5319 3433 5372 erat
3462 5310 3692 5373 Peritos
3715 5313 3968 5392 deputa-

2422 5426 2489 5467 re
2509 5450 2527 5480 ,
2555 5402 2662 5485 qui
2708 5421 2832 5465 una
2852 5421 2992 5464 cum
3017 5402 3353 5466 assistentia
3385 5405 3802 5467 Matronarum
3838 5426 3969 5468 ma-

2423 5518 2545 5582 gna
2572 5516 2712 5560 cum
2752 5495 3282 5578 circumspectione
3323 5496 3650 5561 Monialem
3676 5516 3967 5582 recogno-
