4393 6299
1880 432 2330 505 Qoffis'rtottsss
2378 435 2738 491 essentem.

677 604 841 648 anno
880 587 943 647 in
993 587 1092 651 die
1138 587 1742 652 Commemorationis
1802 587 2238 652 Defunctorum
2356 590 2594 653 cultura
2621 636 2639 665 ,
2673 599 2735 652 et
2763 589 3554 655 conservatione·bonorum
3578 638 3596 668 ,
3630 600 3750 658 tam
3795 591 3908 659 Pa·

678 680 1047 745 intortitium
1077 703 1250 746 cerae
1274 683 1451 747 albae
1470 702 1823 758 accensum3
1854 691 1914 745 et
1936 683 2135 756 tertio,
2165 682 2246 744 ad

677 778 1165 840 constituendum
1192 777 1385 839 alium
1414 777 1676 840 fundum
1704 797 1982 858 capacem
2013 797 2122 858 pro
2154 797 2246 839 ce-

678 869 971 934 lebranda
995 871 1318 935 festivitate
1340 873 1540 936 Sancti
1570 872 1859 953 Stephani
1890 892 2029 934 cum
2061 872 2245 934 Missa

679 966 933 1032 solemni
958 1011 976 1040 ,
1005 987 1114 1029 nec
1134 986 1256 1040 non
1284 986 1394 1048 pro
1418 968 1780 1030 celebranda
1803 966 1924 1030 alia
1945 968 2126 1029 Missa
2146 966 2246 1029 die

680 1060 957 1142 sequenti
987 1081 1098 1142 pro
1116 1062 1335 1124 ‘anima
1357 1081 1467 1125 sua
1495 1111 1511 1134 ,
1550 1070 1611 1124 et
1642 1061 1705 1122 in
1732 1082 1804 1125 eo
1832 1062 1997 1143 quod
2019 1069 2246 1142 spectat

683 1157 761 1220 ad
819 1156 1389 1219 Confraternitatem
1418 1203 1436 1231 ,
1489 1156 1685 1220 eidem
1742 1156 2032 1236 imposuit
2093 1174 2249 1217 onus

682 1251 882 1332 primo
912 1250 1313 1313 distribuendi
1359 1251 1615 1335 singulis
1656 1252 1832 1313 annis
1868 1261 2031 1313 certo
2070 1251 2250 1312 modo

683 1344 871 1407 staria
901 1350 996 1405 17.
1029 1343 1319 1407 frumenti
1347 1345 1408 1406 in
1434 1363 1620 1426 panes
1641 1344 1860 1407 redacti
1888 1390 1905 1418 ,
1937 1345 2202 1407 secundo
2229 1388 2246 1416 ,

683 1439 955 1502 solvendi
987 1441 1315 1521 quotannis
1352 1450 1518 1503 scuta
1556 1446 1649 1502 12.
1683 1460 1793 1521 pro
1834 1448 2129 1522 apparatu
2160 1439 2248 1501 fe-

688 1534 973 1598 stivitatis
1019 1535 1254 1617 primae
1305 1536 1656 1598 Dominicae
1700 1536 1921 1597 mensis
1964 1535 2109 1618 Maji
2142 1579 2158 1608 ,
2189 1543 2251 1596 et

688 1647 798 1710 pro
821 1630 1194 1711 expositione
1214 1630 1598 1693 Venerabilis
1627 1676 1642 1703 ,
1675 1640 1730 1692 et
1762 1631 1963 1710 quoad
1984 1630 2252 1710 reliquos

691 1725 925 1788 fructus
968 1733 1445 1806 superextantes,
1491 1725 1746 1788 eandem
1774 1725 2252 1788 confraternita-

691 1830 813 1882 tem
833 1820 1111 1903 gravavit
1133 1821 1211 1883 ad
1231 1820 1712 1906 constituendam
1733 1822 1947 1883 Dotem
1973 1828 2057 1883 tot
2078 1818 2248 1882 Puel·
2293 1881 2296 1884 ,

692 1913 790 1976 lis.

706 2093 709 2094 7
809 2008 1055 2071 Praeter
1082 2007 1421 2089 multiplica
1462 2027 1656 2089 usque
1682 2007 1881 2070 adhuc
1908 2007 2204 2103 recensita
2231 2052 2249 2081 ,

690 2102 1032 2183 Stephanus
1068 2101 1419 2165 Leonardus
1461 2102 1733 2164 Testatur
1770 2100 2248 2180 multiplicorum

690 2194 1142 2260 amantissimus
1168 2196 1245 2259 ad
1275 2194 1442 2259 aliud
1468 2193 1872 2276 multiplicum
1916 2192 2203 2275 processit
2231 2238 2248 2267 ,

688 2290 887 2356 voluit
912 2291 1077 2354 enim
1104 2339 1122 2363 ,
1151 2291 1315 2372 quod
1341 2289 1507 2352 aliud
1539 2288 1710 2351 lieret
1737 2286 2143 2368 multiplicum
2172 2286 2248 2348 ad

692 2406 887 2450 annos
919 2385 1177 2469 viginti,
1207 2405 1284 2446 ex
1312 2384 1610 2447 fructibus
1635 2383 1775 2445 dicti
1806 2383 1989 2464 primi
2020 2382 2248 2464 capita-

691 2479 807 2554 lis,
840 2499 947 2542 seu
988 2479 1307 2560 multiplici
1340 2490 1644 2541 scutorum
1673 2485 1891 2541 20000.
1923 2478 2247 2540 investien-

690 2576 788 2638 dis
812 2576 888 2638 ad
910 2577 1293 2638 commodum
1316 2573 1759 2637 fideicommissi
1789 2620 1806 2648 ,
1837 2583 1898 2636 et
1924 2572 2143 2636 deinde
2170 2572 2244 2634 ad

690 2669 846 2735 alios
871 2668 1023 2731 duos
1059 2689 1251 2731 annos
1277 2669 1352 2731 ad
1380 2668 1761 2730 commodum
1798 2676 1918 2729 tam
1950 2669 2198 2730 Patrum
2226 2711 2243 2739 ,

691 2784 877 2846 qnam
907 2763 1254 2825 Sodalitatis
1279 2809 1297 2839 ,
1326 2783 1397 2825 ea
1421 2771 1620 2825 tamen
1654 2761 1786 2845 lege
1810 2806 1828 2835 ,
1852 2761 2013 2844 quod
2037 2761 2100 2822 hi
2122 2760 2246 2822 fru-

690 2865 826 2921 ctus
869 2858 1130 2921 duorum
1176 2875 1476 2918 annorum
1519 2855 1708 2918 dividi
1756 2863 2060 2935 nequeant
2090 2853 2248 2915 inter

690 2950 901 3018 Patres
925 2998 944 3027 ,
973 2960 1034 3016 et
1062 2952 1450 3015 Sodalitatem
1474 2995 1491 3024 ,
1522 2950 1639 3011 nisi
1685 2958 1817 3031 post
1856 2949 2091 3030 lapsum
2137 2969 2246 3011 an·

693 3066 915 3110 norum
961 3052 1061 3109 22.
1096 3066 1219 3129 quo
1254 3045 1454 3108 medio
1491 3052 1760 3125 tempore
1805 3044 2049 3117 statuit,
2081 3043 2243 3125 quod

689 3142 769 3208 ad
816 3142 1141 3205 utilitatem
1188 3160 1399 3205 eorum
1439 3141 1867 3204 efformaretur
1905 3137 2072 3201 aliud
2101 3138 2246 3201 sub·

690 3236 1096 3320 multiplicum
1115 3282 1133 3311 ,
1163 3235 1248 3299 ita
1289 3244 1359 3298 ut
1386 3254 1622 3317 semper
1645 3280 1663 3309 ,
1694 3242 1753 3296 et
1781 3234 1843 3294 in
1890 3242 2247 3314 perpetuum

693 3351 770 3394 ex
798 3331 1096 3393 fructibus
1127 3332 1305 3415 primi
1336 3329 1658 3410 multiplici
1688 3339 1994 3391 scutorum
2024 3334 2242 3391 20000.

693 3427 1138 3488 constituantur
1164 3424 1283 3489 alia
1328 3424 1663 3505 multiplica
1707 3424 1782 3485 ad
1814 3423 2031 3505 viginti
2057 3442 2250 3485 annos

695 3517 906 3582 favore
953 3517 1436 3591 fideicommissi,
1462 3530 1523 3580 et
1551 3518 1627 3579 ad
1652 3519 1802 3578 duos
1825 3536 2016 3579 annos
2043 3517 2252 3579 favore

697 3614 948 3677 Patrum
973 3657 990 3686 ,
1028 3622 1089 3675 et
1128 3610 1685 3685 confraternitatis,
1730 3612 1956 3692 quibus
1997 3630 2249 3693 propor-

698 3706 1075 3769 tionabiliter
1093 3751 1112 3780 ,
1145 3714 1202 3768 et
1228 3705 1304 3769 ad
1326 3707 1487 3767 vires
1517 3706 2076 3767 investimentorum
2104 3724 2250 3766 one-

698 3817 769 3863 ra
795 3800 1082 3873 adauxit,
1125 3799 1448 3862 substituta
1496 3798 1559 3859 in
1610 3817 1748 3860 casu
1794 3817 1915 3859 non
1962 3797 2250 3879 adimple·

700 3895 927 3969 menti,
959 3914 1097 3958 cum
1121 3895 1332 3957 iisdem
1354 3894 1673 3967 oneribus,
1703 3892 2030 3955 Sodalitate
2048 3892 2251 3955 Sancti

699 3987 998 4070 Gregorii.

819 4082 1011 4145 Moles
1051 4080 1270 4145 horum
1315 4080 1789 4162 multiplicorum
1840 4081 2090 4144 fundata
2136 4080 2255 4144 ruit

699 4176 764 4239 in
792 4174 1093 4238 fructibus
1113 4175 1261 4237 assis
1284 4173 1672 4237 haereditarii
1697 4173 1921 4235 valoris
1942 4183 2250 4237 scutorum

705 4274 921 4333 18000.
945 4271 1117 4351 cujus
1145 4269 1408 4351 ejusdem
1434 4268 1581 4330 assis
1609 4268 1768 4330 bona
1794 4277 1998 4349 utpote
2013 4268 2129 4331 sita
2161 4269 2251 4329 in·

702 4373 797 4427 ter
835 4374 1068 4426 montes
1093 4409 1112 4437 ‚
1159 4364 1445 4426 dicuntur
1495 4362 1828 4425 tenuissimi
1881 4363 2110 4425 reditus
2136 4408 2154 4437 ,
2184 4370 2246 4425 et

699 4458 839 4522 licet
858 4459 923 4521 in
951 4459 1157 4521 eodem
1191 4478 1320 4520 asse
1336 4459 1564 4521 Domus
1588 4457 1769 4521 etiam
1802 4458 2247 4532 contineantur,

699 4556 1033 4616 necessaria
1056 4552 1456 4616 nibilominus
1486 4561 1575 4614 est
1602 4551 1889 4614 continua
1918 4551 2252 4631 reparatio-

700 4646 797 4709 nis
831 4666 1114 4729 expensa:
1135 4648 1405 4727 adeoque
1426 4654 1559 4727 post
1574 4646 1869 4708 redditam
1891 4645 1970 4708 ab
1999 4645 2256 4708 haerede

696 4740 988 4823 Stephani
1021 4740 1318 4805 Leonardi
1358 4741 1652 4803 rationem
1675 4759 1821 4802 suae
1863 4738 2251 4803 administra-

700 4836 885 4899 tionis
924 4837 1003 4900 ab
1025 4856 1187 4899 anno
1218 4841 1392 4897 1678.
1432 4854 1557 4915 quo
1586 4834 2031 4898 administratio
2061 4834 2253 4897 incoe-

697 4933 832 5013 pit,
861 4932 939 4995 ad
963 4950 1190 4994 annum
1219 4936 1394 4993 1696.
1426 4926 1491 4992 in
1518 4949 1643 5012 qua
1681 4928 2021 4992 redditione
2062 4927 2252 4992 ratio-

698 5028 831 5099 nis,
868 5026 958 5089 uti
983 5023 1292 5107 colligitur
1339 5043 1417 5088 ex
1462 5033 1672 5087 tenore
1706 5024 2039 5087 sententiae
2061 5067 2079 5098 ,
2109 5041 2250 5105 pro·

699 5124 910 5188 batum
930 5119 1050 5184 fuit
1074 5167 1093 5193 ,
1123 5120 1290 5201 quod
1317 5117 1553 5181 fructus
1574 5116 1967 5181 haereditarii
2009 5117 2251 5180 fuerant

697 5217 970 5300 legitime
1002 5213 1233 5296 erogati
1258 5261 1275 5286 ,
1321 5222 1382 5275 et
1437 5212 1697 5294 impensi
1739 5214 1803 5274 in
1849 5211 2251 5294 adimplendis

700 5312 923 5377 annuis
956 5309 1244 5372 oneribus
1283 5307 1710 5381 haereditatis,
1752 5326 1861 5370 nec
1892 5326 2013 5369 non
2062 5305 2127 5369 in
2166 5305 2252 5370 fa·

700 5406 929 5470 ciendis
955 5403 1302 5468 necessariis
1326 5448 1344 5477 ,
1374 5411 1434 5466 et
1462 5403 1819 5483 opportunis
1839 5402 2118 5485 expensis
2142 5422 2253 5485 pro

2357 694 2476 746 tres
2493 683 2555 743 8.
2586 684 2812 746 Mariae
2830 685 3320 768 Congregationis
3339 686 3552 748 Matris
3568 688 3702 759 Dei,
3725 707 3910 771 quam

2353 777 2598 840 Sodales
2619 778 3148 842 Confraternitatis
3175 780 3245 842 B.
3290 780 3564 863 Virginis
3590 802 3628 845 a
3655 783 3912 845 Succur—

2355 891 2424 933 su
2455 919 2472 942 ,
2523 891 2745 954 operae
2794 873 3055 954 pretium
3103 893 3231 936 esse
3274 875 3703 939 existimarunt
3731 922 3748 950 ,
3797 877 3918 939 sub

2357 964 2606 1027 obtentu
2659 965 3160 1047 impossibilitatis
3213 969 3551 1048 exequendi
3590 969 3915 1033 Testatoris

2357 1059 2753 1131 voluntatem,
2784 1061 3010 1124 habere
3036 1081 3346 1125 recursum
3365 1064 3439 1124 ad
3459 1064 3911 1128 sanctissimum

2360 1156 2686 1216 Dominum
2719 1154 3001 1218 Nostrum
3039 1176 3150 1238 pro
3177 1157 3460 1220 facultate
3488 1159 3811 1240 recipiendi
3833 1160 3915 1222 ab

2360 1248 2622 1312 haerede
2644 1250 2931 1331 Stephani
2960 1252 3258 1314 Leonardi
3286 1271 3583 1315 summam
3606 1261 3914 1315 scutorum

2365 1350 2538 1406 1100.
2565 1355 2841 1407 monetae
2859 1345 3017 1408 inter
3037 1367 3100 1407 se
3126 1346 3460 1428 aequaliter
3486 1347 3873 1410 dividendam
3894 1393 3914 1420 ,

2360 1448 2420 1501 et
2452 1438 2871 1521 applicandam
2899 1460 3008 1522 pro
3045 1440 3335 1524 suffragio
3357 1442 3597 1505 animae
3630 1441 3774 1504 dicti
3801 1443 3916 1503 Te·

2360 1534 2603 1597 statoris
2636 1559 2678 1608 ,·
2706 1534 2944 1597 sublata
2982 1537 3316 1599 caducitate
3355 1535 3624 1618 apposita
3668 1537 3734 1599 in
3772 1556 3914 1599 casu

2363 1647 2485 1690 non
2546 1627 3002 1710 adimplementi
3064 1629 3273 1693 favore
3322 1631 3664 1694 Sodalitatis
3714 1630 3913 1693 Sancti

2359 1724 2679 1806 Gregorii,
2714 1725 3086 1808 fueruntque
3122 1744 3159 1789 a
3197 1727 3527 1790 Sanctitate
3557 1727 3677 1789 Sua
3716 1745 3920 1809 preces

2362 1821 2647 1884 remissae
2664 1821 2738 1883 ad
2761 1822 2919 1883 hanc
2936 1822 3178 1884 Sacram
3200 1821 3756 1903 Congregationem.

2480 1916 2568 1977 Ad
2631 1916 2910 1978 tramites⁴
2958 1914 3328 1977 remissionis
3350 1960 3368 1990 ,
3437 1914 3745 1996 proposita
3801 1913 3922 1975 fuit

2360 2010 2552 2073 Causa
2602 2010 2663 2070 in
2713 2010 3190 2092 congregatione
3233 2009 3441 2073 habita
3488 2011 3580 2071 dic
3628 2013 3725 2070 10.
3762 2008 3922 2069 sulii

2364 2111 2538 2169 1706.
2569 2104 2686 2168 sub
2715 2105 2906 2168 dubio
2930 2106 3206 2187 sequenti
3234 2126 3251 2167 t
3281 2106 3377 2166 An
3391 2106 3628 2186 praevia
3670 2124 3919 2166 comnm-

2359 2202 2571 2263 tations
2594 2202 2904 2262 voluntatis
2930 2201 3005 2261 sit
3031 2201 3182 2260 locus
3210 2202 3417 2280 petitas
3444 2200 3820 2260 transactioni
3852 2199 3919 2257 in

2357 2315 2493 2357 casu
2515 2342 2532 2373 ,
2572 2302 2633 2355 et
2685 2295 2868 2357 Sacra
2913 2293 3309 2376 congregatio
3358 2292 3670 2374 respondit
3688 2337 3706 2366 ,
3755 2291 3924 2374 quod

2355 2396 2545 2452 status
2567 2387 2937 2450 firmaretur.

2476 2483 2776 2545 Putarunt
2802 2481 3109 2555 Oratores,
3137 2500 3201 2544 se
3222 2481 3575 2543 satisfecisse
3605 2479 3791 2542 menti
3816 2479 3919 2542 Sa·

2357 2595 2496 2638 crae
2523 2575 3017 2659 Congregationis
3035 2621 3052 2650 ,
3084 2574 3431 2638 exhibendo
3456 2583 3681 2637 statum
3715 2573 3921 2636 haere-

2355 2662 2643 2733 ditarium
2672 2670 2897 2733 factum
2925 2689 2961 2732 a
2992 2669 3231 2732 duobus
3277 2666 3701 2733 Sacerdotibus
3726 2687 3764 2731 a
3808 2686 3873 2728 se
3899 2711 3917 2739 ,

2356 2770 2416 2827 et
2445 2783 2565 2830 non
2592 2765 2671 2826 ab
2691 2763 3021 2826 Ordinario
3048 2763 3369 2844 deputatis,
3392 2771 3453 2823 et
3473 2762 3538 2823 in
3573 2762 3688 2825 hoc
3710 2781 3923 2823 rerum

2355 2866 2539 2930 statu,
2563 2858 2870 2940 proposito
2897 2859 3116 2920 iterum
3141 2858 3447 2937 praedicto
3472 2856 3663 2919 dubio
3681 2857 3744 2917 in
3771 2857 3923 2918 Con·

2355 2953 2703 3035 gregatione
2720 2952 2930 3019 habita
2948 2954 3036 3014 die
3057 2958 3155 3013 21.
3177 2953 3336 3031 Maji
3358 2957 3535 3014 1707.
3563 2952 3922 3033 rescriptum

2359 3046 2498 3120 fuit,
2532 3047 2693 3127 quod
2725 3046 3073 3111 firmaretur
3117 3055 3309 3110 status
3348 3046 3790 3109 haereditarius
3820 3067 3922 3109 co·

2358 3163 2486 3205 ram
2510 3142 2803 3225 Episcopo
2828 3189 2846 3218 ,
2876 3142 2973 3206 cui
3001 3141 3368 3205 scriberetur
3400 3161 3509 3223 pro
3538 3140 3921 3205 informatio·

2358 3256 2435 3299 ne
2453 3282 2471 3312 ,
2502 3246 2562 3299 et
2588 3247 2751 3299 voto.

2478 3332 2667 3393 Datae
2694 3330 2945 3393 fuerunt
2970 3331 3046 3393 ad
3082 3329 3642 3392 Eminentissimum
3677 3328 3924 3410 Episco-

2359 3442 2500 3502 pum
2530 3424 2788 3498 litterae,
2820 3424 3103 3505 idemque
3125 3423 3540 3503 respondendo
3586 3422 3925 3484 transmisit

2357 3518 2572 3580 folium
2617 3527 2807 3581 status
2855 3518 3244 3582 haereditarii
3270 3564 3287 3591 ,
3323 3518 3385 3578 in
3436 3536 3559 3598 quo
3604 3536 3640 3579 a
3679 3516 3921 3579 duobus

2359 3614 2575 3675 Peritis
2603 3614 2981 3675 referebatur
3007 3659 3024 3686 ,
3054 3614 3220 3693 quod
3248 3611 3607 3674 examinatis
3632 3658 3650 3682 ,
3681 3621 3743 3674 et
3786 3630 3924 3693 per·

2359 3707 2560 3786 pensis
2586 3706 2762 3768 libris
2802 3708 3107 3768 rationum
3150 3726 3185 3769 a
3222 3705 3467 3767 Vir-ario
3495 3704 3780 3767 Generali
3812 3725 3924 3785 ap-

2360 3800 2660 3882 probatis,
2712 3801 3184 3863 Administrator
3243 3800 3321 3864 ab
3366 3818 3530 3861 anno
3577 3805 3753 3863 1676.
3801 3819 3926 3881 quo

2362 3903 2631 3974 tempore
2650 3895 2922 3956 Testatur
2949 3904 3225 3955 mortuns
3245 3901 3355 3966 est,
3382 3911 3576 3971 usque
3594 3893 3672 3955 ad
3693 3912 3925 3956 annum

2366 3993 2541 4050 1695.
2575 3998 2950 4052 remanserat
2965 3987 3240 4050 Creditor
3258 3986 3652 4049 haereditatis
3679 3988 3743 4049 in
3768 3995 3920 4052 scut.

2360 4083 2460 4145 w.
2504 4090 2564 4144 et
2592 4083 2793 4145 obulis
2827 4089 2884 4145 5.
2919 4090 2980 4145 et
3006 4080 3169 4162 quod
3203 4082 3283 4143 ab
3310 4100 3474 4143 anno
3512 4086 3690 4143 1695.
3730 4101 3926 4162 usque

2358 4177 2434 4239 ad
2461 4195 2691 4239 annum
2723 4182 2898 4238 1706.
2928 4175 3127 4238 soluto
3152 4193 3292 4238 aere
3321 4174 3524 4237 alieno
3567 4185 3924 4257 superexta-

2361 4273 2509 4335 bant
2539 4282 2706 4335 scuta
2735 4278 2875 4334 707.
2901 4268 3316 4334 concludendo
3335 4314 3353 4343 ,
3391 4268 3674 4350 precibus
3705 4267 3926 4331 Orato-
4001 4262 4004 4265 “

2359 4385 2498 4427 rum
2546 4385 2673 4428 esse
2719 4365 3113 4429 annuendum
3139 4411 3157 4437 ,
3205 4371 3268 4426 et
3298 4363 3761 4427 transactionem
3798 4381 3926 4427 esse

2358 4460 2864 4534 confirmandam,
2886 4468 2947 4522 et
2966 4458 3157 4520 multo
3183 4458 3372 4540 magis
3391 4505 3406 4529 ‚
3430 4456 3477 4518 si
3509 4456 3720 4517 haeres
3741 4454 3923 4516 indu-

2359 4556 2412 4617 ci
2436 4563 2626 4636 posset
2651 4556 2725 4617 ad
2748 4554 3087 4636 augendam
3111 4571 3412 4615 summam
3436 4549 3705 4613 oblatam
3727 4559 3924 4611 scuto-

2361 4669 2499 4711 rum
2538 4654 2712 4712 1100.
2759 4649 2833 4711 ad
2883 4666 3184 4711 summam
3233 4656 3540 4710 scutorum
3593 4648 3768 4706 ttoo.
3817 4651 3926 4706 aut

2362 4750 2537 4806 1500.
2571 4763 2646 4806 ex
2669 4762 2793 4825 quo
2817 4742 3195 4824 potissimum
3218 4739 3559 4821 multiplica
3586 4758 3622 4800 a
3651 4740 3921 4801 Testato-

2360 4858 2427 4901 re
2455 4839 2734 4902 ordinata
2763 4858 2885 4902 non
2931 4847 3108 4900 erant
3133 4856 3241 4919 per
3273 4836 3510 4918 lapsum
3537 4834 3707 4896 mille
3729 4854 3921 4896 anno-

2357 4951 2496 4995 rum
2524 4932 2601 4995 ad
2629 4933 2868 5013 praxim
2901 4931 3263 4994 reducibilia
3286 4975 3305 5003 ,
3334 4928 3763 5011 propositaque
3811 4948 3925 5007 pro

2361 5026 2541 5089 tertia
2586 5026 2719 5089 vice
2768 5027 3059 5089 instantia
3095 5025 3162 5087 in
3198 5023 3676 5105 Congregatione
3713 5020 3925 5099 habita

2358 5119 2449 5182 dis
2467 5124 2567 5183 28.
2592 5120 2877 5183 ‚Ianuarii
2902 5124 3077 5183 1708.
3128 5117 3301 5180 nulla
3325 5116 3443 5178 fuit
3481 5122 3653 5194 capta
3687 5113 3920 5176 resolu-

2359 5214 2446 5276 tio
2472 5261 2490 5288 ,
2522 5224 2585 5278 et
2608 5215 2764 5277 facta
2792 5222 3013 5295 quarta
3053 5210 3461 5293 propositione
3486 5208 3552 5269 in
3579 5207 3922 5290 Congrega·

2363 5308 2524 5370 tione
2547 5309 2754 5372 habita
2776 5310 2866 5370 dic
2898 5313 2991 5369 11.
3018 5306 3320 5368 Februarii
3345 5307 3519 5365 1708.
3555 5300 3921 5381 rescriptum
4041 5302 4046 5312 ’

2358 5400 2474 5466 fuit
2497 5406 2776 5485 nequitu,
2805 5401 3109 5484 huiusque
3131 5395 3522 5463 resolutionis
3556 5394 3920 5460 fundamen-
