<?xml version="1.0" encoding="UTF-8"?>
<!DOCTYPE html PUBLIC "-//W3C//DTD XHTML 1.0 Transitional//EN"
    "http://www.w3.org/TR/xhtml1/DTD/xhtml1-transitional.dtd">
<html xmlns="http://www.w3.org/1999/xhtml" xml:lang="en" lang="en">
 <head>
  <title>
</title>
<meta http-equiv="Content-Type" content="text/html;charset=utf-8" />
  <meta name='ocr-system' content='tesseract 3.04.00' />
  <meta name='ocr-capabilities' content='ocr_page ocr_carea ocr_par ocr_line ocrx_word'/>
</head>
<body>
  <div class='ocr_page' id='page_1' title='image "benedictixivpon01xivgoog_0221.png"; bbox 0 0 4393 6299; ppageno 0'>
   <div class='ocr_carea' id='block_1_1' title="bbox 1651 497 2389 568">
    <p class='ocr_par' dir='ltr' id='par_1_1' title="bbox 1651 497 2389 568">
     <span class='ocr_line' id='line_1_1' title="bbox 1651 497 2389 568; baseline -0.009 -17"><span class='ocrx_word' id='word_1_1' title='bbox 1651 498 2112 568; x_wconf 47' lang='lat' dir='ltr'><strong>Quinsrto</strong></span> <span class='ocrx_word' id='word_1_2' title='bbox 2168 497 2389 551; x_wconf 68' lang='lat' dir='ltr'><strong>ccxxi.</strong></span> 
     </span>
    </p>
   </div>
   <div class='ocr_carea' id='block_1_2' title="bbox 3354 505 3461 557">
    <p class='ocr_par' dir='ltr' id='par_1_2' title="bbox 3354 505 3461 557">
     <span class='ocr_line' id='line_1_2' title="bbox 3354 505 3461 557; baseline 0.037 -4"><span class='ocrx_word' id='word_1_3' title='bbox 3354 505 3461 557; x_wconf 76' lang='lat'><strong>21³</strong></span> 
     </span>
    </p>
   </div>
   <div class='ocr_carea' id='block_1_3' title="bbox 446 649 3642 741">
    <p class='ocr_par' dir='ltr' id='par_1_3' title="bbox 446 649 3642 741">
     <span class='ocr_line' id='line_1_3' title="bbox 446 649 3642 741; baseline 0.008 -46"><span class='ocrx_word' id='word_1_4' title='bbox 446 661 675 725; x_wconf 60' lang='lat' dir='ltr'><strong>Nunfio</strong></span> <span class='ocrx_word' id='word_1_5' title='bbox 701 657 1037 741; x_wconf 57' lang='lat' dir='ltr'><strong>Apostolico</strong></span> <span class='ocrx_word' id='word_1_6' title='bbox 1071 656 1131 717; x_wconf 72' lang='lat' dir='ltr'><strong>fin</strong></span> <span class='ocrx_word' id='word_1_7' title='bbox 1160 654 1381 737; x_wconf 73' lang='lat' dir='ltr'><strong>Regnis</strong></span> <span class='ocrx_word' id='word_1_8' title='bbox 1411 652 1844 733; x_wconf 79' lang='lat' dir='ltr'>Hispaniarum</span> <span class='ocrx_word' id='word_1_9' title='bbox 1888 649 1990 710; x_wconf 87' lang='lat' dir='ltr'><strong>de-</strong></span> <span class='ocrx_word' id='word_1_10' title='bbox 2098 669 2228 712; x_wconf 88' lang='lat' dir='ltr'><strong>sam</strong></span> <span class='ocrx_word' id='word_1_11' title='bbox 2276 649 2600 730; x_wconf 89' lang='lat' dir='ltr'><strong>respiciunt</strong></span> <span class='ocrx_word' id='word_1_12' title='bbox 2625 695 2642 723; x_wconf 93' lang='lat'><strong>,</strong></span> <span class='ocrx_word' id='word_1_13' title='bbox 2687 671 2794 712; x_wconf 88' lang='lat' dir='ltr'><strong>nec</strong></span> <span class='ocrx_word' id='word_1_14' title='bbox 2821 671 2940 713; x_wconf 91' lang='lat' dir='ltr'><strong>non</strong></span> <span class='ocrx_word' id='word_1_15' title='bbox 2971 651 3160 714; x_wconf 86' lang='lat' dir='ltr'><strong>altera</strong></span> <span class='ocrx_word' id='word_1_16' title='bbox 3207 653 3433 731; x_wconf 83' lang='lat' dir='ltr'><strong>pariter</strong></span> <span class='ocrx_word' id='word_1_17' title='bbox 3457 656 3642 723; x_wconf 75' lang='lat' dir='ltr'><strong>allata</strong></span> 
     </span>
    </p>
   </div>
   <div class='ocr_carea' id='block_1_4' title="bbox 449 744 2019 5543">
    <p class='ocr_par' dir='ltr' id='par_1_4' title="bbox 449 744 2019 5543">
     <span class='ocr_line' id='line_1_4' title="bbox 449 744 1991 838; baseline -0.009 -19"><span class='ocrx_word' id='word_1_18' title='bbox 449 756 637 838; x_wconf 82' lang='lat' dir='ltr'><strong>genti,</strong></span> <span class='ocrx_word' id='word_1_19' title='bbox 667 755 726 816; x_wconf 92' lang='lat' dir='ltr'><strong>in</strong></span> <span class='ocrx_word' id='word_1_20' title='bbox 751 753 975 835; x_wconf 86' lang='lat' dir='ltr'><strong>quibus</strong></span> <span class='ocrx_word' id='word_1_21' title='bbox 998 751 1113 812; x_wconf 82' lang='lat' dir='ltr'><strong>fuit</strong></span> <span class='ocrx_word' id='word_1_22' title='bbox 1140 751 1193 812; x_wconf 90' lang='lat' dir='ltr'><strong>ei</strong></span> <span class='ocrx_word' id='word_1_23' title='bbox 1225 751 1672 819; x_wconf 83' lang='lat' dir='ltr'><strong>demandatum,</strong></span> <span class='ocrx_word' id='word_1_24' title='bbox 1695 748 1856 829; x_wconf 88' lang='lat' dir='ltr'><strong>quod</strong></span> <span class='ocrx_word' id='word_1_25' title='bbox 1880 744 1991 807; x_wconf 90' lang='lat' dir='ltr'><strong>ali-</strong></span> 
     </span>
     <span class='ocr_line' id='line_1_5' title="bbox 451 841 1991 933; baseline -0.008 -20"><span class='ocrx_word' id='word_1_26' title='bbox 451 871 632 933; x_wconf 87' lang='lat' dir='ltr'><strong>quem</strong></span> <span class='ocrx_word' id='word_1_27' title='bbox 658 852 973 931; x_wconf 87' lang='lat' dir='ltr'><strong>deputaret</strong></span> <span class='ocrx_word' id='word_1_28' title='bbox 993 868 1066 909; x_wconf 84' lang='lat' dir='ltr'><strong>ex</strong></span> <span class='ocrx_word' id='word_1_29' title='bbox 1096 846 1405 926; x_wconf 78' lang='lat' dir='ltr'><strong>Episcopis</strong></span> <span class='ocrx_word' id='word_1_30' title='bbox 1432 844 1849 914; x_wconf 72' lang='lat' dir='ltr'><strong>vicinioribus»,</strong></span> <span class='ocrx_word' id='word_1_31' title='bbox 1885 841 1991 921; x_wconf 88' lang='lat' dir='ltr'><strong>qui</strong></span> 
     </span>
     <span class='ocr_line' id='line_1_6' title="bbox 450 940 1998 1011; baseline -0.008 -2"><span class='ocrx_word' id='word_1_32' title='bbox 450 947 527 1008; x_wconf 89' lang='lat' dir='ltr'><strong>de</strong></span> <span class='ocrx_word' id='word_1_33' title='bbox 547 955 704 1008; x_wconf 88' lang='lat' dir='ltr'><strong>statu</strong></span> <span class='ocrx_word' id='word_1_34' title='bbox 732 943 1104 1011; x_wconf 85' lang='lat' dir='ltr'><strong>Monasterii,</strong></span> <span class='ocrx_word' id='word_1_35' title='bbox 1142 951 1260 1003; x_wconf 91' lang='lat' dir='ltr'><strong>tam</strong></span> <span class='ocrx_word' id='word_1_36' title='bbox 1291 941 1446 1003; x_wconf 90' lang='lat' dir='ltr'><strong>circa</strong></span> <span class='ocrx_word' id='word_1_37' title='bbox 1479 940 1909 1009; x_wconf 85' lang='lat' dir='ltr'><strong>necessitatem,</strong></span> <span class='ocrx_word' id='word_1_38' title='bbox 1938 945 1998 998; x_wconf 88' lang='lat' dir='ltr'><strong>et</strong></span> 
     </span>
     <span class='ocr_line' id='line_1_7' title="bbox 449 1036 1993 1119; baseline -0.009 -15"><span class='ocrx_word' id='word_1_39' title='bbox 449 1041 799 1104; x_wconf 77' lang='lat' dir='ltr'><strong>facilitatem</strong></span> <span class='ocrx_word' id='word_1_40' title='bbox 853 1037 1243 1119; x_wconf 89' lang='lat' dir='ltr'><strong>reaptationis</strong></span> <span class='ocrx_word' id='word_1_41' title='bbox 1267 1082 1283 1109; x_wconf 91' lang='lat'>‚</span> <span class='ocrx_word' id='word_1_42' title='bbox 1315 1056 1498 1117; x_wconf 91' lang='lat' dir='ltr'><strong>quam</strong></span> <span class='ocrx_word' id='word_1_43' title='bbox 1527 1036 1685 1097; x_wconf 88' lang='lat' dir='ltr'><strong>circa</strong></span> <span class='ocrx_word' id='word_1_44' title='bbox 1709 1042 1993 1095; x_wconf 84' lang='lat' dir='ltr'><strong>assertam</strong></span> 
     </span>
     <span class='ocr_line' id='line_1_8' title="bbox 449 1130 1996 1214; baseline -0.008 -13"><span class='ocrx_word' id='word_1_45' title='bbox 449 1137 608 1203; x_wconf 82' lang='lat' dir='ltr'><strong>aeris</strong></span> <span class='ocrx_word' id='word_1_46' title='bbox 633 1135 1075 1214; x_wconf 71' lang='lat' dir='ltr'><strong>intemperiem,</strong></span> <span class='ocrx_word' id='word_1_47' title='bbox 1098 1140 1159 1192; x_wconf 83' lang='lat' dir='ltr'><strong>et</strong></span> <span class='ocrx_word' id='word_1_48' title='bbox 1180 1152 1373 1212; x_wconf 89' lang='lat' dir='ltr'><strong>aquae</strong></span> <span class='ocrx_word' id='word_1_49' title='bbox 1395 1131 1722 1193; x_wconf 80' lang='lat' dir='ltr'><strong>carentiam</strong></span> <span class='ocrx_word' id='word_1_50' title='bbox 1747 1130 1996 1207; x_wconf 79' lang='lat' dir='ltr'><strong>diligen-</strong></span> 
     </span>
     <span class='ocr_line' id='line_1_9' title="bbox 453 1225 1995 1312; baseline -0.006 -18"><span class='ocrx_word' id='word_1_51' title='bbox 453 1242 548 1297; x_wconf 90' lang='lat' dir='ltr'><strong>ter</strong></span> <span class='ocrx_word' id='word_1_52' title='bbox 594 1231 956 1312; x_wconf 85' lang='lat' dir='ltr'><strong>inquireret,</strong></span> <span class='ocrx_word' id='word_1_53' title='bbox 988 1229 1394 1308; x_wconf 88' lang='lat' dir='ltr'><strong>deputatoque</strong></span> <span class='ocrx_word' id='word_1_54' title='bbox 1422 1227 1497 1287; x_wconf 89' lang='lat' dir='ltr'><strong>ad</strong></span> <span class='ocrx_word' id='word_1_55' title='bbox 1535 1226 1698 1286; x_wconf 89' lang='lat' dir='ltr'><strong>hunc</strong></span> <span class='ocrx_word' id='word_1_56' title='bbox 1719 1225 1995 1286; x_wconf 79' lang='lat' dir='ltr'><strong>effectum</strong></span> 
     </span>
     <span class='ocr_line' id='line_1_10' title="bbox 449 1319 1999 1406; baseline -0.007 -16"><span class='ocrx_word' id='word_1_57' title='bbox 449 1327 632 1391; x_wconf 86' lang='lat' dir='ltr'><strong>etiam</strong></span> <span class='ocrx_word' id='word_1_58' title='bbox 678 1326 753 1388; x_wconf 91' lang='lat' dir='ltr'><strong>de</strong></span> <span class='ocrx_word' id='word_1_59' title='bbox 779 1324 1044 1406; x_wconf 88' lang='lat' dir='ltr'><strong>partium</strong></span> <span class='ocrx_word' id='word_1_60' title='bbox 1089 1341 1377 1384; x_wconf 86' lang='lat' dir='ltr'><strong>consensu</strong></span> <span class='ocrx_word' id='word_1_61' title='bbox 1424 1321 1714 1402; x_wconf 81' lang='lat' dir='ltr'><strong>Episcopo</strong></span> <span class='ocrx_word' id='word_1_62' title='bbox 1770 1319 1999 1382; x_wconf 88' lang='lat' dir='ltr'><strong>Barba-</strong></span> 
     </span>
     <span class='ocr_line' id='line_1_11' title="bbox 453 1413 1995 1497; baseline -0.006 -13"><span class='ocrx_word' id='word_1_63' title='bbox 453 1420 670 1484; x_wconf 86' lang='lat' dir='ltr'><strong>strensi</strong></span> <span class='ocrx_word' id='word_1_64' title='bbox 691 1467 708 1490; x_wconf 89' lang='lat'><strong>,</strong></span> <span class='ocrx_word' id='word_1_65' title='bbox 754 1428 812 1480; x_wconf 90' lang='lat' dir='ltr'><strong>et</strong></span> <span class='ocrx_word' id='word_1_66' title='bbox 853 1418 932 1480; x_wconf 91' lang='lat' dir='ltr'><strong>ab</strong></span> <span class='ocrx_word' id='word_1_67' title='bbox 962 1417 1090 1497; x_wconf 89' lang='lat' dir='ltr'><strong>ipso</strong></span> <span class='ocrx_word' id='word_1_68' title='bbox 1121 1414 1519 1488; x_wconf 80' lang='lat' dir='ltr'><strong>examinatis,</strong></span> <span class='ocrx_word' id='word_1_69' title='bbox 1543 1422 1669 1476; x_wconf 85' lang='lat' dir='ltr'><strong>turn</strong></span> <span class='ocrx_word' id='word_1_70' title='bbox 1695 1413 1995 1495; x_wconf 82' lang='lat' dir='ltr'><strong>Physicis.</strong></span> 
     </span>
     <span class='ocr_line' id='line_1_12' title="bbox 450 1506 1996 1591; baseline -0.005 -13"><span class='ocrx_word' id='word_1_71' title='bbox 450 1524 582 1579; x_wconf 89' lang='lat' dir='ltr'><strong>tum</strong></span> <span class='ocrx_word' id='word_1_72' title='bbox 623 1513 839 1576; x_wconf 90' lang='lat' dir='ltr'><strong>Fabris</strong></span> <span class='ocrx_word' id='word_1_73' title='bbox 884 1510 1199 1584; x_wconf 89' lang='lat' dir='ltr'><strong>murariis,</strong></span> <span class='ocrx_word' id='word_1_74' title='bbox 1249 1517 1311 1572; x_wconf 91' lang='lat' dir='ltr'><strong>et</strong></span> <span class='ocrx_word' id='word_1_75' title='bbox 1337 1508 1727 1582; x_wconf 83' lang='lat' dir='ltr'><strong>Architectis,</strong></span> <span class='ocrx_word' id='word_1_76' title='bbox 1762 1506 1996 1591; x_wconf 73' lang='lat' dir='ltr'><strong>physici</strong></span> 
     </span>
     <span class='ocr_line' id='line_1_13' title="bbox 451 1602 1999 1675; baseline -0.007 -3"><span class='ocrx_word' id='word_1_77' title='bbox 451 1607 798 1671; x_wconf 84' lang='lat' dir='ltr'><strong>retulerunt</strong></span> <span class='ocrx_word' id='word_1_78' title='bbox 826 1625 1023 1667; x_wconf 90' lang='lat' dir='ltr'><strong>aerem</strong></span> <span class='ocrx_word' id='word_1_79' title='bbox 1055 1624 1181 1665; x_wconf 82' lang='lat' dir='ltr'><strong>esse</strong></span> <span class='ocrx_word' id='word_1_80' title='bbox 1207 1602 1537 1675; x_wconf 79' lang='lat' dir='ltr'><strong>salubrem,</strong></span> <span class='ocrx_word' id='word_1_81' title='bbox 1563 1610 1624 1664; x_wconf 89' lang='lat' dir='ltr'><strong>et</strong></span> <span class='ocrx_word' id='word_1_82' title='bbox 1652 1602 1834 1663; x_wconf 89' lang='lat' dir='ltr'><strong>Fabri</strong></span> <span class='ocrx_word' id='word_1_83' title='bbox 1873 1621 1999 1662; x_wconf 89' lang='lat' dir='ltr'><strong>mu·</strong></span> 
     </span>
     <span class='ocr_line' id='line_1_14' title="bbox 451 1696 2000 1777; baseline -0.005 -13"><span class='ocrx_word' id='word_1_84' title='bbox 451 1702 601 1764; x_wconf 88' lang='lat' dir='ltr'><strong>rarii</strong></span> <span class='ocrx_word' id='word_1_85' title='bbox 626 1700 872 1762; x_wconf 85' lang='lat' dir='ltr'><strong>suerunt</strong></span> <span class='ocrx_word' id='word_1_86' title='bbox 905 1699 965 1758; x_wconf 90' lang='lat' dir='ltr'><strong>in</strong></span> <span class='ocrx_word' id='word_1_87' title='bbox 1000 1717 1176 1759; x_wconf 88' lang='lat' dir='ltr'><strong>sensu</strong></span> <span class='ocrx_word' id='word_1_88' title='bbox 1196 1745 1213 1769; x_wconf 87' lang='lat'><strong>,</strong></span> <span class='ocrx_word' id='word_1_89' title='bbox 1244 1696 1405 1777; x_wconf 90' lang='lat' dir='ltr'><strong>quod</strong></span> <span class='ocrx_word' id='word_1_90' title='bbox 1436 1696 1868 1758; x_wconf 84' lang='lat' dir='ltr'><strong>Monasterium</strong></span> <span class='ocrx_word' id='word_1_91' title='bbox 1906 1716 2000 1757; x_wconf 89' lang='lat' dir='ltr'><strong>re-</strong></span> 
     </span>
     <span class='ocr_line' id='line_1_15' title="bbox 451 1791 1998 1873; baseline -0.005 -13"><span class='ocrx_word' id='word_1_92' title='bbox 451 1796 713 1860; x_wconf 84' lang='lat' dir='ltr'><strong>staurari</strong></span> <span class='ocrx_word' id='word_1_93' title='bbox 770 1793 1082 1856; x_wconf 85' lang='lat' dir='ltr'><strong>commode</strong></span> <span class='ocrx_word' id='word_1_94' title='bbox 1116 1801 1308 1873; x_wconf 87' lang='lat' dir='ltr'><strong>posset</strong></span> <span class='ocrx_word' id='word_1_95' title='bbox 1348 1812 1483 1853; x_wconf 91' lang='lat' dir='ltr'><strong>cum</strong></span> <span class='ocrx_word' id='word_1_96' title='bbox 1511 1791 1778 1871; x_wconf 86' lang='lat' dir='ltr'><strong>impensa</strong></span> <span class='ocrx_word' id='word_1_97' title='bbox 1812 1791 1998 1852; x_wconf 89' lang='lat' dir='ltr'><strong>libra-</strong></span> 
     </span>
     <span class='ocr_line' id='line_1_16' title="bbox 451 1885 1996 1965; baseline -0.006 -12"><span class='ocrx_word' id='word_1_98' title='bbox 451 1911 592 1953; x_wconf 86' lang='lat' dir='ltr'><strong>rum</strong></span> <span class='ocrx_word' id='word_1_99' title='bbox 616 1894 792 1951; x_wconf 61' lang='lat'><strong>4458.</strong></span> <span class='ocrx_word' id='word_1_100' title='bbox 819 1886 1379 1965; x_wconf 87' lang='lat' dir='ltr'><strong>communicatoque</strong></span> <span class='ocrx_word' id='word_1_101' title='bbox 1400 1885 1674 1965; x_wconf 88' lang='lat' dir='ltr'><strong>partibus</strong></span> <span class='ocrx_word' id='word_1_102' title='bbox 1696 1904 1996 1964; x_wconf 88' lang='lat' dir='ltr'><strong>processu,</strong></span> 
     </span>
     <span class='ocr_line' id='line_1_17' title="bbox 455 1978 2003 2064; baseline -0.006 -16"><span class='ocrx_word' id='word_1_103' title='bbox 455 1985 793 2064; x_wconf 80' lang='lat' dir='ltr'><strong>iisdemque</strong></span> <span class='ocrx_word' id='word_1_104' title='bbox 824 1980 1098 2053; x_wconf 88' lang='lat' dir='ltr'><strong>monitis,-</strong></span> <span class='ocrx_word' id='word_1_105' title='bbox 1125 1982 1183 2041; x_wconf 88' lang='lat' dir='ltr'><strong>et</strong></span> <span class='ocrx_word' id='word_1_106' title='bbox 1212 1979 1704 2051; x_wconf 82' lang='lat' dir='ltr'><strong>informantibus,</strong></span> <span class='ocrx_word' id='word_1_107' title='bbox 1743 1978 1856 2040; x_wconf 82' lang='lat' dir='ltr'><strong>fuit</strong></span> <span class='ocrx_word' id='word_1_108' title='bbox 1896 1979 2003 2040; x_wconf 90' lang='lat' dir='ltr'><strong>ite-</strong></span> 
     </span>
     <span class='ocr_line' id='line_1_18' title="bbox 456 2073 2003 2156; baseline -0.005 -14"><span class='ocrx_word' id='word_1_109' title='bbox 456 2100 596 2142; x_wconf 87' lang='lat' dir='ltr'><strong>rum</strong></span> <span class='ocrx_word' id='word_1_110' title='bbox 626 2080 699 2140; x_wconf 88' lang='lat' dir='ltr'><strong>de</strong></span> <span class='ocrx_word' id='word_1_111' title='bbox 726 2078 838 2139; x_wconf 84' lang='lat' dir='ltr'><strong>hoc</strong></span> <span class='ocrx_word' id='word_1_112' title='bbox 883 2076 1119 2156; x_wconf 82' lang='lat' dir='ltr'><strong>negotio</strong></span> <span class='ocrx_word' id='word_1_113' title='bbox 1161 2084 1361 2136; x_wconf 89' lang='lat' dir='ltr'><strong>actum</strong></span> <span class='ocrx_word' id='word_1_114' title='bbox 1417 2075 1477 2133; x_wconf 90' lang='lat' dir='ltr'><strong>in</strong></span> <span class='ocrx_word' id='word_1_115' title='bbox 1527 2073 2003 2155; x_wconf 82' lang='lat' dir='ltr'><strong>Congregatione</strong></span> 
     </span>
     <span class='ocr_line' id='line_1_19' title="bbox 452 2168 2007 2248; baseline -0.006 -9"><span class='ocrx_word' id='word_1_116' title='bbox 452 2175 662 2239; x_wconf 81' lang='lat' dir='ltr'><strong>habita</strong></span> <span class='ocrx_word' id='word_1_117' title='bbox 687 2176 774 2233; x_wconf 82' lang='lat' dir='ltr'><strong>die</strong></span> <span class='ocrx_word' id='word_1_118' title='bbox 797 2178 853 2233; x_wconf 87' lang='grc'><strong>3.</strong></span> <span class='ocrx_word' id='word_1_119' title='bbox 892 2169 1148 2233; x_wconf 85' lang='lat' dir='ltr'><strong>Octobris</strong></span> <span class='ocrx_word' id='word_1_120' title='bbox 1174 2174 1346 2230; x_wconf 87' lang='grc'>1705.</span> <span class='ocrx_word' id='word_1_121' title='bbox 1379 2187 1640 2248; x_wconf 88' lang='lat' dir='ltr'><strong>cumque</strong></span> <span class='ocrx_word' id='word_1_122' title='bbox 1684 2168 1743 2228; x_wconf 93' lang='lat' dir='ltr'><strong>in</strong></span> <span class='ocrx_word' id='word_1_123' title='bbox 1768 2188 1837 2230; x_wconf 89' lang='lat' dir='ltr'><strong>ea</strong></span> <span class='ocrx_word' id='word_1_124' title='bbox 1861 2168 2007 2230; x_wconf 82' lang='lat' dir='ltr'><strong>fnis-</strong></span> 
     </span>
     <span class='ocr_line' id='line_1_20' title="bbox 455 2262 2002 2346; baseline -0.006 -14"><span class='ocrx_word' id='word_1_125' title='bbox 455 2279 591 2332; x_wconf 84' lang='lat' dir='ltr'><strong>sent</strong></span> <span class='ocrx_word' id='word_1_126' title='bbox 611 2268 911 2346; x_wconf 89' lang='lat' dir='ltr'><strong>disputata</strong></span> <span class='ocrx_word' id='word_1_127' title='bbox 941 2266 1084 2326; x_wconf 92' lang='lat' dir='ltr'><strong>bina</strong></span> <span class='ocrx_word' id='word_1_128' title='bbox 1122 2264 1330 2334; x_wconf 84' lang='lat' dir='ltr'><strong>dubia,</strong></span> <span class='ocrx_word' id='word_1_129' title='bbox 1359 2263 1554 2343; x_wconf 89' lang='lat' dir='ltr'><strong>primo</strong></span> <span class='ocrx_word' id='word_1_130' title='bbox 1594 2262 1893 2335; x_wconf 87' lang='lat' dir='ltr'><strong>videlicet,</strong></span> <span class='ocrx_word' id='word_1_131' title='bbox 1925 2284 2002 2324; x_wconf 88' lang='lat' dir='ltr'><strong>an</strong></span> 
     </span>
     <span class='ocr_line' id='line_1_21' title="bbox 458 2359 1999 2435; baseline -0.005 -10"><span class='ocrx_word' id='word_1_132' title='bbox 458 2366 537 2425; x_wconf 83' lang='lat' dir='ltr'><strong>sit</strong></span> <span class='ocrx_word' id='word_1_133' title='bbox 557 2363 823 2424; x_wconf 86' lang='lat' dir='ltr'><strong>standum</strong></span> <span class='ocrx_word' id='word_1_134' title='bbox 848 2362 935 2420; x_wconf 77' lang='lat' dir='ltr'><strong>tel</strong></span> <span class='ocrx_word' id='word_1_135' title='bbox 976 2360 1338 2435; x_wconf 75' lang='lat' dir='ltr'><strong>recedendum</strong></span> <span class='ocrx_word' id='word_1_136' title='bbox 1368 2377 1405 2419; x_wconf 89' lang='lat' dir='ltr'><strong>a</strong></span> <span class='ocrx_word' id='word_1_137' title='bbox 1431 2359 1625 2418; x_wconf 84' lang='lat' dir='ltr'><strong>decisis</strong></span> <span class='ocrx_word' id='word_1_138' title='bbox 1647 2359 1750 2417; x_wconf 87' lang='lat' dir='ltr'><strong>sub</strong></span> <span class='ocrx_word' id='word_1_139' title='bbox 1778 2359 1866 2418; x_wconf 81' lang='lat' dir='ltr'><strong>die</strong></span> <span class='ocrx_word' id='word_1_140' title='bbox 1902 2363 1999 2418; x_wconf 77' lang='lat'><strong>20.</strong></span> 
     </span>
     <span class='ocr_line' id='line_1_22' title="bbox 456 2450 2002 2531; baseline -0.006 -14"><span class='ocrx_word' id='word_1_141' title='bbox 456 2456 705 2531; x_wconf 69' lang='lat' dir='ltr'><strong>Aaqmti</strong></span> <span class='ocrx_word' id='word_1_142' title='bbox 733 2456 904 2514; x_wconf 82' lang='lat'>1701&#39;.</span> <span class='ocrx_word' id='word_1_143' title='bbox 934 2462 984 2512; x_wconf 87' lang='lat' dir='ltr'><strong>et</strong></span> <span class='ocrx_word' id='word_1_144' title='bbox 1022 2463 1297 2529; x_wconf 85' lang='lat' dir='ltr'><strong>quatenus</strong></span> <span class='ocrx_word' id='word_1_145' title='bbox 1328 2454 1391 2510; x_wconf 88' lang='lat' dir='ltr'><strong>in</strong></span> <span class='ocrx_word' id='word_1_146' title='bbox 1433 2451 1662 2510; x_wconf 87' lang='lat' dir='ltr'><strong>decisis:</strong></span> <span class='ocrx_word' id='word_1_147' title='bbox 1694 2450 1965 2512; x_wconf 80' lang='lat' dir='ltr'><strong>Secundo</strong></span> <span class='ocrx_word' id='word_1_148' title='bbox 1985 2496 2002 2524; x_wconf 88' lang='lat'><strong>,</strong></span> 
     </span>
     <span class='ocr_line' id='line_1_23' title="bbox 456 2545 2006 2622; baseline -0.005 -10"><span class='ocrx_word' id='word_1_149' title='bbox 456 2570 536 2612; x_wconf 88' lang='lat' dir='ltr'><strong>an</strong></span> <span class='ocrx_word' id='word_1_150' title='bbox 559 2549 845 2609; x_wconf 80' lang='lat' dir='ltr'><strong>Moniales</strong></span> <span class='ocrx_word' id='word_1_151' title='bbox 867 2548 1199 2606; x_wconf 84' lang='lat' dir='ltr'><strong>continuare</strong></span> <span class='ocrx_word' id='word_1_152' title='bbox 1224 2545 1452 2605; x_wconf 84' lang='lat' dir='ltr'><strong>debeant</strong></span> <span class='ocrx_word' id='word_1_153' title='bbox 1475 2545 1918 2622; x_wconf 86' lang='lat' dir='ltr'><strong>permanentiam</strong></span> <span class='ocrx_word' id='word_1_154' title='bbox 1941 2547 2006 2604; x_wconf 89' lang='lat' dir='ltr'><strong>in</strong></span> 
     </span>
     <span class='ocr_line' id='line_1_24' title="bbox 463 2639 2005 2717; baseline -0.005 -12"><span class='ocrx_word' id='word_1_155' title='bbox 463 2642 709 2705; x_wconf 65' lang='lat' dir='ltr'><strong>Ciuitate</strong></span> <span class='ocrx_word' id='word_1_156' title='bbox 738 2640 1193 2702; x_wconf 75' lang='lat' dir='ltr'><strong>Barchinonensi</strong></span> <span class='ocrx_word' id='word_1_157' title='bbox 1215 2683 1232 2711; x_wconf 91' lang='lat'><strong>,</strong></span> <span class='ocrx_word' id='word_1_158' title='bbox 1276 2639 1363 2699; x_wconf 84' lang='lat' dir='ltr'><strong>vel</strong></span> <span class='ocrx_word' id='word_1_159' title='bbox 1401 2641 1589 2717; x_wconf 88' lang='lat' dir='ltr'><strong>potius</strong></span> <span class='ocrx_word' id='word_1_160' title='bbox 1629 2639 2005 2699; x_wconf 74' lang='lat' dir='ltr'><strong>restituendae</strong></span> 
     </span>
     <span class='ocr_line' id='line_1_25' title="bbox 460 2730 2005 2817; baseline -0.007 -18"><span class='ocrx_word' id='word_1_161' title='bbox 460 2739 575 2799; x_wconf 88' lang='lat' dir='ltr'><strong>sint</strong></span> <span class='ocrx_word' id='word_1_162' title='bbox 600 2739 675 2798; x_wconf 85' lang='lat' dir='ltr'><strong>ad</strong></span> <span class='ocrx_word' id='word_1_163' title='bbox 698 2737 1007 2817; x_wconf 81' lang='lat' dir='ltr'><strong>pristinum</strong></span> <span class='ocrx_word' id='word_1_164' title='bbox 1034 2733 1479 2806; x_wconf 81' lang='lat' dir='ltr'><strong>Monasterium„</strong></span> <span class='ocrx_word' id='word_1_165' title='bbox 1510 2730 1595 2791; x_wconf 85' lang='lat' dir='ltr'><strong>vel</strong></span> <span class='ocrx_word' id='word_1_166' title='bbox 1620 2732 1696 2792; x_wconf 87' lang='lat' dir='ltr'><strong>ad</strong></span> <span class='ocrx_word' id='word_1_167' title='bbox 1717 2733 1843 2792; x_wconf 90' lang='lat' dir='ltr'><strong>alia</strong></span> <span class='ocrx_word' id='word_1_168' title='bbox 1872 2732 2005 2791; x_wconf 87' lang='lat' dir='ltr'><strong>Mo-</strong></span> 
     </span>
     <span class='ocr_line' id='line_1_26' title="bbox 458 2825 2004 2901; baseline -0.005 -8"><span class='ocrx_word' id='word_1_169' title='bbox 458 2833 712 2895; x_wconf 81' lang='lat' dir='ltr'><strong>nasteria</strong></span> <span class='ocrx_word' id='word_1_170' title='bbox 740 2829 1031 2901; x_wconf 81' lang='lat' dir='ltr'><strong>Civitatis,</strong></span> <span class='ocrx_word' id='word_1_171' title='bbox 1057 2837 1107 2889; x_wconf 88' lang='lat' dir='ltr'><strong>et</strong></span> <span class='ocrx_word' id='word_1_172' title='bbox 1130 2827 1402 2888; x_wconf 85' lang='lat' dir='ltr'><strong>Dioecesis</strong></span> <span class='ocrx_word' id='word_1_173' title='bbox 1436 2825 1791 2886; x_wconf 86' lang='lat' dir='ltr'><strong>Illcrdensis.</strong></span> <span class='ocrx_word' id='word_1_174' title='bbox 1837 2826 1914 2886; x_wconf 93' lang='lat' dir='ltr'><strong>Et</strong></span> <span class='ocrx_word' id='word_1_175' title='bbox 1941 2825 2004 2885; x_wconf 92' lang='lat' dir='ltr'><strong>in</strong></span> 
     </span>
     <span class='ocr_line' id='line_1_27' title="bbox 461 2919 2008 3011; baseline -0.005 -22"><span class='ocrx_word' id='word_1_176' title='bbox 461 2946 535 2989; x_wconf 90' lang='lat' dir='ltr'><strong>eo</strong></span> <span class='ocrx_word' id='word_1_177' title='bbox 562 2925 722 3011; x_wconf 84' lang='lat' dir='ltr'><strong>quod</strong></span> <span class='ocrx_word' id='word_1_178' title='bbox 751 2922 968 2985; x_wconf 88' lang='lat' dir='ltr'><strong>attinet</strong></span> <span class='ocrx_word' id='word_1_179' title='bbox 999 2922 1075 2984; x_wconf 90' lang='lat' dir='ltr'><strong>ad</strong></span> <span class='ocrx_word' id='word_1_180' title='bbox 1099 2922 1363 3003; x_wconf 90' lang='lat' dir='ltr'><strong>primum</strong></span> <span class='ocrx_word' id='word_1_181' title='bbox 1398 2919 1580 2982; x_wconf 89' lang='lat' dir='ltr'><strong>Sacra</strong></span> <span class='ocrx_word' id='word_1_182' title='bbox 1614 2920 2008 3001; x_wconf 74' lang='lat' dir='ltr'><strong>congregatio</strong></span> 
     </span>
     <span class='ocr_line' id='line_1_28' title="bbox 458 3015 2005 3091; baseline -0.006 -7"><span class='ocrx_word' id='word_1_183' title='bbox 458 3024 611 3084; x_wconf 85' lang='lat' dir='ltr'><strong>stetit</strong></span> <span class='ocrx_word' id='word_1_184' title='bbox 634 3023 699 3080; x_wconf 89' lang='lat' dir='ltr'><strong>in</strong></span> <span class='ocrx_word' id='word_1_185' title='bbox 726 3021 920 3080; x_wconf 87' lang='lat' dir='ltr'><strong>decisis</strong></span> <span class='ocrx_word' id='word_1_186' title='bbox 944 3039 962 3091; x_wconf 86' lang='lat'><strong>;</strong></span> <span class='ocrx_word' id='word_1_187' title='bbox 991 3025 1050 3080; x_wconf 91' lang='lat' dir='ltr'><strong>et</strong></span> <span class='ocrx_word' id='word_1_188' title='bbox 1079 3016 1141 3077; x_wconf 90' lang='lat' dir='ltr'><strong>in</strong></span> <span class='ocrx_word' id='word_1_189' title='bbox 1170 3015 1383 3078; x_wconf 80' lang='lat' dir='ltr'><strong>ordine</strong></span> <span class='ocrx_word' id='word_1_190' title='bbox 1405 3015 1481 3076; x_wconf 89' lang='lat' dir='ltr'><strong>ad</strong></span> <span class='ocrx_word' id='word_1_191' title='bbox 1510 3016 1836 3076; x_wconf 87' lang='lat' dir='ltr'><strong>secundum</strong></span> <span class='ocrx_word' id='word_1_192' title='bbox 1870 3034 2005 3075; x_wconf 88' lang='lat' dir='ltr'><strong>cen-</strong></span> 
     </span>
     <span class='ocr_line' id='line_1_29' title="bbox 462 3110 2006 3191; baseline -0.005 -13"><span class='ocrx_word' id='word_1_193' title='bbox 462 3116 583 3178; x_wconf 88' lang='lat' dir='ltr'><strong>suit</strong></span> <span class='ocrx_word' id='word_1_194' title='bbox 608 3115 979 3177; x_wconf 84' lang='lat' dir='ltr'><strong>restituendas</strong></span> <span class='ocrx_word' id='word_1_195' title='bbox 1002 3131 1108 3173; x_wconf 86' lang='lat' dir='ltr'><strong>esse</strong></span> <span class='ocrx_word' id='word_1_196' title='bbox 1132 3110 1418 3173; x_wconf 83' lang='lat' dir='ltr'><strong>Moniales</strong></span> <span class='ocrx_word' id='word_1_197' title='bbox 1439 3111 1515 3172; x_wconf 85' lang='lat' dir='ltr'><strong>ad</strong></span> <span class='ocrx_word' id='word_1_198' title='bbox 1532 3112 1843 3191; x_wconf 84' lang='lat' dir='ltr'><strong>pristinum</strong></span> <span class='ocrx_word' id='word_1_199' title='bbox 1874 3110 2006 3172; x_wconf 90' lang='lat' dir='ltr'><strong>Mo·</strong></span> 
     </span>
     <span class='ocr_line' id='line_1_30' title="bbox 463 3206 2007 3287; baseline -0.005 -16"><span class='ocrx_word' id='word_1_200' title='bbox 463 3210 778 3272; x_wconf 85' lang='lat' dir='ltr'><strong>nasterium</strong></span> <span class='ocrx_word' id='word_1_201' title='bbox 796 3217 1094 3287; x_wconf 77' lang='lat' dir='ltr'><strong>postquam</strong></span> <span class='ocrx_word' id='word_1_202' title='bbox 1123 3206 1295 3283; x_wconf 77' lang='lat' dir='ltr'><strong>suerit</strong></span> <span class='ocrx_word' id='word_1_203' title='bbox 1317 3214 1662 3285; x_wconf 86' lang='lat' dir='ltr'><strong>reaptatum‚</strong></span> <span class='ocrx_word' id='word_1_204' title='bbox 1692 3218 1741 3265; x_wconf 86' lang='lat' dir='ltr'><strong>et</strong></span> <span class='ocrx_word' id='word_1_205' title='bbox 1763 3206 2007 3265; x_wconf 86' lang='lat' dir='ltr'><strong>scriben-</strong></span> 
     </span>
     <span class='ocr_line' id='line_1_31' title="bbox 464 3299 2011 3365; baseline -0.003 0"><span class='ocrx_word' id='word_1_206' title='bbox 464 3306 600 3365; x_wconf 88' lang='lat' dir='ltr'><strong>dum</strong></span> <span class='ocrx_word' id='word_1_207' title='bbox 631 3300 948 3364; x_wconf 87' lang='lat' dir='ltr'><strong>Ordinario</strong></span> <span class='ocrx_word' id='word_1_208' title='bbox 989 3299 1259 3360; x_wconf 80' lang='lat' dir='ltr'><strong>Illerden.</strong></span> <span class='ocrx_word' id='word_1_209' title='bbox 1303 3310 1366 3359; x_wconf 90' lang='lat' dir='ltr'><strong>ut</strong></span> <span class='ocrx_word' id='word_1_210' title='bbox 1410 3301 1698 3359; x_wconf 79' lang='lat' dir='ltr'><strong>incumbat</strong></span> <span class='ocrx_word' id='word_1_211' title='bbox 1734 3302 2011 3360; x_wconf 68' lang='lat' dir='ltr'><strong>sollicitae</strong></span> 
     </span>
     <span class='ocr_line' id='line_1_32' title="bbox 465 3394 2013 3478; baseline -0.003 -19"><span class='ocrx_word' id='word_1_212' title='bbox 465 3399 707 3478; x_wconf 81' lang='lat' dir='ltr'><strong>ejusdem</strong></span> <span class='ocrx_word' id='word_1_213' title='bbox 734 3396 1102 3477; x_wconf 86' lang='lat' dir='ltr'><strong>reaptationi,</strong></span> <span class='ocrx_word' id='word_1_214' title='bbox 1124 3414 1253 3454; x_wconf 87' lang='lat' dir='ltr'><strong>cum</strong></span> <span class='ocrx_word' id='word_1_215' title='bbox 1271 3394 1621 3474; x_wconf 77' lang='lat' dir='ltr'><strong>praefixione</strong></span> <span class='ocrx_word' id='word_1_216' title='bbox 1649 3396 1886 3471; x_wconf 71' lang='lat' dir='ltr'><strong>conqrui</strong></span> <span class='ocrx_word' id='word_1_217' title='bbox 1910 3406 2013 3454; x_wconf 78' lang='lat' dir='ltr'><strong>ter-</strong></span> 
     </span>
     <span class='ocr_line' id='line_1_33' title="bbox 457 3486 2012 3570; baseline -0.003 -16"><span class='ocrx_word' id='word_1_218' title='bbox 457 3494 629 3563; x_wconf 88' lang='lat' dir='ltr'><strong>mini,</strong></span> <span class='ocrx_word' id='word_1_219' title='bbox 654 3512 752 3552; x_wconf 86' lang='lat' dir='ltr'><strong>nec</strong></span> <span class='ocrx_word' id='word_1_220' title='bbox 773 3511 886 3550; x_wconf 88' lang='lat' dir='ltr'><strong>non</strong></span> <span class='ocrx_word' id='word_1_221' title='bbox 910 3489 1188 3570; x_wconf 73' lang='lat' dir='ltr'><strong>Episcopo</strong></span> <span class='ocrx_word' id='word_1_222' title='bbox 1226 3486 1647 3548; x_wconf 78' lang='lat' dir='ltr'><strong>Barchinonen.</strong></span> <span class='ocrx_word' id='word_1_223' title='bbox 1689 3499 1754 3546; x_wconf 91' lang='lat' dir='ltr'><strong>ut</strong></span> <span class='ocrx_word' id='word_1_224' title='bbox 1781 3491 2012 3549; x_wconf 85' lang='lat' dir='ltr'><strong>interim</strong></span> 
     </span>
     <span class='ocr_line' id='line_1_34' title="bbox 466 3581 2012 3662; baseline -0.003 -15"><span class='ocrx_word' id='word_1_225' title='bbox 466 3588 717 3647; x_wconf 79' lang='lat' dir='ltr'><strong>inhibeat</strong></span> <span class='ocrx_word' id='word_1_226' title='bbox 752 3606 820 3645; x_wconf 87' lang='lat' dir='ltr'><strong>ne</strong></span> <span class='ocrx_word' id='word_1_227' title='bbox 852 3585 1053 3662; x_wconf 85' lang='lat' dir='ltr'><strong>aliqua</strong></span> <span class='ocrx_word' id='word_1_228' title='bbox 1096 3583 1441 3644; x_wconf 70' lang='lat' dir='ltr'><strong>admittatur</strong></span> <span class='ocrx_word' id='word_1_229' title='bbox 1483 3581 1559 3642; x_wconf 90' lang='lat' dir='ltr'><strong>ad</strong></span> <span class='ocrx_word' id='word_1_230' title='bbox 1600 3582 1887 3652; x_wconf 74' lang='lat' dir='ltr'><strong>habitum,</strong></span> <span class='ocrx_word' id='word_1_231' title='bbox 1917 3603 2012 3642; x_wconf 84' lang='lat' dir='ltr'><strong>seu</strong></span> 
     </span>
     <span class='ocr_line' id='line_1_35' title="bbox 466 3675 2011 3763; baseline -0.004 -21"><span class='ocrx_word' id='word_1_232' title='bbox 466 3682 856 3763; x_wconf 74' lang='lat' dir='ltr'><strong>professionem</strong></span> <span class='ocrx_word' id='word_1_233' title='bbox 883 3680 946 3737; x_wconf 86' lang='lat' dir='ltr'><strong>in</strong></span> <span class='ocrx_word' id='word_1_234' title='bbox 975 3677 1219 3737; x_wconf 66' lang='lat' dir='ltr'><strong>Ciuitate</strong></span> <span class='ocrx_word' id='word_1_235' title='bbox 1242 3675 1673 3745; x_wconf 79' lang='lat' dir='ltr'><strong>Barchinonae,</strong></span> <span class='ocrx_word' id='word_1_236' title='bbox 1716 3687 1767 3735; x_wconf 87' lang='lat' dir='ltr'><strong>et</strong></span> <span class='ocrx_word' id='word_1_237' title='bbox 1813 3676 2011 3755; x_wconf 78' lang='lat' dir='ltr'><strong>hujus·</strong></span> 
     </span>
     <span class='ocr_line' id='line_1_36' title="bbox 464 3770 1855 3852; baseline -0.006 -14"><span class='ocrx_word' id='word_1_238' title='bbox 464 3778 617 3838; x_wconf 88' lang='lat' dir='ltr'><strong>modi</strong></span> <span class='ocrx_word' id='word_1_239' title='bbox 630 3794 860 3835; x_wconf 88' lang='lat' dir='ltr'><strong>causam</strong></span> <span class='ocrx_word' id='word_1_240' title='bbox 881 3773 1129 3852; x_wconf 82' lang='lat' dir='ltr'><strong>amplius</strong></span> <span class='ocrx_word' id='word_1_241' title='bbox 1150 3791 1263 3830; x_wconf 87' lang='lat' dir='ltr'><strong>non</strong></span> <span class='ocrx_word' id='word_1_242' title='bbox 1284 3773 1524 3850; x_wconf 89' lang='lat' dir='ltr'><strong>proponi</strong></span> <span class='ocrx_word' id='word_1_243' title='bbox 1541 3770 1812 3830; x_wconf 72' lang='lat' dir='ltr'><strong>mandavi</strong></span> <span class='ocrx_word' id='word_1_244' title='bbox 1816 3780 1855 3829; x_wconf 92' lang='lat' dir='ltr'><strong>t.</strong></span> 
     </span>
     <span class='ocr_line' id='line_1_37' title="bbox 578 3863 2007 3945; baseline -0.003 -14"><span class='ocrx_word' id='word_1_245' title='bbox 578 3870 881 3932; x_wconf 85' lang='lat' dir='ltr'><strong>Adversus</strong></span> <span class='ocrx_word' id='word_1_246' title='bbox 897 3865 1010 3927; x_wconf 88' lang='lat' dir='ltr'><strong>hoc</strong></span> <span class='ocrx_word' id='word_1_247' title='bbox 1039 3865 1416 3945; x_wconf 85' lang='lat' dir='ltr'><strong>rescriptum,</strong></span> <span class='ocrx_word' id='word_1_248' title='bbox 1450 3864 1624 3944; x_wconf 86' lang='lat' dir='ltr'><strong>plura</strong></span> <span class='ocrx_word' id='word_1_249' title='bbox 1652 3863 1712 3923; x_wconf 94' lang='lat' dir='ltr'><strong>in</strong></span> <span class='ocrx_word' id='word_1_250' title='bbox 1742 3864 2007 3944; x_wconf 88' lang='lat' dir='ltr'><strong>quodam</strong></span> 
     </span>
     <span class='ocr_line' id='line_1_38' title="bbox 462 3957 2016 4043; baseline -0.004 -18"><span class='ocrx_word' id='word_1_251' title='bbox 462 3962 716 4043; x_wconf 86' lang='lat' dir='ltr'><strong>supplici</strong></span> <span class='ocrx_word' id='word_1_252' title='bbox 752 3960 959 4022; x_wconf 88' lang='lat' dir='ltr'><strong>libello</strong></span> <span class='ocrx_word' id='word_1_253' title='bbox 985 4005 1003 4032; x_wconf 94' lang='lat'><strong>,</strong></span> <span class='ocrx_word' id='word_1_254' title='bbox 1049 3957 1410 4019; x_wconf 85' lang='lat' dir='ltr'><strong>Monialium</strong></span> <span class='ocrx_word' id='word_1_255' title='bbox 1463 3957 1707 4018; x_wconf 89' lang='lat' dir='ltr'><strong>nomine</strong></span> <span class='ocrx_word' id='word_1_256' title='bbox 1768 3957 2016 4019; x_wconf 81' lang='lat' dir='ltr'><strong>fuerunt</strong></span> 
     </span>
     <span class='ocr_line' id='line_1_39' title="bbox 465 4051 2010 4136; baseline -0.006 -15"><span class='ocrx_word' id='word_1_257' title='bbox 465 4059 682 4120; x_wconf 87' lang='lat' dir='ltr'><strong>Sacrae</strong></span> <span class='ocrx_word' id='word_1_258' title='bbox 707 4051 1162 4136; x_wconf 79' lang='lat' dir='ltr'><strong>Congregationi</strong></span> <span class='ocrx_word' id='word_1_259' title='bbox 1208 4051 1474 4132; x_wconf 81' lang='lat' dir='ltr'><strong>exposita</strong></span> <span class='ocrx_word' id='word_1_260' title='bbox 1495 4097 1510 4123; x_wconf 92' lang='lat'><em>‚</em></span> <span class='ocrx_word' id='word_1_261' title='bbox 1545 4060 1674 4112; x_wconf 91' lang='lat' dir='ltr'><strong>tum</strong></span> <span class='ocrx_word' id='word_1_262' title='bbox 1707 4051 1863 4113; x_wconf 88' lang='lat' dir='ltr'><strong>circa</strong></span> <span class='ocrx_word' id='word_1_263' title='bbox 1897 4052 2010 4112; x_wconf 92' lang='lat' dir='ltr'><strong>im-</strong></span> 
     </span>
     <span class='ocr_line' id='line_1_40' title="bbox 461 4143 2013 4234; baseline -0.003 -22"><span class='ocrx_word' id='word_1_264' title='bbox 461 4149 916 4234; x_wconf 88' lang='lat' dir='ltr'><strong>possibilitatem</strong></span> <span class='ocrx_word' id='word_1_265' title='bbox 943 4143 1229 4208; x_wconf 87' lang='lat' dir='ltr'><strong>redeundi</strong></span> <span class='ocrx_word' id='word_1_266' title='bbox 1258 4146 1334 4207; x_wconf 90' lang='lat' dir='ltr'><strong>ad</strong></span> <span class='ocrx_word' id='word_1_267' title='bbox 1367 4145 1687 4225; x_wconf 89' lang='lat' dir='ltr'><strong>antiquum</strong></span> <span class='ocrx_word' id='word_1_268' title='bbox 1714 4147 2013 4208; x_wconf 84' lang='lat' dir='ltr'><strong>Monaste-</strong></span> 
     </span>
     <span class='ocr_line' id='line_1_41' title="bbox 468 4239 2016 4322; baseline -0.003 -16"><span class='ocrx_word' id='word_1_269' title='bbox 468 4245 630 4307; x_wconf 87' lang='lat' dir='ltr'><strong>rium</strong></span> <span class='ocrx_word' id='word_1_270' title='bbox 657 4289 675 4317; x_wconf 90' lang='lat'>‚</span> <span class='ocrx_word' id='word_1_271' title='bbox 705 4242 983 4321; x_wconf 90' lang='lat' dir='ltr'><strong>illudque</strong></span> <span class='ocrx_word' id='word_1_272' title='bbox 1006 4239 1353 4319; x_wconf 64' lang='lat' dir='ltr'><strong>scriptandi,</strong></span> <span class='ocrx_word' id='word_1_273' title='bbox 1390 4248 1516 4300; x_wconf 84' lang='lat' dir='ltr'><strong>turn</strong></span> <span class='ocrx_word' id='word_1_274' title='bbox 1555 4239 1714 4301; x_wconf 87' lang='lat' dir='ltr'><strong>eirca</strong></span> <span class='ocrx_word' id='word_1_275' title='bbox 1758 4260 2016 4322; x_wconf 84' lang='lat' dir='ltr'><strong>congru-</strong></span> 
     </span>
     <span class='ocr_line' id='line_1_42' title="bbox 466 4333 2012 4418; baseline -0.003 -17"><span class='ocrx_word' id='word_1_276' title='bbox 466 4340 688 4402; x_wconf 88' lang='lat' dir='ltr'><strong>entiam</strong></span> <span class='ocrx_word' id='word_1_277' title='bbox 726 4334 1112 4418; x_wconf 87' lang='lat' dir='ltr'><strong>permanendi</strong></span> <span class='ocrx_word' id='word_1_278' title='bbox 1138 4333 1200 4394; x_wconf 93' lang='lat' dir='ltr'><strong>in</strong></span> <span class='ocrx_word' id='word_1_279' title='bbox 1224 4333 1479 4396; x_wconf 84' lang='lat' dir='ltr'><strong>Civitate</strong></span> <span class='ocrx_word' id='word_1_280' title='bbox 1506 4335 1974 4397; x_wconf 88' lang='lat' dir='ltr'><strong>Barchinonensi</strong></span> <span class='ocrx_word' id='word_1_281' title='bbox 1994 4383 2012 4411; x_wconf 91' lang='lat'><strong>,</strong></span> 
     </span>
     <span class='ocr_line' id='line_1_43' title="bbox 467 4428 2016 4511; baseline -0.003 -16"><span class='ocrx_word' id='word_1_282' title='bbox 467 4434 560 4495; x_wconf 82' lang='lat' dir='ltr'><strong>sed</strong></span> <span class='ocrx_word' id='word_1_283' title='bbox 592 4443 727 4493; x_wconf 67' lang='lat' dir='ltr'><strong>‘cum</strong></span> <span class='ocrx_word' id='word_1_284' title='bbox 750 4433 840 4491; x_wconf 87' lang='lat' dir='ltr'><strong>die</strong></span> <span class='ocrx_word' id='word_1_285' title='bbox 873 4434 965 4492; x_wconf 66' lang='lat'><strong>14.</strong></span> <span class='ocrx_word' id='word_1_286' title='bbox 990 4428 1320 4490; x_wconf 82' lang='lat' dir='ltr'><strong>Novembris</strong></span> <span class='ocrx_word' id='word_1_287' title='bbox 1349 4433 1521 4489; x_wconf 89' lang='grc'><strong>1716.</strong></span> <span class='ocrx_word' id='word_1_288' title='bbox 1553 4428 1732 4490; x_wconf 89' lang='lat' dir='ltr'><strong>Sacra</strong></span> <span class='ocrx_word' id='word_1_289' title='bbox 1761 4428 2016 4511; x_wconf 82' lang='lat' dir='ltr'><strong>Congre-</strong></span> 
     </span>
     <span class='ocr_line' id='line_1_44' title="bbox 467 4523 2016 4608; baseline -0.002 -20"><span class='ocrx_word' id='word_1_290' title='bbox 467 4526 629 4608; x_wconf 82' lang='lat' dir='ltr'><strong>gatio</strong></span> <span class='ocrx_word' id='word_1_291' title='bbox 658 4523 1098 4605; x_wconf 88' lang='lat' dir='ltr'><strong>respondisset,</strong></span> <span class='ocrx_word' id='word_1_292' title='bbox 1151 4523 1358 4581; x_wconf 85' lang='lat' dir='ltr'><strong>instent</strong></span> <span class='ocrx_word' id='word_1_293' title='bbox 1395 4541 1504 4601; x_wconf 90' lang='lat' dir='ltr'><strong>pro</strong></span> <span class='ocrx_word' id='word_1_294' title='bbox 1545 4541 1688 4582; x_wconf 88' lang='lat' dir='ltr'><strong>nova</strong></span> <span class='ocrx_word' id='word_1_295' title='bbox 1720 4524 2016 4585; x_wconf 83' lang='lat' dir='ltr'><strong>audientia</strong></span> 
     </span>
     <span class='ocr_line' id='line_1_45' title="bbox 466 4616 2016 4701; baseline -0.003 -19"><span class='ocrx_word' id='word_1_296' title='bbox 466 4625 531 4682; x_wconf 86' lang='lat' dir='ltr'><strong>in</strong></span> <span class='ocrx_word' id='word_1_297' title='bbox 548 4624 716 4701; x_wconf 86' lang='lat' dir='ltr'><strong>plena</strong></span> <span class='ocrx_word' id='word_1_298' title='bbox 747 4616 1187 4697; x_wconf 76' lang='lat' dir='ltr'><strong>Conqreqatione</strong></span> <span class='ocrx_word' id='word_1_299' title='bbox 1208 4660 1224 4688; x_wconf 94' lang='lat'><strong>,</strong></span> <span class='ocrx_word' id='word_1_300' title='bbox 1255 4619 1433 4677; x_wconf 84' lang='lat' dir='ltr'><strong>citata</strong></span> <span class='ocrx_word' id='word_1_301' title='bbox 1476 4627 1637 4695; x_wconf 87' lang='lat' dir='ltr'><strong>parte</strong></span> <span class='ocrx_word' id='word_1_302' title='bbox 1665 4664 1680 4685; x_wconf 86' lang='lat'><strong>,</strong></span> <span class='ocrx_word' id='word_1_303' title='bbox 1712 4629 1762 4677; x_wconf 90' lang='lat' dir='ltr'><strong>et</strong></span> <span class='ocrx_word' id='word_1_304' title='bbox 1788 4618 2016 4678; x_wconf 81' lang='lat' dir='ltr'><strong>doceant</strong></span> 
     </span>
     <span class='ocr_line' id='line_1_46' title="bbox 470 4706 2016 4788; baseline -0.003 -13"><span class='ocrx_word' id='word_1_305' title='bbox 470 4715 533 4775; x_wconf 85' lang='lat' dir='ltr'><strong>de</strong></span> <span class='ocrx_word' id='word_1_306' title='bbox 561 4713 882 4774; x_wconf 68' lang='lat' dir='ltr'><strong>executione</strong></span> <span class='ocrx_word' id='word_1_307' title='bbox 916 4709 1137 4769; x_wconf 84' lang='lat' dir='ltr'><strong>Decreti</strong></span> <span class='ocrx_word' id='word_1_308' title='bbox 1168 4706 1304 4769; x_wconf 86' lang='lat' dir='ltr'><strong>Sac.</strong></span> <span class='ocrx_word' id='word_1_309' title='bbox 1343 4707 1803 4787; x_wconf 74' lang='lat' dir='ltr'><strong>Conyreyationis</strong></span> <span class='ocrx_word' id='word_1_310' title='bbox 1831 4712 2016 4788; x_wconf 87' lang='lat' dir='ltr'><strong>quoad</strong></span> 
     </span>
     <span class='ocr_line' id='line_1_47' title="bbox 467 4802 2014 4880; baseline -0.004 -10"><span class='ocrx_word' id='word_1_311' title='bbox 467 4809 867 4869; x_wconf 76' lang='lat' dir='ltr'><strong>habitationem</strong></span> <span class='ocrx_word' id='word_1_312' title='bbox 890 4806 951 4863; x_wconf 89' lang='lat' dir='ltr'><strong>in</strong></span> <span class='ocrx_word' id='word_1_313' title='bbox 979 4804 1175 4880; x_wconf 86' lang='lat' dir='ltr'><strong>aliquo</strong></span> <span class='ocrx_word' id='word_1_314' title='bbox 1198 4822 1272 4862; x_wconf 76' lang='lat' dir='ltr'><strong>ea:</strong></span> <span class='ocrx_word' id='word_1_315' title='bbox 1295 4802 1665 4880; x_wconf 79' lang='lat' dir='ltr'><strong>Monasteriis</strong></span> <span class='ocrx_word' id='word_1_316' title='bbox 1698 4803 2014 4864; x_wconf 80' lang='lat' dir='ltr'><strong>Barchino-</strong></span> 
     </span>
     <span class='ocr_line' id='line_1_48' title="bbox 467 4894 2014 4978; baseline -0.003 -15"><span class='ocrx_word' id='word_1_317' title='bbox 467 4922 574 4963; x_wconf 83' lang='lat' dir='ltr'><strong>nae</strong></span> <span class='ocrx_word' id='word_1_318' title='bbox 600 4946 617 4974; x_wconf 93' lang='lat'><strong>,</strong></span> <span class='ocrx_word' id='word_1_319' title='bbox 654 4898 961 4978; x_wconf 89' lang='lat' dir='ltr'><strong>allataque</strong></span> <span class='ocrx_word' id='word_1_320' title='bbox 1003 4895 1262 4957; x_wconf 87' lang='lat' dir='ltr'><strong>subinde</strong></span> <span class='ocrx_word' id='word_1_321' title='bbox 1286 4894 1537 4975; x_wconf 90' lang='lat' dir='ltr'><strong>epistola</strong></span> <span class='ocrx_word' id='word_1_322' title='bbox 1563 4896 1836 4976; x_wconf 86' lang='lat' dir='ltr'><strong>Episcopi</strong></span> <span class='ocrx_word' id='word_1_323' title='bbox 1864 4899 2014 4958; x_wconf 87' lang='lat' dir='ltr'><strong>Bar·</strong></span> 
     </span>
     <span class='ocr_line' id='line_1_49' title="bbox 470 4989 2015 5073; baseline -0.004 -15"><span class='ocrx_word' id='word_1_324' title='bbox 470 4992 876 5065; x_wconf 84' lang='lat' dir='ltr'><strong>chinonensis,</strong></span> <span class='ocrx_word' id='word_1_325' title='bbox 905 4992 967 5052; x_wconf 91' lang='lat' dir='ltr'><strong>in</strong></span> <span class='ocrx_word' id='word_1_326' title='bbox 993 5010 1115 5071; x_wconf 89' lang='lat' dir='ltr'><strong>qua</strong></span> <span class='ocrx_word' id='word_1_327' title='bbox 1148 4989 1305 5050; x_wconf 90' lang='lat' dir='ltr'><strong>ultra</strong></span> <span class='ocrx_word' id='word_1_328' title='bbox 1332 4990 1772 5051; x_wconf 88' lang='lat' dir='ltr'><strong>attestationem</strong></span> <span class='ocrx_word' id='word_1_329' title='bbox 1796 4991 2015 5073; x_wconf 87' lang='lat' dir='ltr'><strong>impos-</strong></span> 
     </span>
     <span class='ocr_line' id='line_1_50' title="bbox 469 5082 2013 5164; baseline -0.004 -13"><span class='ocrx_word' id='word_1_330' title='bbox 469 5087 774 5151; x_wconf 87' lang='lat' dir='ltr'><strong>sibilitatis</strong></span> <span class='ocrx_word' id='word_1_331' title='bbox 807 5085 1125 5164; x_wconf 86' lang='lat' dir='ltr'><strong>antiquum</strong></span> <span class='ocrx_word' id='word_1_332' title='bbox 1179 5082 1495 5162; x_wconf 87' lang='lat' dir='ltr'><strong>reparandi</strong></span> <span class='ocrx_word' id='word_1_333' title='bbox 1550 5085 1978 5145; x_wconf 88' lang='lat' dir='ltr'><strong>Monasterium</strong></span> <span class='ocrx_word' id='word_1_334' title='bbox 1997 5131 2013 5158; x_wconf 91' lang='lat'><strong>,</strong></span> 
     </span>
     <span class='ocr_line' id='line_1_51' title="bbox 470 5177 2014 5257; baseline -0.005 -12"><span class='ocrx_word' id='word_1_335' title='bbox 470 5183 626 5245; x_wconf 83' lang='lat' dir='ltr'><strong>dixit</strong></span> <span class='ocrx_word' id='word_1_336' title='bbox 647 5183 917 5250; x_wconf 86' lang='lat' dir='ltr'><strong>domum,</strong></span> <span class='ocrx_word' id='word_1_337' title='bbox 951 5179 1010 5237; x_wconf 92' lang='lat' dir='ltr'><strong>in</strong></span> <span class='ocrx_word' id='word_1_338' title='bbox 1034 5195 1155 5257; x_wconf 87' lang='lat' dir='ltr'><strong>qua</strong></span> <span class='ocrx_word' id='word_1_339' title='bbox 1177 5195 1367 5256; x_wconf 88' lang='lat' dir='ltr'><strong>usque</strong></span> <span class='ocrx_word' id='word_1_340' title='bbox 1391 5177 1464 5238; x_wconf 92' lang='lat' dir='ltr'><strong>de</strong></span> <span class='ocrx_word' id='word_1_341' title='bbox 1491 5196 1652 5237; x_wconf 83' lang='lat' dir='ltr'><strong>anno</strong></span> <span class='ocrx_word' id='word_1_342' title='bbox 1686 5183 1857 5238; x_wconf 86' lang='grc'><strong>1699.</strong></span> <span class='ocrx_word' id='word_1_343' title='bbox 1888 5180 2014 5240; x_wconf 83' lang='lat' dir='ltr'><strong>Mo·</strong></span> 
     </span>
     <span class='ocr_line' id='line_1_52' title="bbox 472 5270 2016 5350; baseline -0.005 -11"><span class='ocrx_word' id='word_1_344' title='bbox 472 5276 660 5338; x_wconf 86' lang='lat' dir='ltr'><strong>niales</strong></span> <span class='ocrx_word' id='word_1_345' title='bbox 688 5274 934 5335; x_wconf 76' lang='lat' dir='ltr'><strong>fuerunt</strong></span> <span class='ocrx_word' id='word_1_346' title='bbox 963 5270 1285 5331; x_wconf 86' lang='lat' dir='ltr'><strong>collocatae</strong></span> <span class='ocrx_word' id='word_1_347' title='bbox 1308 5315 1324 5340; x_wconf 94' lang='lat'><strong>,</strong></span> <span class='ocrx_word' id='word_1_348' title='bbox 1356 5289 1482 5330; x_wconf 81' lang='lat' dir='ltr'><strong>esse</strong></span> <span class='ocrx_word' id='word_1_349' title='bbox 1512 5279 1712 5350; x_wconf 86' lang='lat' dir='ltr'><strong>aptam</strong></span> <span class='ocrx_word' id='word_1_350' title='bbox 1739 5318 1755 5340; x_wconf 90' lang='lat'><strong>,</strong></span> <span class='ocrx_word' id='word_1_351' title='bbox 1787 5281 1844 5331; x_wconf 90' lang='lat' dir='ltr'><strong>et</strong></span> <span class='ocrx_word' id='word_1_352' title='bbox 1889 5272 2016 5332; x_wconf 91' lang='lat' dir='ltr'><strong>ido-</strong></span> 
     </span>
     <span class='ocr_line' id='line_1_53' title="bbox 470 5363 2019 5452; baseline -0.003 -20"><span class='ocrx_word' id='word_1_353' title='bbox 470 5391 644 5433; x_wconf 85' lang='lat' dir='ltr'><strong>neam</strong></span> <span class='ocrx_word' id='word_1_354' title='bbox 676 5389 785 5452; x_wconf 87' lang='lat' dir='ltr'><strong>pro</strong></span> <span class='ocrx_word' id='word_1_355' title='bbox 804 5387 1012 5429; x_wconf 89' lang='lat' dir='ltr'><strong>earum</strong></span> <span class='ocrx_word' id='word_1_356' title='bbox 1038 5363 1431 5435; x_wconf 85' lang='lat' dir='ltr'><strong>habitatione,</strong></span> <span class='ocrx_word' id='word_1_357' title='bbox 1457 5374 1514 5425; x_wconf 89' lang='lat' dir='ltr'><strong>et</strong></span> <span class='ocrx_word' id='word_1_358' title='bbox 1544 5385 1651 5445; x_wconf 89' lang='lat' dir='ltr'><strong>pro</strong></span> <span class='ocrx_word' id='word_1_359' title='bbox 1671 5365 2019 5428; x_wconf 81' lang='lat' dir='ltr'><strong>exercendis</strong></span> 
     </span>
     <span class='ocr_line' id='line_1_54' title="bbox 472 5457 2016 5543; baseline -0.004 -14"><span class='ocrx_word' id='word_1_360' title='bbox 472 5465 756 5530; x_wconf 89' lang='lat' dir='ltr'><strong>omnibus</strong></span> <span class='ocrx_word' id='word_1_361' title='bbox 782 5511 801 5535; x_wconf 88' lang='lat'><strong>,</strong></span> <span class='ocrx_word' id='word_1_362' title='bbox 839 5480 998 5543; x_wconf 86' lang='lat' dir='ltr'><strong>quae</strong></span> <span class='ocrx_word' id='word_1_363' title='bbox 1029 5460 1294 5541; x_wconf 85' lang='lat' dir='ltr'><strong>ipsarum</strong></span> <span class='ocrx_word' id='word_1_364' title='bbox 1330 5457 1723 5541; x_wconf 78' lang='lat' dir='ltr'><strong>posessionem</strong></span> <span class='ocrx_word' id='word_1_365' title='bbox 1770 5459 2016 5541; x_wconf 83' lang='lat' dir='ltr'><strong>religio·</strong></span> 
     </span>
    </p>
   </div>
   <div class='ocr_carea' id='block_1_5' title="bbox 2101 743 3686 5544">
    <p class='ocr_par' dir='ltr' id='par_1_5' title="bbox 2102 743 3682 919">
     <span class='ocr_line' id='line_1_55' title="bbox 2102 743 3682 828; baseline 0.008 -24"><span class='ocrx_word' id='word_1_366' title='bbox 2102 743 2352 824; x_wconf 87' lang='lat' dir='ltr'><strong>epistola</strong></span> <span class='ocrx_word' id='word_1_367' title='bbox 2394 744 2664 825; x_wconf 83' lang='lat' dir='ltr'><strong>Episcopi</strong></span> <span class='ocrx_word' id='word_1_368' title='bbox 2715 744 3059 806; x_wconf 79' lang='lat' dir='ltr'><strong>{ilerdensis</strong></span> <span class='ocrx_word' id='word_1_369' title='bbox 3085 791 3102 819; x_wconf 90' lang='lat'><strong>,</strong></span> <span class='ocrx_word' id='word_1_370' title='bbox 3150 748 3211 807; x_wconf 90' lang='lat' dir='ltr'><strong>in</strong></span> <span class='ocrx_word' id='word_1_371' title='bbox 3261 767 3383 828; x_wconf 87' lang='lat' dir='ltr'><strong>qua</strong></span> <span class='ocrx_word' id='word_1_372' title='bbox 3438 752 3682 816; x_wconf 78' lang='lat' dir='ltr'><strong>retulit-</strong></span> 
     </span>
     <span class='ocr_line' id='line_1_56' title="bbox 2106 838 3645 919; baseline 0.006 -21"><span class='ocrx_word' id='word_1_373' title='bbox 2106 838 2345 899; x_wconf 87' lang='lat' dir='ltr'><strong>nullum</strong></span> <span class='ocrx_word' id='word_1_374' title='bbox 2392 839 2559 901; x_wconf 88' lang='lat' dir='ltr'><strong>aliud</strong></span> <span class='ocrx_word' id='word_1_375' title='bbox 2605 841 2809 900; x_wconf 84' lang='lat' dir='ltr'><strong>adesse</strong></span> <span class='ocrx_word' id='word_1_376' title='bbox 2866 841 3199 902; x_wconf 89' lang='lat' dir='ltr'><strong>remedium</strong></span> <span class='ocrx_word' id='word_1_377' title='bbox 3240 843 3495 906; x_wconf 85' lang='lat' dir='ltr'><strong>celerius</strong></span> <span class='ocrx_word' id='word_1_378' title='bbox 3521 891 3537 919; x_wconf 87' lang='lat'><strong>,</strong></span> <span class='ocrx_word' id='word_1_379' title='bbox 3585 857 3645 912; x_wconf 86' lang='lat' dir='ltr'><strong>et</strong></span> 
     </span>
    </p>

    <p class='ocr_par' dir='ltr' id='par_1_6' title="bbox 2101 933 3645 1016">
     <span class='ocr_line' id='line_1_57' title="bbox 2101 933 3645 1016; baseline 0.008 -25"><span class='ocrx_word' id='word_1_380' title='bbox 2101 935 2500 1010; x_wconf 87' lang='lat' dir='ltr'><strong>opportunius</strong></span> <span class='ocrx_word' id='word_1_381' title='bbox 2521 981 2537 1003; x_wconf 90' lang='lat'><strong>,</strong></span> <span class='ocrx_word' id='word_1_382' title='bbox 2567 953 2752 1014; x_wconf 88' lang='lat' dir='ltr'><strong>quam</strong></span> <span class='ocrx_word' id='word_1_383' title='bbox 2783 933 3073 995; x_wconf 83' lang='lat' dir='ltr'><strong>Moniales</strong></span> <span class='ocrx_word' id='word_1_384' title='bbox 3114 935 3190 997; x_wconf 89' lang='lat' dir='ltr'><strong>ad</strong></span> <span class='ocrx_word' id='word_1_385' title='bbox 3213 938 3503 1016; x_wconf 88' lang='lat' dir='ltr'><strong>quasdam</strong></span> <span class='ocrx_word' id='word_1_386' title='bbox 3543 959 3645 1003; x_wconf 90' lang='lat' dir='ltr'><strong>ae·</strong></span> 
     </span>
    </p>

    <p class='ocr_par' dir='ltr' id='par_1_7' title="bbox 2102 1026 3648 1109">
     <span class='ocr_line' id='line_1_58' title="bbox 2102 1026 3648 1109; baseline 0.007 -22"><span class='ocrx_word' id='word_1_387' title='bbox 2102 1026 2205 1087; x_wconf 87' lang='lat' dir='ltr'><strong>des</strong></span> <span class='ocrx_word' id='word_1_388' title='bbox 2229 1072 2247 1100; x_wconf 87' lang='lat'><strong>,</strong></span> <span class='ocrx_word' id='word_1_389' title='bbox 2275 1048 2426 1109; x_wconf 88' lang='lat' dir='ltr'><strong>quas</strong></span> <span class='ocrx_word' id='word_1_390' title='bbox 2453 1028 2676 1090; x_wconf 87' lang='lat' dir='ltr'><strong>habent</strong></span> <span class='ocrx_word' id='word_1_391' title='bbox 2696 1049 2835 1089; x_wconf 85' lang='lat' dir='ltr'><strong>cum</strong></span> <span class='ocrx_word' id='word_1_392' title='bbox 2863 1048 2971 1091; x_wconf 88' lang='lat' dir='ltr'><strong>sua</strong></span> <span class='ocrx_word' id='word_1_393' title='bbox 2997 1028 3257 1092; x_wconf 85' lang='lat' dir='ltr'><strong>Ecclesia</strong></span> <span class='ocrx_word' id='word_1_394' title='bbox 3285 1033 3502 1096; x_wconf 89' lang='lat' dir='ltr'><strong>Beatae</strong></span> <span class='ocrx_word' id='word_1_395' title='bbox 3525 1036 3648 1098; x_wconf 84' lang='lat' dir='ltr'><strong>Ma·</strong></span> 
     </span>
    </p>

    <p class='ocr_par' dir='ltr' id='par_1_8' title="bbox 2107 1124 3649 1212">
     <span class='ocr_line' id='line_1_59' title="bbox 2107 1124 3649 1212; baseline 0.005 -28"><span class='ocrx_word' id='word_1_396' title='bbox 2107 1124 2235 1185; x_wconf 85' lang='lat' dir='ltr'><strong>riae</strong></span> <span class='ocrx_word' id='word_1_397' title='bbox 2265 1124 2534 1206; x_wconf 84' lang='lat' dir='ltr'><strong>Virginis</strong></span> <span class='ocrx_word' id='word_1_398' title='bbox 2555 1126 2642 1183; x_wconf 83' lang='lat' dir='ltr'><strong>del</strong></span> <span class='ocrx_word' id='word_1_399' title='bbox 2663 1125 2846 1185; x_wconf 85' lang='lat' dir='ltr'><strong>Merli</strong></span> <span class='ocrx_word' id='word_1_400' title='bbox 2877 1134 3241 1205; x_wconf 86' lang='lat' dir='ltr'><strong>nuncupata,</strong></span> <span class='ocrx_word' id='word_1_401' title='bbox 3261 1127 3405 1190; x_wconf 87' lang='lat' dir='ltr'><strong>sitas</strong></span> <span class='ocrx_word' id='word_1_402' title='bbox 3428 1129 3490 1190; x_wconf 92' lang='lat' dir='ltr'><strong>in</strong></span> <span class='ocrx_word' id='word_1_403' title='bbox 3520 1131 3649 1212; x_wconf 86' lang='lat' dir='ltr'><strong>ipso</strong></span> 
     </span>
    </p>

    <p class='ocr_par' dir='ltr' id='par_1_9' title="bbox 2107 1219 3651 1301">
     <span class='ocr_line' id='line_1_60' title="bbox 2107 1219 3651 1301; baseline 0.004 -18"><span class='ocrx_word' id='word_1_404' title='bbox 2107 1221 2345 1301; x_wconf 90' lang='lat' dir='ltr'><strong>Oppido</strong></span> <span class='ocrx_word' id='word_1_405' title='bbox 2380 1223 2455 1282; x_wconf 89' lang='lat' dir='ltr'><strong>de</strong></span> <span class='ocrx_word' id='word_1_406' title='bbox 2480 1221 2789 1301; x_wconf 86' lang='lat' dir='ltr'><strong>Alguaire,</strong></span> <span class='ocrx_word' id='word_1_407' title='bbox 2815 1219 3125 1283; x_wconf 79' lang='lat' dir='ltr'><strong>transferri</strong></span> <span class='ocrx_word' id='word_1_408' title='bbox 3150 1221 3440 1285; x_wconf 89' lang='lat' dir='ltr'><strong>mandare</strong></span> <span class='ocrx_word' id='word_1_409' title='bbox 3462 1225 3651 1290; x_wconf 87' lang='lat' dir='ltr'><strong>donec</strong></span> 
     </span>
    </p>

    <p class='ocr_par' dir='ltr' id='par_1_10' title="bbox 2104 1319 3651 1400">
     <span class='ocr_line' id='line_1_61' title="bbox 2104 1319 3651 1400; baseline 0.005 -19"><span class='ocrx_word' id='word_1_410' title='bbox 2104 1319 2424 1400; x_wconf 88' lang='lat' dir='ltr'><strong>antiquum</strong></span> <span class='ocrx_word' id='word_1_411' title='bbox 2449 1328 2888 1381; x_wconf 87' lang='lat' dir='ltr'><strong>restauraretur</strong></span> <span class='ocrx_word' id='word_1_412' title='bbox 2904 1319 3361 1392; x_wconf 82' lang='lat' dir='ltr'><strong>Monasterium,</strong></span> <span class='ocrx_word' id='word_1_413' title='bbox 3385 1342 3522 1384; x_wconf 88' lang='lat' dir='ltr'><strong>cum</strong></span> <span class='ocrx_word' id='word_1_414' title='bbox 3544 1343 3651 1389; x_wconf 81' lang='lat' dir='ltr'><strong>sex</strong></span> 
     </span>
    </p>

    <p class='ocr_par' dir='ltr' id='par_1_11' title="bbox 2105 1412 3652 1496">
     <span class='ocr_line' id='line_1_62' title="bbox 2105 1412 3652 1496; baseline 0.006 -23"><span class='ocrx_word' id='word_1_415' title='bbox 2105 1433 2179 1473; x_wconf 85' lang='lat' dir='ltr'><strong>ex</strong></span> <span class='ocrx_word' id='word_1_416' title='bbox 2214 1413 2417 1474; x_wconf 83' lang='lat' dir='ltr'><strong>decem</strong></span> <span class='ocrx_word' id='word_1_417' title='bbox 2448 1412 2816 1474; x_wconf 87' lang='lat' dir='ltr'><strong>Monialibns</strong></span> <span class='ocrx_word' id='word_1_418' title='bbox 2844 1414 3371 1494; x_wconf 84' lang='lat' dir='ltr'><strong>superextantibus</strong></span> <span class='ocrx_word' id='word_1_419' title='bbox 3404 1436 3511 1496; x_wconf 87' lang='lat' dir='ltr'><strong>pro</strong></span> <span class='ocrx_word' id='word_1_420' title='bbox 3539 1417 3652 1482; x_wconf 87' lang='lat' dir='ltr'><strong>hac</strong></span> 
     </span>
    </p>

    <p class='ocr_par' dir='ltr' id='par_1_12' title="bbox 2106 1506 3653 1588">
     <span class='ocr_line' id='line_1_63' title="bbox 2106 1506 3653 1588; baseline 0.005 -20"><span class='ocrx_word' id='word_1_421' title='bbox 2106 1508 2183 1571; x_wconf 91' lang='lat' dir='ltr'><strong>ad</strong></span> <span class='ocrx_word' id='word_1_422' title='bbox 2210 1508 2399 1570; x_wconf 91' lang='lat' dir='ltr'><strong>dictas</strong></span> <span class='ocrx_word' id='word_1_423' title='bbox 2426 1509 2601 1570; x_wconf 83' lang='lat' dir='ltr'><strong>aedes</strong></span> <span class='ocrx_word' id='word_1_424' title='bbox 2630 1506 3104 1588; x_wconf 85' lang='lat' dir='ltr'><strong>supplicaverint</strong></span> <span class='ocrx_word' id='word_1_425' title='bbox 3129 1508 3521 1573; x_wconf 84' lang='lat' dir='ltr'><strong>translatione</strong></span> <span class='ocrx_word' id='word_1_426' title='bbox 3545 1556 3562 1584; x_wconf 89' lang='lat'><strong>,</strong></span> <span class='ocrx_word' id='word_1_427' title='bbox 3591 1521 3653 1577; x_wconf 89' lang='lat' dir='ltr'><strong>et</strong></span> 
     </span>
    </p>

    <p class='ocr_par' dir='ltr' id='par_1_13' title="bbox 2107 1602 3648 1685">
     <span class='ocr_line' id='line_1_64' title="bbox 2107 1602 3648 1685; baseline 0.001 -19"><span class='ocrx_word' id='word_1_428' title='bbox 2107 1604 2381 1685; x_wconf 86' lang='lat' dir='ltr'><strong>reliquae</strong></span> <span class='ocrx_word' id='word_1_429' title='bbox 2410 1603 2704 1664; x_wconf 86' lang='lat' dir='ltr'><strong>Moniales</strong></span> <span class='ocrx_word' id='word_1_430' title='bbox 2722 1604 2808 1663; x_wconf 89' lang='lat' dir='ltr'><strong>ab</strong></span> <span class='ocrx_word' id='word_1_431' title='bbox 2848 1603 2961 1664; x_wconf 89' lang='lat' dir='ltr'><strong>hac</strong></span> <span class='ocrx_word' id='word_1_432' title='bbox 2988 1602 3274 1664; x_wconf 89' lang='lat' dir='ltr'><strong>instantia</strong></span> <span class='ocrx_word' id='word_1_433' title='bbox 3313 1604 3606 1668; x_wconf 86' lang='lat' dir='ltr'><strong>excitatae</strong></span> <span class='ocrx_word' id='word_1_434' title='bbox 3630 1651 3648 1681; x_wconf 86' lang='lat'><strong>,</strong></span> 
     </span>
    </p>

    <p class='ocr_par' dir='ltr' id='par_1_14' title="bbox 2113 1696 3651 1780">
     <span class='ocr_line' id='line_1_65' title="bbox 2113 1696 3651 1780; baseline 0.002 -19"><span class='ocrx_word' id='word_1_435' title='bbox 2113 1718 2219 1761; x_wconf 89' lang='lat' dir='ltr'><strong>seu</strong></span> <span class='ocrx_word' id='word_1_436' title='bbox 2249 1697 2599 1779; x_wconf 88' lang='lat' dir='ltr'><strong>Superiores</strong></span> <span class='ocrx_word' id='word_1_437' title='bbox 2647 1696 2976 1778; x_wconf 80' lang='lat' dir='ltr'><strong>Religionis</strong></span> <span class='ocrx_word' id='word_1_438' title='bbox 3023 1697 3651 1780; x_wconf 79' lang='lat' dir='ltr'><strong>Hierosolymitanae,</strong></span> 
     </span>
    </p>

    <p class='ocr_par' dir='ltr' id='par_1_15' title="bbox 2106 1792 3655 1873">
     <span class='ocr_line' id='line_1_66' title="bbox 2106 1792 3655 1873; baseline 0.001 -18"><span class='ocrx_word' id='word_1_439' title='bbox 2106 1803 2604 1873; x_wconf 89' lang='lat' dir='ltr'><strong>contemporanee</strong></span> <span class='ocrx_word' id='word_1_440' title='bbox 2634 1811 2741 1871; x_wconf 90' lang='lat' dir='ltr'><strong>pro</strong></span> <span class='ocrx_word' id='word_1_441' title='bbox 2766 1810 2920 1852; x_wconf 70' lang='lat' dir='ltr'><strong>nova</strong></span> <span class='ocrx_word' id='word_1_442' title='bbox 2942 1792 3250 1854; x_wconf 84' lang='lat' dir='ltr'><strong>audientia</strong></span> <span class='ocrx_word' id='word_1_443' title='bbox 3269 1792 3487 1855; x_wconf 85' lang='lat' dir='ltr'><strong>iterum</strong></span> <span class='ocrx_word' id='word_1_444' title='bbox 3509 1814 3655 1856; x_wconf 88' lang='lat' dir='ltr'><strong>exo-</strong></span> 
     </span>
    </p>

    <p class='ocr_par' dir='ltr' id='par_1_16' title="bbox 2107 1886 3661 2063">
     <span class='ocr_line' id='line_1_67' title="bbox 2110 1886 3661 1972; baseline 0.003 -23"><span class='ocrx_word' id='word_1_445' title='bbox 2110 1888 2377 1950; x_wconf 89' lang='lat' dir='ltr'><strong>raverint</strong></span> <span class='ocrx_word' id='word_1_446' title='bbox 2403 1933 2419 1958; x_wconf 97' lang='lat'><strong>,</strong></span> <span class='ocrx_word' id='word_1_447' title='bbox 2452 1886 2757 1967; x_wconf 87' lang='lat' dir='ltr'><strong>proposito</strong></span> <span class='ocrx_word' id='word_1_448' title='bbox 2804 1886 3041 1966; x_wconf 81' lang='lat' dir='ltr'><strong>negotio</strong></span> <span class='ocrx_word' id='word_1_449' title='bbox 3081 1886 3147 1947; x_wconf 90' lang='lat' dir='ltr'><strong>in</strong></span> <span class='ocrx_word' id='word_1_450' title='bbox 3183 1887 3661 1972; x_wconf 82' lang='lat' dir='ltr'><strong>Congregatione</strong></span> 
     </span>
     <span class='ocr_line' id='line_1_68' title="bbox 2107 1980 3653 2063; baseline 0.001 -18"><span class='ocrx_word' id='word_1_451' title='bbox 2107 1982 2315 2045; x_wconf 90' lang='lat' dir='ltr'><strong>habita</strong></span> <span class='ocrx_word' id='word_1_452' title='bbox 2334 1983 2422 2043; x_wconf 86' lang='lat' dir='ltr'><strong>die</strong></span> <span class='ocrx_word' id='word_1_453' title='bbox 2449 1986 2542 2042; x_wconf 84' lang='lat'><strong>11.</strong></span> <span class='ocrx_word' id='word_1_454' title='bbox 2570 1980 2911 2061; x_wconf 72' lang='lat' dir='ltr'><strong>Septembris</strong></span> <span class='ocrx_word' id='word_1_455' title='bbox 2932 1986 3105 2042; x_wconf 89' lang='grc'><strong>1717.</strong></span> <span class='ocrx_word' id='word_1_456' title='bbox 3136 1983 3490 2063; x_wconf 88' lang='lat' dir='ltr'><strong>rescriptum</strong></span> <span class='ocrx_word' id='word_1_457' title='bbox 3515 1984 3653 2048; x_wconf 79' lang='lat' dir='ltr'><strong>ruit:</strong></span> 
     </span>
    </p>

    <p class='ocr_par' dir='ltr' id='par_1_17' title="bbox 2107 2077 3659 2161">
     <span class='ocr_line' id='line_1_69' title="bbox 2107 2077 3659 2161; baseline 0.003 -24"><span class='ocrx_word' id='word_1_458' title='bbox 2107 2079 2261 2137; x_wconf 80' lang='lat' dir='ltr'><strong>nihil</strong></span> <span class='ocrx_word' id='word_1_459' title='bbox 2306 2079 2370 2138; x_wconf 82' lang='lat' dir='ltr'><strong>de</strong></span> <span class='ocrx_word' id='word_1_460' title='bbox 2418 2096 2560 2137; x_wconf 79' lang='lat' dir='ltr'><strong>noca</strong></span> <span class='ocrx_word' id='word_1_461' title='bbox 2603 2077 2940 2146; x_wconf 86' lang='lat' dir='ltr'><strong>audientia,</strong></span> <span class='ocrx_word' id='word_1_462' title='bbox 2983 2086 3036 2136; x_wconf 90' lang='lat' dir='ltr'><strong>et</strong></span> <span class='ocrx_word' id='word_1_463' title='bbox 3063 2079 3349 2138; x_wconf 79' lang='lat' dir='ltr'><strong>scribatur</strong></span> <span class='ocrx_word' id='word_1_464' title='bbox 3384 2078 3659 2161; x_wconf 86' lang='lat' dir='ltr'><strong>Episcopo</strong></span> 
     </span>
    </p>

    <p class='ocr_par' dir='ltr' id='par_1_18' title="bbox 2110 2171 3657 2249">
     <span class='ocr_line' id='line_1_70' title="bbox 2110 2171 3657 2249; baseline 0.001 -17"><span class='ocrx_word' id='word_1_465' title='bbox 2110 2172 2377 2233; x_wconf 85' lang='lat' dir='ltr'><strong>Illerden.</strong></span> <span class='ocrx_word' id='word_1_466' title='bbox 2409 2180 2474 2230; x_wconf 97' lang='lat' dir='ltr'><strong>ut</strong></span> <span class='ocrx_word' id='word_1_467' title='bbox 2500 2172 2737 2231; x_wconf 77' lang='lat' dir='ltr'><strong>sollicite</strong></span> <span class='ocrx_word' id='word_1_468' title='bbox 2765 2181 2919 2231; x_wconf 85' lang='lat' dir='ltr'><strong>curet</strong></span> <span class='ocrx_word' id='word_1_469' title='bbox 2951 2171 3028 2231; x_wconf 93' lang='lat' dir='ltr'><strong>ad</strong></span> <span class='ocrx_word' id='word_1_470' title='bbox 3059 2181 3270 2232; x_wconf 88' lang='lat' dir='ltr'><strong>statum</strong></span> <span class='ocrx_word' id='word_1_471' title='bbox 3290 2172 3657 2249; x_wconf 81' lang='lat' dir='ltr'><strong>Monasterii,</strong></span> 
     </span>
    </p>

    <p class='ocr_par' dir='ltr' id='par_1_19' title="bbox 2106 2253 3662 2443">
     <span class='ocr_line' id='line_1_71' title="bbox 2110 2253 3662 2346; baseline 0.001 -19"><span class='ocrx_word' id='word_1_472' title='bbox 2110 2276 2162 2327; x_wconf 92' lang='lat' dir='ltr'><strong>et</strong></span> <span class='ocrx_word' id='word_1_473' title='bbox 2195 2266 2497 2326; x_wconf 84' lang='lat' dir='ltr'><strong>clausurae</strong></span> <span class='ocrx_word' id='word_1_474' title='bbox 2524 2265 2852 2324; x_wconf 86' lang='lat' dir='ltr'><strong>enunciatas</strong></span> <span class='ocrx_word' id='word_1_475' title='bbox 2878 2265 3038 2325; x_wconf 85' lang='lat' dir='ltr'><strong>aedes</strong></span> <span class='ocrx_word' id='word_1_476' title='bbox 3065 2253 3323 2327; x_wconf 73' lang='lat' dir='ltr'><strong>reducere</strong></span> <span class='ocrx_word' id='word_1_477' title='bbox 3349 2311 3368 2340; x_wconf 88' lang='lat'><strong>,</strong></span> <span class='ocrx_word' id='word_1_478' title='bbox 3414 2278 3466 2327; x_wconf 87' lang='lat' dir='ltr'><strong>et</strong></span> <span class='ocrx_word' id='word_1_479' title='bbox 3510 2269 3662 2346; x_wconf 84' lang='lat' dir='ltr'><strong>quod</strong></span> 
     </span>
     <span class='ocr_line' id='line_1_72' title="bbox 2106 2360 2947 2443; baseline -0.002 -23"><span class='ocrx_word' id='word_1_480' title='bbox 2106 2371 2229 2443; x_wconf 90' lang='lat' dir='ltr'><strong>post</strong></span> <span class='ocrx_word' id='word_1_481' title='bbox 2257 2360 2633 2419; x_wconf 74' lang='lat' dir='ltr'><strong>executionem</strong></span> <span class='ocrx_word' id='word_1_482' title='bbox 2661 2360 2947 2418; x_wconf 82' lang='lat' dir='ltr'><strong>certioret.</strong></span> 
     </span>
    </p>

    <p class='ocr_par' dir='ltr' id='par_1_20' title="bbox 2112 2452 3686 5544">
     <span class='ocr_line' id='line_1_73' title="bbox 2232 2452 3662 2534; baseline 0.002 -19"><span class='ocrx_word' id='word_1_483' title='bbox 2232 2455 2358 2515; x_wconf 91' lang='lat' dir='ltr'><strong>Sub</strong></span> <span class='ocrx_word' id='word_1_484' title='bbox 2381 2455 2628 2515; x_wconf 90' lang='lat' dir='ltr'><strong>obtentu</strong></span> <span class='ocrx_word' id='word_1_485' title='bbox 2659 2497 2676 2525; x_wconf 89' lang='lat'><strong>,</strong></span> <span class='ocrx_word' id='word_1_486' title='bbox 2711 2452 2872 2534; x_wconf 87' lang='lat' dir='ltr'><strong>quod</strong></span> <span class='ocrx_word' id='word_1_487' title='bbox 2900 2460 3142 2534; x_wconf 88' lang='lat' dir='ltr'><strong>propter</strong></span> <span class='ocrx_word' id='word_1_488' title='bbox 3182 2460 3522 2533; x_wconf 87' lang='lat' dir='ltr'><strong>temporum</strong></span> <span class='ocrx_word' id='word_1_489' title='bbox 3561 2474 3662 2518; x_wconf 83' lang='lat' dir='ltr'><strong>ca·</strong></span> 
     </span>
     <span class='ocr_line' id='line_1_74' title="bbox 2113 2545 3664 2627; baseline -0.001 -17"><span class='ocrx_word' id='word_1_490' title='bbox 2113 2548 2410 2611; x_wconf 90' lang='lat' dir='ltr'><strong>lamitates</strong></span> <span class='ocrx_word' id='word_1_491' title='bbox 2437 2565 2554 2607; x_wconf 91' lang='lat' dir='ltr'><strong>non</strong></span> <span class='ocrx_word' id='word_1_492' title='bbox 2584 2555 2713 2608; x_wconf 88' lang='lat' dir='ltr'><strong>erat</strong></span> <span class='ocrx_word' id='word_1_493' title='bbox 2738 2545 2865 2607; x_wconf 86' lang='lat' dir='ltr'><strong>ullo</strong></span> <span class='ocrx_word' id='word_1_494' title='bbox 2891 2547 3067 2608; x_wconf 90' lang='lat' dir='ltr'><strong>modo</strong></span> <span class='ocrx_word' id='word_1_495' title='bbox 3092 2545 3374 2627; x_wconf 86' lang='lat' dir='ltr'><strong>possibile</strong></span> <span class='ocrx_word' id='word_1_496' title='bbox 3404 2549 3664 2611; x_wconf 87' lang='lat' dir='ltr'><strong>recensi-</strong></span> 
     </span>
     <span class='ocr_line' id='line_1_75' title="bbox 2112 2641 3670 2724; baseline 0 -18"><span class='ocrx_word' id='word_1_497' title='bbox 2112 2652 2202 2706; x_wconf 88' lang='lat' dir='ltr'><strong>tas</strong></span> <span class='ocrx_word' id='word_1_498' title='bbox 2229 2643 2402 2704; x_wconf 82' lang='lat' dir='ltr'><strong>aedes</strong></span> <span class='ocrx_word' id='word_1_499' title='bbox 2425 2652 2634 2722; x_wconf 87' lang='lat' dir='ltr'><strong>aptare</strong></span> <span class='ocrx_word' id='word_1_500' title='bbox 2664 2641 2741 2702; x_wconf 91' lang='lat' dir='ltr'><strong>ad</strong></span> <span class='ocrx_word' id='word_1_501' title='bbox 2773 2649 2994 2703; x_wconf 86' lang='lat' dir='ltr'><strong>statum</strong></span> <span class='ocrx_word' id='word_1_502' title='bbox 3047 2641 3391 2703; x_wconf 90' lang='lat' dir='ltr'><strong>monasterii</strong></span> <span class='ocrx_word' id='word_1_503' title='bbox 3417 2690 3433 2713; x_wconf 89' lang='lat'>‚</span> <span class='ocrx_word' id='word_1_504' title='bbox 3482 2651 3670 2724; x_wconf 88' lang='lat' dir='ltr'><strong>atque</strong></span> 
     </span>
     <span class='ocr_line' id='line_1_76' title="bbox 2112 2735 3665 2816; baseline 0 -17"><span class='ocrx_word' id='word_1_505' title='bbox 2112 2738 2447 2809; x_wconf 87' lang='lat' dir='ltr'><strong>clausurae,</strong></span> <span class='ocrx_word' id='word_1_506' title='bbox 2479 2735 2904 2816; x_wconf 82' lang='lat' dir='ltr'><strong>subpriorissa‚</strong></span> <span class='ocrx_word' id='word_1_507' title='bbox 2933 2743 2990 2798; x_wconf 90' lang='lat' dir='ltr'><strong>et</strong></span> <span class='ocrx_word' id='word_1_508' title='bbox 3012 2736 3344 2798; x_wconf 88' lang='lat' dir='ltr'><strong>nonnullae</strong></span> <span class='ocrx_word' id='word_1_509' title='bbox 3373 2737 3665 2799; x_wconf 84' lang='lat' dir='ltr'><strong>moniales</strong></span> 
     </span>
     <span class='ocr_line' id='line_1_77' title="bbox 2116 2824 3668 2912; baseline 0.001 -21"><span class='ocrx_word' id='word_1_510' title='bbox 2116 2824 2423 2893; x_wconf 86' lang='lat' dir='ltr'><strong>recursum</strong></span> <span class='ocrx_word' id='word_1_511' title='bbox 2453 2829 2799 2891; x_wconf 87' lang='lat' dir='ltr'><strong>habuerunt</strong></span> <span class='ocrx_word' id='word_1_512' title='bbox 2822 2830 2896 2890; x_wconf 90' lang='lat' dir='ltr'><strong>ad</strong></span> <span class='ocrx_word' id='word_1_513' title='bbox 2930 2829 3085 2890; x_wconf 86' lang='lat' dir='ltr'><strong>hanc</strong></span> <span class='ocrx_word' id='word_1_514' title='bbox 3119 2830 3361 2890; x_wconf 88' lang='lat' dir='ltr'><strong>Sacram</strong></span> <span class='ocrx_word' id='word_1_515' title='bbox 3407 2830 3668 2912; x_wconf 82' lang='lat' dir='ltr'><strong>Congre-</strong></span> 
     </span>
     <span class='ocr_line' id='line_1_78' title="bbox 2115 2923 3668 3008; baseline -0.001 -21"><span class='ocrx_word' id='word_1_516' title='bbox 2115 2926 2418 3008; x_wconf 87' lang='lat' dir='ltr'><strong>gationem</strong></span> <span class='ocrx_word' id='word_1_517' title='bbox 2444 2971 2460 2998; x_wconf 91' lang='lat'><strong>,</strong></span> <span class='ocrx_word' id='word_1_518' title='bbox 2491 2924 2802 2986; x_wconf 79' lang='lat' dir='ltr'><strong>exorando</strong></span> <span class='ocrx_word' id='word_1_519' title='bbox 2826 2970 2843 2997; x_wconf 91' lang='lat'><strong>,</strong></span> <span class='ocrx_word' id='word_1_520' title='bbox 2894 2924 3057 3004; x_wconf 90' lang='lat' dir='ltr'><strong>quod</strong></span> <span class='ocrx_word' id='word_1_521' title='bbox 3095 2924 3387 3005; x_wconf 87' lang='lat' dir='ltr'><strong>Episcopo</strong></span> <span class='ocrx_word' id='word_1_522' title='bbox 3419 2923 3668 2986; x_wconf 87' lang='lat' dir='ltr'><strong>Barchi-</strong></span> 
     </span>
     <span class='ocr_line' id='line_1_79' title="bbox 2117 3017 3667 3082; baseline 0 -2"><span class='ocrx_word' id='word_1_523' title='bbox 2117 3020 2368 3082; x_wconf 91' lang='lat' dir='ltr'><strong>nonensi</strong></span> <span class='ocrx_word' id='word_1_524' title='bbox 2414 3018 2884 3081; x_wconf 88' lang='lat' dir='ltr'><strong>demandaretur</strong></span> <span class='ocrx_word' id='word_1_525' title='bbox 2913 3018 3285 3080; x_wconf 86' lang='lat' dir='ltr'><strong>transmissio</strong></span> <span class='ocrx_word' id='word_1_526' title='bbox 3325 3017 3400 3079; x_wconf 90' lang='lat' dir='ltr'><strong>ad</strong></span> <span class='ocrx_word' id='word_1_527' title='bbox 3440 3018 3667 3081; x_wconf 81' lang='lat' dir='ltr'><strong>Civita-</strong></span> 
     </span>
     <span class='ocr_line' id='line_1_80' title="bbox 2115 3111 3668 3194; baseline -0.003 -17"><span class='ocrx_word' id='word_1_528' title='bbox 2115 3122 2233 3177; x_wconf 90' lang='lat' dir='ltr'><strong>tem</strong></span> <span class='ocrx_word' id='word_1_529' title='bbox 2266 3113 2650 3176; x_wconf 81' lang='lat' dir='ltr'><strong>[ilerdensem</strong></span> <span class='ocrx_word' id='word_1_530' title='bbox 2676 3160 2694 3188; x_wconf 87' lang='lat'><strong>,</strong></span> <span class='ocrx_word' id='word_1_531' title='bbox 2727 3122 2787 3176; x_wconf 92' lang='lat' dir='ltr'><strong>et</strong></span> <span class='ocrx_word' id='word_1_532' title='bbox 2820 3113 2982 3194; x_wconf 92' lang='lat' dir='ltr'><strong>quod</strong></span> <span class='ocrx_word' id='word_1_533' title='bbox 3017 3112 3311 3192; x_wconf 90' lang='lat' dir='ltr'><strong>Episcopo</strong></span> <span class='ocrx_word' id='word_1_534' title='bbox 3353 3111 3668 3174; x_wconf 84' lang='lat' dir='ltr'><strong>Illerdensi</strong></span> 
     </span>
     <span class='ocr_line' id='line_1_81' title="bbox 2113 3197 3670 3287; baseline -0.001 -16"><span class='ocrx_word' id='word_1_535' title='bbox 2113 3211 2480 3272; x_wconf 88' lang='lat' dir='ltr'><strong>scriberetur</strong></span> <span class='ocrx_word' id='word_1_536' title='bbox 2505 3255 2522 3282; x_wconf 91' lang='lat'><strong>,</strong></span> <span class='ocrx_word' id='word_1_537' title='bbox 2555 3215 2767 3271; x_wconf 90' lang='lat' dir='ltr'><strong>uttam</strong></span> <span class='ocrx_word' id='word_1_538' title='bbox 2814 3228 2878 3269; x_wconf 89' lang='lat' dir='ltr'><strong>se</strong></span> <span class='ocrx_word' id='word_1_539' title='bbox 2901 3253 2918 3281; x_wconf 91' lang='lat'><strong>,</strong></span> <span class='ocrx_word' id='word_1_540' title='bbox 2962 3226 3147 3287; x_wconf 89' lang='lat' dir='ltr'><strong>quam</strong></span> <span class='ocrx_word' id='word_1_541' title='bbox 3193 3206 3346 3267; x_wconf 91' lang='lat' dir='ltr'><strong>alias</strong></span> <span class='ocrx_word' id='word_1_542' title='bbox 3379 3197 3670 3269; x_wconf 79' lang='lat' dir='ltr'><strong>moniales</strong></span> 
     </span>
     <span class='ocr_line' id='line_1_82' title="bbox 2118 3300 3666 3383; baseline -0.005 -17"><span class='ocrx_word' id='word_1_543' title='bbox 2118 3306 2180 3366; x_wconf 91' lang='lat' dir='ltr'><strong>in</strong></span> <span class='ocrx_word' id='word_1_544' title='bbox 2204 3324 2374 3365; x_wconf 88' lang='lat' dir='ltr'><strong>suam</strong></span> <span class='ocrx_word' id='word_1_545' title='bbox 2401 3303 2693 3383; x_wconf 87' lang='lat' dir='ltr'><strong>reciperet</strong></span> <span class='ocrx_word' id='word_1_546' title='bbox 2710 3302 3067 3374; x_wconf 87' lang='lat' dir='ltr'><strong>Dioecesim,</strong></span> <span class='ocrx_word' id='word_1_547' title='bbox 3089 3309 3154 3375; x_wconf 78' lang='lat' dir='ltr'><strong>et</strong></span> <span class='ocrx_word' id='word_1_548' title='bbox 3170 3300 3407 3379; x_wconf 90' lang='lat' dir='ltr'><strong>aliquas</strong></span> <span class='ocrx_word' id='word_1_549' title='bbox 3429 3301 3492 3361; x_wconf 89' lang='lat' dir='ltr'><strong>in</strong></span> <span class='ocrx_word' id='word_1_550' title='bbox 3519 3320 3666 3372; x_wconf 87' lang='lat' dir='ltr'><strong>uno,</strong></span> 
     </span>
     <span class='ocr_line' id='line_1_83' title="bbox 2115 3393 3666 3476; baseline -0.005 -14"><span class='ocrx_word' id='word_1_551' title='bbox 2115 3399 2267 3462; x_wconf 87' lang='lat' dir='ltr'><strong>alias</strong></span> <span class='ocrx_word' id='word_1_552' title='bbox 2292 3397 2358 3459; x_wconf 90' lang='lat' dir='ltr'><strong>in</strong></span> <span class='ocrx_word' id='word_1_553' title='bbox 2382 3397 2503 3459; x_wconf 92' lang='lat' dir='ltr'><strong>alio</strong></span> <span class='ocrx_word' id='word_1_554' title='bbox 2528 3417 2602 3459; x_wconf 84' lang='lat' dir='ltr'><strong>ex</strong></span> <span class='ocrx_word' id='word_1_555' title='bbox 2631 3396 2967 3476; x_wconf 87' lang='lat' dir='ltr'><strong>praedictae</strong></span> <span class='ocrx_word' id='word_1_556' title='bbox 2989 3413 3133 3456; x_wconf 89' lang='lat' dir='ltr'><strong>suae</strong></span> <span class='ocrx_word' id='word_1_557' title='bbox 3155 3393 3429 3455; x_wconf 83' lang='lat' dir='ltr'><strong>Civitatis</strong></span> <span class='ocrx_word' id='word_1_558' title='bbox 3457 3414 3666 3456; x_wconf 88' lang='lat' dir='ltr'><strong>mona-</strong></span> 
     </span>
     <span class='ocr_line' id='line_1_84' title="bbox 2115 3488 3668 3571; baseline -0.003 -17"><span class='ocrx_word' id='word_1_559' title='bbox 2115 3491 2312 3554; x_wconf 88' lang='lat' dir='ltr'><strong>steriis</strong></span> <span class='ocrx_word' id='word_1_560' title='bbox 2340 3491 2657 3555; x_wconf 87' lang='lat' dir='ltr'><strong>collocaret</strong></span> <span class='ocrx_word' id='word_1_561' title='bbox 2684 3508 3001 3571; x_wconf 86' lang='lat' dir='ltr'><strong>usquequo</strong></span> <span class='ocrx_word' id='word_1_562' title='bbox 3031 3488 3460 3550; x_wconf 89' lang='lat' dir='ltr'><strong>monasterium</strong></span> <span class='ocrx_word' id='word_1_563' title='bbox 3509 3489 3668 3551; x_wconf 92' lang='lat' dir='ltr'><strong>anti-</strong></span> 
     </span>
     <span class='ocr_line' id='line_1_85' title="bbox 2117 3583 3672 3668; baseline -0.001 -21"><span class='ocrx_word' id='word_1_564' title='bbox 2117 3605 2309 3668; x_wconf 88' lang='lat' dir='ltr'><strong>quum</strong></span> <span class='ocrx_word' id='word_1_565' title='bbox 2344 3592 2761 3666; x_wconf 86' lang='lat' dir='ltr'><strong>repararetur,</strong></span> <span class='ocrx_word' id='word_1_566' title='bbox 2792 3592 2851 3645; x_wconf 90' lang='lat' dir='ltr'><strong>et</strong></span> <span class='ocrx_word' id='word_1_567' title='bbox 2877 3583 3156 3645; x_wconf 84' lang='lat' dir='ltr'><strong>clausura</strong></span> <span class='ocrx_word' id='word_1_568' title='bbox 3185 3583 3261 3643; x_wconf 86' lang='lat' dir='ltr'><strong>ad</strong></span> <span class='ocrx_word' id='word_1_569' title='bbox 3293 3583 3672 3662; x_wconf 83' lang='lat' dir='ltr'><strong>primaevum</strong></span> 
     </span>
     <span class='ocr_line' id='line_1_86' title="bbox 2117 3674 3670 3757; baseline -0.002 -15"><span class='ocrx_word' id='word_1_570' title='bbox 2117 3689 2339 3742; x_wconf 88' lang='lat' dir='ltr'><strong>statum</strong></span> <span class='ocrx_word' id='word_1_571' title='bbox 2367 3679 2751 3739; x_wconf 87' lang='lat' dir='ltr'><strong>reduceretur</strong></span> <span class='ocrx_word' id='word_1_572' title='bbox 2774 3723 2790 3748; x_wconf 97' lang='lat'><strong>,</strong></span> <span class='ocrx_word' id='word_1_573' title='bbox 2835 3676 3151 3756; x_wconf 79' lang='lat' dir='ltr'><strong>assignatis</strong></span> <span class='ocrx_word' id='word_1_574' title='bbox 3181 3676 3512 3757; x_wconf 81' lang='lat' dir='ltr'><strong>unicuique</strong></span> <span class='ocrx_word' id='word_1_575' title='bbox 3540 3674 3670 3739; x_wconf 87' lang='grc' dir='ltr'><strong>Μο-</strong></span> 
     </span>
     <span class='ocr_line' id='line_1_87' title="bbox 2119 3769 3671 3835; baseline -0.001 -1"><span class='ocrx_word' id='word_1_576' title='bbox 2119 3773 2267 3835; x_wconf 88' lang='lat' dir='ltr'><strong>niali</strong></span> <span class='ocrx_word' id='word_1_577' title='bbox 2290 3769 2595 3834; x_wconf 88' lang='lat' dir='ltr'><strong>alimentis</strong></span> <span class='ocrx_word' id='word_1_578' title='bbox 2619 3789 2695 3830; x_wconf 82' lang='lat' dir='ltr'><strong>ex</strong></span> <span class='ocrx_word' id='word_1_579' title='bbox 2725 3770 3021 3831; x_wconf 87' lang='lat' dir='ltr'><strong>reditibus</strong></span> <span class='ocrx_word' id='word_1_580' title='bbox 3057 3770 3405 3830; x_wconf 80' lang='lat' dir='ltr'><strong>Monasterii</strong></span> <span class='ocrx_word' id='word_1_581' title='bbox 3448 3771 3523 3832; x_wconf 90' lang='lat' dir='ltr'><strong>de</strong></span> <span class='ocrx_word' id='word_1_582' title='bbox 3565 3770 3671 3832; x_wconf 78' lang='lat' dir='ltr'><strong>Al-</strong></span> 
     </span>
     <span class='ocr_line' id='line_1_88' title="bbox 2118 3863 3676 3949; baseline -0.001 -21"><span class='ocrx_word' id='word_1_583' title='bbox 2118 3867 2351 3949; x_wconf 78' lang='lat' dir='ltr'><strong>guaire,</strong></span> <span class='ocrx_word' id='word_1_584' title='bbox 2379 3875 2437 3927; x_wconf 90' lang='lat' dir='ltr'><strong>et</strong></span> <span class='ocrx_word' id='word_1_585' title='bbox 2457 3864 2518 3926; x_wconf 91' lang='lat' dir='ltr'><strong>in</strong></span> <span class='ocrx_word' id='word_1_586' title='bbox 2545 3865 2752 3926; x_wconf 87' lang='lat' dir='ltr'><strong>eodem</strong></span> <span class='ocrx_word' id='word_1_587' title='bbox 2779 3863 3001 3925; x_wconf 87' lang='lat' dir='ltr'><strong>relictis</strong></span> <span class='ocrx_word' id='word_1_588' title='bbox 3020 3874 3282 3943; x_wconf 86' lang='lat' dir='ltr'><strong>quatuor</strong></span> <span class='ocrx_word' id='word_1_589' title='bbox 3303 3864 3676 3928; x_wconf 83' lang='lat' dir='ltr'><strong>Monialibus</strong></span> 
     </span>
     <span class='ocr_line' id='line_1_89' title="bbox 2120 3958 3674 4042; baseline -0.002 -19"><span class='ocrx_word' id='word_1_590' title='bbox 2120 3960 2527 4042; x_wconf 82' lang='lat' dir='ltr'><strong>sexagenariis</strong></span> <span class='ocrx_word' id='word_1_591' title='bbox 2553 4006 2569 4032; x_wconf 86' lang='lat'><strong><em>‚</em></strong></span> <span class='ocrx_word' id='word_1_592' title='bbox 2602 3978 2758 4040; x_wconf 89' lang='lat' dir='ltr'><strong>quae</strong></span> <span class='ocrx_word' id='word_1_593' title='bbox 2784 3958 2961 4020; x_wconf 87' lang='lat' dir='ltr'><strong>celeri</strong></span> <span class='ocrx_word' id='word_1_594' title='bbox 2994 3958 3353 4037; x_wconf 82' lang='lat' dir='ltr'><strong>reaptationi</strong></span> <span class='ocrx_word' id='word_1_595' title='bbox 3379 4007 3394 4029; x_wconf 88' lang='lat'><strong>,</strong></span> <span class='ocrx_word' id='word_1_596' title='bbox 3427 3968 3485 4020; x_wconf 89' lang='lat' dir='ltr'><strong>et</strong></span> <span class='ocrx_word' id='word_1_597' title='bbox 3515 3959 3674 4020; x_wconf 88' lang='lat' dir='ltr'><strong>redi-</strong></span> 
     </span>
     <span class='ocr_line' id='line_1_90' title="bbox 2127 4045 3673 4124; baseline -0.001 -8"><span class='ocrx_word' id='word_1_598' title='bbox 2127 4066 2295 4116; x_wconf 89' lang='lat' dir='ltr'><strong>tuum</strong></span> <span class='ocrx_word' id='word_1_599' title='bbox 2331 4052 2838 4115; x_wconf 80' lang='lat' dir='ltr'><strong>administrationi</strong></span> <span class='ocrx_word' id='word_1_600' title='bbox 2892 4045 3346 4124; x_wconf 85' lang='lat' dir='ltr'><strong>incumberent,</strong></span> <span class='ocrx_word' id='word_1_601' title='bbox 3399 4060 3458 4114; x_wconf 91' lang='lat' dir='ltr'><strong>et</strong></span> <span class='ocrx_word' id='word_1_602' title='bbox 3491 4053 3673 4117; x_wconf 77' lang='lat' dir='ltr'><strong>Sacra</strong></span> 
     </span>
     <span class='ocr_line' id='line_1_91' title="bbox 2122 4146 3676 4230; baseline -0.001 -19"><span class='ocrx_word' id='word_1_603' title='bbox 2122 4148 2518 4230; x_wconf 82' lang='lat' dir='ltr'><strong>Congrcgatio</strong></span> <span class='ocrx_word' id='word_1_604' title='bbox 2543 4193 2557 4216; x_wconf 91' lang='lat'><strong>,</strong></span> <span class='ocrx_word' id='word_1_605' title='bbox 2592 4155 2658 4209; x_wconf 89' lang='lat' dir='ltr'><strong>ut</strong></span> <span class='ocrx_word' id='word_1_606' title='bbox 2687 4146 2867 4207; x_wconf 84' lang='lat' dir='ltr'><strong>finem</strong></span> <span class='ocrx_word' id='word_1_607' title='bbox 2897 4147 3134 4207; x_wconf 74' lang='lat' dir='ltr'><strong>tandein</strong></span> <span class='ocrx_word' id='word_1_608' title='bbox 3169 4146 3311 4208; x_wconf 89' lang='lat' dir='ltr'><strong>huic</strong></span> <span class='ocrx_word' id='word_1_609' title='bbox 3341 4146 3676 4225; x_wconf 76' lang='lat' dir='ltr'><strong>imponeret</strong></span> 
     </span>
     <span class='ocr_line' id='line_1_92' title="bbox 2126 4241 3675 4325; baseline -0.001 -21"><span class='ocrx_word' id='word_1_610' title='bbox 2126 4243 2364 4325; x_wconf 83' lang='lat' dir='ltr'><strong>negotio</strong></span> <span class='ocrx_word' id='word_1_611' title='bbox 2396 4244 2486 4303; x_wconf 71' lang='lat' dir='ltr'><strong>elie</strong></span> <span class='ocrx_word' id='word_1_612' title='bbox 2513 4247 2610 4301; x_wconf 74' lang='lat'><strong>27.</strong></span> <span class='ocrx_word' id='word_1_613' title='bbox 2645 4241 2927 4302; x_wconf 73' lang='lat' dir='ltr'><strong>,Ianuarii</strong></span> <span class='ocrx_word' id='word_1_614' title='bbox 2955 4243 3125 4319; x_wconf 80' lang='lat' dir='ltr'><strong>hujus</strong></span> <span class='ocrx_word' id='word_1_615' title='bbox 3152 4243 3297 4301; x_wconf 88' lang='lat' dir='ltr'><strong>anni</strong></span> <span class='ocrx_word' id='word_1_616' title='bbox 3329 4246 3499 4303; x_wconf 78' lang='lat'><strong>1720.</strong></span> <span class='ocrx_word' id='word_1_617' title='bbox 3539 4261 3675 4303; x_wconf 87' lang='lat' dir='ltr'><strong>cen-</strong></span> 
     </span>
     <span class='ocr_line' id='line_1_93' title="bbox 2122 4336 3674 4415; baseline -0.001 -18"><span class='ocrx_word' id='word_1_618' title='bbox 2122 4338 2275 4398; x_wconf 85' lang='lat' dir='ltr'><strong>suit:</strong></span> <span class='ocrx_word' id='word_1_619' title='bbox 2309 4337 2538 4397; x_wconf 87' lang='lat' dir='ltr'><strong>Dandas</strong></span> <span class='ocrx_word' id='word_1_620' title='bbox 2562 4357 2677 4396; x_wconf 78' lang='lat' dir='ltr'><strong>essa</strong></span> <span class='ocrx_word' id='word_1_621' title='bbox 2703 4356 2874 4396; x_wconf 82' lang='lat' dir='ltr'><strong>novas</strong></span> <span class='ocrx_word' id='word_1_622' title='bbox 2919 4337 3136 4396; x_wconf 82' lang='lat' dir='ltr'><strong>litteras</strong></span> <span class='ocrx_word' id='word_1_623' title='bbox 3183 4347 3299 4397; x_wconf 90' lang='lat' dir='ltr'><strong>tam</strong></span> <span class='ocrx_word' id='word_1_624' title='bbox 3336 4337 3412 4395; x_wconf 81' lang='lat' dir='ltr'><strong>ad</strong></span> <span class='ocrx_word' id='word_1_625' title='bbox 3438 4336 3674 4415; x_wconf 86' lang='lat' dir='ltr'><strong>Episco-</strong></span> 
     </span>
     <span class='ocr_line' id='line_1_94' title="bbox 2120 4429 3675 4511; baseline 0 -21"><span class='ocrx_word' id='word_1_626' title='bbox 2120 4453 2259 4511; x_wconf 87' lang='lat' dir='ltr'><strong>pum</strong></span> <span class='ocrx_word' id='word_1_627' title='bbox 2295 4431 2562 4491; x_wconf 81' lang='lat' dir='ltr'><strong>Illerden.</strong></span> <span class='ocrx_word' id='word_1_628' title='bbox 2594 4477 2610 4499; x_wconf 89' lang='lat'><strong>,</strong></span> <span class='ocrx_word' id='word_1_629' title='bbox 2656 4450 2828 4508; x_wconf 85' lang='lat' dir='ltr'><strong>quam</strong></span> <span class='ocrx_word' id='word_1_630' title='bbox 2868 4431 2943 4490; x_wconf 88' lang='lat' dir='ltr'><strong>ad</strong></span> <span class='ocrx_word' id='word_1_631' title='bbox 2988 4430 3325 4510; x_wconf 83' lang='lat' dir='ltr'><strong>Episcopum</strong></span> <span class='ocrx_word' id='word_1_632' title='bbox 3355 4429 3675 4491; x_wconf 76' lang='lat' dir='ltr'><strong>Barchino-</strong></span> 
     </span>
     <span class='ocr_line' id='line_1_95' title="bbox 2122 4524 3675 4604; baseline -0.001 -18"><span class='ocrx_word' id='word_1_633' title='bbox 2122 4547 2251 4587; x_wconf 83' lang='lat' dir='ltr'><strong>nen.</strong></span> <span class='ocrx_word' id='word_1_634' title='bbox 2277 4573 2291 4594; x_wconf 90' lang='lat'><strong>,</strong></span> <span class='ocrx_word' id='word_1_635' title='bbox 2322 4537 2372 4586; x_wconf 93' lang='lat' dir='ltr'><strong>et</strong></span> <span class='ocrx_word' id='word_1_636' title='bbox 2400 4526 2547 4603; x_wconf 81' lang='lat' dir='ltr'><strong>quod</strong></span> <span class='ocrx_word' id='word_1_637' title='bbox 2577 4524 2853 4604; x_wconf 82' lang='lat' dir='ltr'><strong>Episcopo</strong></span> <span class='ocrx_word' id='word_1_638' title='bbox 2884 4524 3146 4584; x_wconf 84' lang='lat' dir='ltr'><strong>Illerden.</strong></span> <span class='ocrx_word' id='word_1_639' title='bbox 3194 4524 3633 4584; x_wconf 78' lang='lat' dir='ltr'><strong>demandaretur</strong></span> <span class='ocrx_word' id='word_1_640' title='bbox 3654 4573 3675 4595; x_wconf 80' lang='grc'><strong>,</strong></span> 
     </span>
     <span class='ocr_line' id='line_1_96' title="bbox 2121 4617 3682 4697; baseline -0.001 -16"><span class='ocrx_word' id='word_1_641' title='bbox 2121 4631 2186 4681; x_wconf 86' lang='lat' dir='ltr'><strong>ut</strong></span> <span class='ocrx_word' id='word_1_642' title='bbox 2207 4620 2491 4680; x_wconf 85' lang='lat' dir='ltr'><strong>Moniales</strong></span> <span class='ocrx_word' id='word_1_643' title='bbox 2506 4621 2798 4680; x_wconf 82' lang='lat' dir='ltr'><strong>collocaret</strong></span> <span class='ocrx_word' id='word_1_644' title='bbox 2819 4621 2882 4677; x_wconf 88' lang='lat' dir='ltr'><strong>in</strong></span> <span class='ocrx_word' id='word_1_645' title='bbox 2896 4618 3263 4679; x_wconf 81' lang='lat' dir='ltr'><strong>Monasteriis</strong></span> <span class='ocrx_word' id='word_1_646' title='bbox 3281 4617 3547 4678; x_wconf 83' lang='lat' dir='ltr'><strong>Civitatis</strong></span> <span class='ocrx_word' id='word_1_647' title='bbox 3572 4638 3682 4697; x_wconf 86' lang='lat' dir='ltr'><strong>pro</strong></span> 
     </span>
     <span class='ocr_line' id='line_1_97' title="bbox 2118 4713 3676 4792; baseline -0.002 -15"><span class='ocrx_word' id='word_1_648' title='bbox 2118 4736 2222 4776; x_wconf 88' lang='lat' dir='ltr'><strong>suo</strong></span> <span class='ocrx_word' id='word_1_649' title='bbox 2248 4716 2492 4777; x_wconf 83' lang='lat' dir='ltr'><strong>arbitrio</strong></span> <span class='ocrx_word' id='word_1_650' title='bbox 2517 4762 2533 4785; x_wconf 93' lang='lat'><strong>,</strong></span> <span class='ocrx_word' id='word_1_651' title='bbox 2565 4727 2614 4774; x_wconf 89' lang='lat' dir='ltr'><strong>et</strong></span> <span class='ocrx_word' id='word_1_652' title='bbox 2647 4714 2973 4792; x_wconf 85' lang='lat' dir='ltr'><strong>prudentia,</strong></span> <span class='ocrx_word' id='word_1_653' title='bbox 3002 4714 3168 4772; x_wconf 82' lang='lat' dir='ltr'><strong>celeri</strong></span> <span class='ocrx_word' id='word_1_654' title='bbox 3195 4713 3534 4773; x_wconf 79' lang='lat' dir='ltr'><strong>incumberet</strong></span> <span class='ocrx_word' id='word_1_655' title='bbox 3553 4733 3676 4774; x_wconf 82' lang='lat' dir='ltr'><strong>rea-</strong></span> 
     </span>
     <span class='ocr_line' id='line_1_98' title="bbox 2116 4806 3679 4890; baseline 0 -23"><span class='ocrx_word' id='word_1_656' title='bbox 2116 4810 2368 4890; x_wconf 85' lang='lat' dir='ltr'><strong>ptationi</strong></span> <span class='ocrx_word' id='word_1_657' title='bbox 2398 4809 2627 4886; x_wconf 84' lang='lat' dir='ltr'><strong>antiqui</strong></span> <span class='ocrx_word' id='word_1_658' title='bbox 2654 4806 3000 4868; x_wconf 85' lang='lat' dir='ltr'><strong>Monasterii</strong></span> <span class='ocrx_word' id='word_1_659' title='bbox 3016 4853 3031 4875; x_wconf 92' lang='lat'><strong>,</strong></span> <span class='ocrx_word' id='word_1_660' title='bbox 3063 4825 3272 4865; x_wconf 86' lang='lat' dir='ltr'><strong>necnon</strong></span> <span class='ocrx_word' id='word_1_661' title='bbox 3302 4807 3679 4867; x_wconf 82' lang='lat' dir='ltr'><strong>administra-</strong></span> 
     </span>
     <span class='ocr_line' id='line_1_99' title="bbox 2124 4898 3673 4977; baseline -0.003 -16"><span class='ocrx_word' id='word_1_662' title='bbox 2124 4903 2270 4962; x_wconf 81' lang='lat' dir='ltr'><strong>tioni</strong></span> <span class='ocrx_word' id='word_1_663' title='bbox 2295 4900 2585 4960; x_wconf 84' lang='lat' dir='ltr'><strong>Bonorum</strong></span> <span class='ocrx_word' id='word_1_664' title='bbox 2614 4946 2629 4969; x_wconf 89' lang='lat'>‚</span> <span class='ocrx_word' id='word_1_665' title='bbox 2674 4910 2725 4958; x_wconf 86' lang='lat' dir='ltr'><strong>et</strong></span> <span class='ocrx_word' id='word_1_666' title='bbox 2748 4899 3054 4960; x_wconf 84' lang='lat' dir='ltr'><strong>Redituum</strong></span> <span class='ocrx_word' id='word_1_667' title='bbox 3099 4898 3174 4958; x_wconf 89' lang='lat' dir='ltr'><strong>ad</strong></span> <span class='ocrx_word' id='word_1_668' title='bbox 3207 4899 3360 4958; x_wconf 89' lang='lat' dir='ltr'><strong>illud</strong></span> <span class='ocrx_word' id='word_1_669' title='bbox 3387 4901 3673 4977; x_wconf 86' lang='lat' dir='ltr'><strong>pertinen·</strong></span> 
     </span>
     <span class='ocr_line' id='line_1_100' title="bbox 2125 4992 3677 5072; baseline 0.001 -19"><span class='ocrx_word' id='word_1_670' title='bbox 2125 4997 2271 5054; x_wconf 85' lang='lat' dir='ltr'><strong>tium</strong></span> <span class='ocrx_word' id='word_1_671' title='bbox 2297 5041 2314 5064; x_wconf 87' lang='lat'><strong>,</strong></span> <span class='ocrx_word' id='word_1_672' title='bbox 2360 4994 2506 5072; x_wconf 87' lang='lat' dir='ltr'><strong>quod</strong></span> <span class='ocrx_word' id='word_1_673' title='bbox 2537 4993 2812 5072; x_wconf 84' lang='lat' dir='ltr'><strong>Episcopo</strong></span> <span class='ocrx_word' id='word_1_674' title='bbox 2860 4992 3311 5053; x_wconf 77' lang='lat' dir='ltr'><strong>Barchinonensi</strong></span> <span class='ocrx_word' id='word_1_675' title='bbox 3352 4993 3677 5071; x_wconf 71' lang='lat' dir='ltr'><strong>injunyere-</strong></span> 
     </span>
     <span class='ocr_line' id='line_1_101' title="bbox 2127 5086 3680 5166; baseline 0 -18"><span class='ocrx_word' id='word_1_676' title='bbox 2127 5099 2224 5148; x_wconf 90' lang='lat' dir='ltr'><strong>tur</strong></span> <span class='ocrx_word' id='word_1_677' title='bbox 2247 5134 2263 5160; x_wconf 90' lang='lat'><strong>,</strong></span> <span class='ocrx_word' id='word_1_678' title='bbox 2313 5100 2377 5146; x_wconf 88' lang='lat' dir='ltr'><strong>ut</strong></span> <span class='ocrx_word' id='word_1_679' title='bbox 2418 5090 2824 5147; x_wconf 84' lang='lat' dir='ltr'><strong>communicato</strong></span> <span class='ocrx_word' id='word_1_680' title='bbox 2878 5107 3004 5147; x_wconf 91' lang='lat' dir='ltr'><strong>cum</strong></span> <span class='ocrx_word' id='word_1_681' title='bbox 3054 5086 3332 5166; x_wconf 85' lang='lat' dir='ltr'><strong>Episcopo</strong></span> <span class='ocrx_word' id='word_1_682' title='bbox 3376 5086 3680 5148; x_wconf 82' lang='lat' dir='ltr'><strong>Illerclensi</strong></span> 
     </span>
     <span class='ocr_line' id='line_1_102' title="bbox 2122 5183 3686 5259; baseline 0.001 -18"><span class='ocrx_word' id='word_1_683' title='bbox 2122 5183 2396 5255; x_wconf 87' lang='lat' dir='ltr'><strong>consilio,</strong></span> <span class='ocrx_word' id='word_1_684' title='bbox 2445 5201 2659 5241; x_wconf 87' lang='lat' dir='ltr'><strong>omnem</strong></span> <span class='ocrx_word' id='word_1_685' title='bbox 2706 5193 2941 5242; x_wconf 77' lang='lat' dir='ltr'><strong>navaret</strong></span> <span class='ocrx_word' id='word_1_686' title='bbox 2968 5200 3192 5259; x_wconf 86' lang='lat' dir='ltr'><strong>operam</strong></span> <span class='ocrx_word' id='word_1_687' title='bbox 3216 5226 3232 5253; x_wconf 90' lang='lat'><strong>,</strong></span> <span class='ocrx_word' id='word_1_688' title='bbox 3270 5190 3333 5240; x_wconf 90' lang='lat' dir='ltr'><strong>ut</strong></span> <span class='ocrx_word' id='word_1_689' title='bbox 3377 5184 3686 5244; x_wconf 85' lang='lat' dir='ltr'><strong>translatio</strong></span> 
     </span>
     <span class='ocr_line' id='line_1_103' title="bbox 2123 5274 3680 5355; baseline 0.001 -19"><span class='ocrx_word' id='word_1_690' title='bbox 2123 5278 2194 5336; x_wconf 89' lang='lat' dir='ltr'><strong>ab</strong></span> <span class='ocrx_word' id='word_1_691' title='bbox 2223 5296 2340 5338; x_wconf 87' lang='lat' dir='ltr'><strong>una</strong></span> <span class='ocrx_word' id='word_1_692' title='bbox 2364 5277 2439 5336; x_wconf 87' lang='lat' dir='ltr'><strong>ad</strong></span> <span class='ocrx_word' id='word_1_693' title='bbox 2462 5278 2703 5336; x_wconf 88' lang='lat' dir='ltr'><strong>alteram</strong></span> <span class='ocrx_word' id='word_1_694' title='bbox 2730 5274 3031 5337; x_wconf 81' lang='lat' dir='ltr'><strong>Civitatem</strong></span> <span class='ocrx_word' id='word_1_695' title='bbox 3055 5276 3251 5335; x_wconf 88' lang='lat' dir='ltr'><strong>debitis</strong></span> <span class='ocrx_word' id='word_1_696' title='bbox 3271 5276 3680 5355; x_wconf 82' lang='lat' dir='ltr'><strong>adimpleretur</strong></span> 
     </span>
     <span class='ocr_line' id='line_1_104' title="bbox 2123 5371 3681 5450; baseline 0.002 -21"><span class='ocrx_word' id='word_1_697' title='bbox 2123 5371 2323 5443; x_wconf 82' lang='lat' dir='ltr'><strong>modis,</strong></span> <span class='ocrx_word' id='word_1_698' title='bbox 2354 5381 2403 5430; x_wconf 88' lang='lat' dir='ltr'><strong>et</strong></span> <span class='ocrx_word' id='word_1_699' title='bbox 2432 5372 2649 5448; x_wconf 76' lang='lat' dir='ltr'><strong>formis,</strong></span> <span class='ocrx_word' id='word_1_700' title='bbox 2680 5379 2729 5430; x_wconf 86' lang='lat' dir='ltr'><strong>et</strong></span> <span class='ocrx_word' id='word_1_701' title='bbox 2753 5371 2938 5448; x_wconf 82' lang='lat' dir='ltr'><strong>quoad</strong></span> <span class='ocrx_word' id='word_1_702' title='bbox 2960 5372 3405 5449; x_wconf 85' lang='lat' dir='ltr'><strong>permanentiam</strong></span> <span class='ocrx_word' id='word_1_703' title='bbox 3427 5383 3681 5450; x_wconf 80' lang='lat' dir='ltr'><strong>quatuor</strong></span> 
     </span>
     <span class='ocr_line' id='line_1_105' title="bbox 2125 5461 3676 5544; baseline 0.001 -18"><span class='ocrx_word' id='word_1_704' title='bbox 2125 5463 2481 5526; x_wconf 75' lang='lat' dir='ltr'><strong>Monialium</strong></span> <span class='ocrx_word' id='word_1_705' title='bbox 2513 5466 2577 5525; x_wconf 83' lang='lat' dir='ltr'><strong>in</strong></span> <span class='ocrx_word' id='word_1_706' title='bbox 2603 5465 2839 5544; x_wconf 81' lang='lat' dir='ltr'><strong>antiquo</strong></span> <span class='ocrx_word' id='word_1_707' title='bbox 2866 5462 3242 5535; x_wconf 82' lang='lat' dir='ltr'><strong>Monasterio,</strong></span> <span class='ocrx_word' id='word_1_708' title='bbox 3269 5461 3406 5525; x_wconf 73' lang='lat' dir='ltr'><strong>Sae-</strong></span> <span class='ocrx_word' id='word_1_709' title='bbox 3436 5461 3676 5544; x_wconf 63' lang='lat' dir='ltr'><strong>Congre-</strong></span> 
     </span>
    </p>
   </div>
  </div>
 </body>
</html>
