4393 6299
854 469 956 524 m

673 643 859 707 quam
883 622 1209 689 recensitus
1239 623 1638 706 cappellanus
1665 627 2023 704 protestatus
2042 625 2130 682 est
2156 634 2219 677 se

663 722 863 785 facere
895 722 1057 784 nolle
1081 768 1098 796 ,
1147 721 1559 803 Hieronymus
1595 718 1782 800 Talpa
1814 718 2091 780 formiter
2124 738 2220 781 as-

674 816 962 898 sumpsit,
991 816 1386 896 exhibitoque
1415 813 1669 896 supplici
1717 814 1927 876 libello
1948 859 1965 886 ,
2002 814 2067 875 in
2098 832 2223 895 quo

677 912 993 992 exposuit,
1041 930 1104 973 se
1150 909 1374 972 nedum
1415 927 1542 971 esse
1585 909 1980 970 Executorem
2019 910 2225 970 Testa-

678 1006 1043 1069 mentarium
1065 1002 1261 1067 Caroli
1286 1001 1579 1072 Scaociae,
1610 1002 1711 1064 sed
1741 1001 1923 1064 etiam
1954 1021 2079 1063 esse
2102 1021 2227 1065 una

678 1121 817 1164 cum
847 1109 969 1162 tota
993 1118 1102 1161 sua
1127 1097 1306 1159 domo
1332 1105 1608 1159 vocatum
1637 1096 1712 1158 ad
1741 1095 2188 1176 Cappellaniam
2209 1143 2226 1169 ‚

678 1213 865 1275 seque
891 1192 1113 1255 idcirco
1152 1210 1407 1253 exorare
1431 1237 1450 1265 ,
1480 1197 1550 1252 ut
1591 1189 1856 1270 legatum
1885 1209 1920 1252 a
1948 1189 2229 1253 Patribus

680 1290 743 1353 S.
780 1289 1042 1371 Philippi
1071 1289 1486 1351 renuntiatum
1514 1336 1530 1359 ,
1562 1297 1622 1350 et
1657 1287 1834 1369 juxta
1869 1286 2226 1366 rescriptum

682 1386 865 1468 hujus
892 1385 1023 1448 Sac.
1055 1383 1545 1465 congregationis
1570 1382 1935 1464 applicatum
1963 1382 2232 1444 Semina-

684 1480 779 1540 rio
805 1525 823 1552 ,
859 1479 1192 1560 applicetur
1219 1476 1642 1558 Cappellaniae
1667 1522 1684 1548 ,
1723 1485 1852 1539 tum
1899 1475 2226 1557 quia-Cap-

685 1574 948 1655 pellania
974 1581 1065 1636 est
1100 1572 1314 1636 haeres
1356 1572 1724 1634 Universalis
1749 1570 2076 1633 Testatoris
2101 1615 2118 1643 ,
2172 1579 2232 1632 et

688 1670 884 1752 legata
912 1669 986 1732 de
1009 1669 1158 1730 Jure
1185 1673 1530 1731 accrescunt
1570 1666 1812 1728 haeredi
1842 1712 1859 1740 ,
1911 1675 2040 1728 tum
2086 1665 2233 1744 qnia

690 1762 1112 1845 Cappellanns‚
1144 1761 1250 1842 qui
1276 1768 1512 1824 tenetur
1529 1759 1606 1823 ad
1630 1760 2056 1822 celebrandum
2084 1758 2236 1820 duas

690 1857 904 1920 Missas
940 1856 1210 1939 qualibet
1234 1854 1608 1918 hebdomada
1645 1854 1706 1916 in
1750 1853 2013 1917 Ecclesia
2043 1852 2235 1914 dicto-

690 1972 830 2014 rum
859 1953 1105 2016 Patrum
1131 1999 1149 2023 ,
1191 1951 1346 2012 bene
1377 1958 1569 2032 potest
1598 1950 1677 2012 ad
1704 1949 1974 2011 tramites
2014 1948 2234 2008 volun-

691 2046 829 2110 tatis
854 2044 1177 2108 Testatoris
1202 2043 1353 2106 alias
1375 2043 1690 2105 duodecim
1715 2042 1927 2105 Missas
1943 2061 2016 2103 ex
2040 2040 2238 2123 legato

691 2139 1110 2204 descendentes
1133 2138 1197 2199 in
1228 2137 1437 2200 eadem
1470 2136 1734 2200 Ecclesia
1784 2137 2125 2209 celebrare,
2177 2145 2239 2197 et

694 2235 935 2297 tandem
959 2233 1103 2315 quia
1141 2251 1266 2293 non
1293 2231 1409 2293 fuit
1436 2232 1819 2312 impositum,
1859 2250 1969 2292 nec
2007 2229 2239 2310 imponi

693 2337 886 2411 potest
942 2345 1096 2390 onus
1156 2323 1494 2389 Seminario
1544 2324 2038 2388 subministrandi
2074 2325 2244 2401 ‘Cap-

693 2422 937 2503 pellano
979 2427 1369 2502 paramenta,
1422 2421 1635 2482 vinum
1663 2465 1680 2491 ‚
1727 2439 1926 2481 ceram
1954 2465 1970 2491 ,
2014 2427 2073 2480 et
2121 2418 2244 2481 alia

697 2514 1014 2584 utensilia,
1046 2514 1135 2574 uti
1168 2514 1230 2574 in
1258 2513 1673 2574 executionem
1711 2512 2041 2574 voluntatis
2066 2532 2244 2592 prae-

694 2609 835 2670 dicti
864 2606 1210 2677 Testatoris,
1245 2607 1449 2669 Patres
1470 2607 1531 2667 S.
1565 2607 1828 2687 Philippi
1858 2607 2022 2668 Nerii
2047 2605 2244 2668 facere

692 2701 1074 2774 debuissent,
1105 2700 1152 2761 si
1183 2701 1444 2782 legatum
1470 2707 1911 2780 acceptassent,
1934 2702 2240 2780 proposita

692 2796 811 2859 {uit
833 2796 1094 2877 ejusdem
1117 2793 1476 2876 Hieronymi
1502 2794 1788 2856 instantia
1812 2795 1873 2854 in
1900 2795 2237 2876 Congrege-

696 2892 861 2953 tione
886 2889 1093 2951 hahita
1124 2890 1212 2948 dic
1237 2893 1335 2949 20.
1373 2888 1531 2965 Maji
1561 2893 1735 2949 1719.
1784 2896 1847 2950 et
1883 2888 2239 2971 rescriptum

702 2984 820 3048 fult
839 3030 856 3057 ,
886 2985 1034 3065 quod
1059 2986 1270 3044 iterum
1294 2995 1725 3062 proponeretur.

813 3077 1086 3158 Cumque
1114 3075 1565 3138 difficultatibus
1610 3096 1646 3139 a
1676 3073 1836 3138 dicto
1864 3077 2242 3160 Hieronymo

695 3172 885 3254 Talpa
913 3172 1234 3253 propositis
1257 3217 1274 3245 ,
1303 3162 1926 3234 defensor‘Seminarii
1963 3180 2241 3235 occurrat

693 3267 757 3328 ln
799 3266 1096 3348 scriptura
1139 3286 1245 3348 per
1296 3285 1510 3327 manus
1535 3265 2008 3328 circumferenda
2035 3311 2054 3340 ‚
2083 3284 2241 3328 asse-

694 3360 908 3435 rendo,
939 3361 1137 3440 primo
1165 3360 1325 3440 quod
1351 3362 1451 3442 jus
1480 3360 1846 3423 accrescendi
1873 3359 2079 3422 favore
2103 3359 2242 3421 hae-

695 3455 898 3527 redis,
928 3454 1089 3534 quod
1119 3453 1303 3515 habet
1335 3453 1534 3515 locum
1585 3455 1648 3515 in
1681 3454 1891 3535 legatis
1926 3454 2240 3535 profanis,

688 3566 817 3609 mon
846 3545 1182 3628 applicatur
1224 3546 1459 3628 legatis
1508 3547 1674 3621 Piis,
1721 3548 1782 3607 in
1814 3547 2038 3628 quibus
2063 3547 2244 3609 Sedes

686 3640 1036 3723 Apostolica
1061 3639 1362 3713 succedit,
1391 3649 1451 3702 et
1472 3660 1629 3722 quae
1657 3661 1763 3721 per
1796 3661 2092 3723 organum
2126 3643 2241 3703 hu-

690 3736 793 3818 jus
818 3721 948 3797 Sac.
981 3734 1472 3816 congregationis
1511 3735 1586 3796 de
1620 3734 1779 3797 dicto
1805 3735 2001 3815 legato
2042 3734 2242 3815 dispo-

696 3828 840 3902 suit,
868 3826 1152 3899 secundo,
1190 3826 1351 3907 quod
1378 3845 1531 3888 onus
1548 3826 2045 3890 subministrandi
2077 3836 2246 3889 uten-

697 3922 833 3984 silia
861 3920 1586 4003 Cappellanoimpositnm
1617 3921 1897 3984 Patribus
1914 3922 1975 3983 S.
2010 3920 2244 4002 Philip-

697 4017 760 4098 pi
777 4016 945 4078 Nerii
965 4014 1231 4077 innotuit
1251 4015 1396 4076 huic
1418 4015 1551 4078 Sac.
1577 4016 2060 4097 congregationi,
2087 4034 2246 4096 quae

696 4110 904 4172 eodem
938 4109 1188 4171 minime
1212 4107 1515 4182 obstante,
1546 4111 1757 4172 statuit
1802 4112 2065 4192 legatum
2119 4128 2246 4171 esse

697 4202 1036 4264 Seminario
1066 4201 1491 4282 applicandum
1518 4248 1535 4275 ,
1581 4210 1639 4265 et
1692 4203 1869 4265 tertio
1909 4204 2073 4284 quod
2119 4221 2243 4264 non

697 4296 968 4359 subsistit
1019 4295 1082 4356 in
1138 4294 1295 4357 facto
1324 4341 1341 4369 ,
1390 4297 1756 4359 Testatorem
1810 4298 2073 4359 voluisse
2099 4345 2116 4367 ,
2172 4303 2246 4358 ut

691 4389 915 4453 Missae
954 4388 1268 4450 duodecim
1317 4389 1766 4452 celebrarentur
1795 4391 1861 4451 in
1914 4391 2244 4453 Ecclesiam

696 4483 945 4546 Patrum
969 4482 1030 4544 S.
1060 4482 1322 4564 Philippi
1344 4483 1536 4556 Ner-ii,
1560 4484 1649 4546 uti
1686 4483 1908 4549 dicitur
1934 4484 2138 4566 colligi
2168 4503 2246 4545 ex

693 4575 899 4637 verbis
922 4594 1106 4657 supra
1133 4576 1462 4651 recensitis,
1496 4576 1688 4639 Causa
1709 4577 2159 4659 reproponitur,
2184 4585 2244 4639 et

694 4668 1043 4750 quaeritur:
2160 4700 2165 4705 -

814 4762 865 4823 1.
903 4763 998 4822 An
1023 4765 1099 4823 sit
1141 4764 1502 4824 recedendum
1544 4782 1581 4825 a
1608 4765 1801 4842 qratia
1843 4764 2247 4843 applicationis

695 4852 898 4935 Leqati
919 4856 1109 4934 [avora
1128 4853 1470 4927 Seminarii,
1496 4864 1548 4917 ct
1575 4867 1850 4935 quatenus
1877 4856 2244 4935 affirmativa:

815 4950 896 5010 11.
930 4948 1027 5009 An
1052 4953 1127 5011 sit
1157 4952 1305 5012 loom
1331 4951 1535 5011 unioni
1576 4950 1746 5029 leqati
1780 4949 1971 5027 [avora
2002 4947 2248 5029 Cappel-
2283 4938 2286 4941 ’

692 5043 888 5106 tanim
926 5044 1225 5107 ordinatae
1260 5064 1300 5107 a
1333 5045 1578 5126 quodam
1617 5040 1828 5106 Carolo
1854 5039 2135 5113 Scaccia,
2183 5044 2249 5102 in
2283 5044 2286 5047 '

2281 5206 2286 5217 ,
2356 5136 2456 5198 sed
2507 5156 2644 5198 cum
2704 5136 2960 5199 Auditor
3007 5130 3378 5197 sanctissimi
3426 5125 3897 5189 controversiam

694 5146 958 5200 οωιιοτσ.

802 5340 954 5391 Sacra
982 5342 1179 5411 Congr.
1203 5341 1510 5410 respondit:

886 5428 1179 5496 Negoeeive,
1205 5440 1257 5482 el
1282 5428 1519 5499 amplius
1540 5466 1553 5480 .

1855 463 2302 536 QuffisTtoNEs
2339 462 2565 518 CANON
2572 464 2696 519 10AE

2797 618 3158 693 QUAEsTlo
3192 617 3401 685 CLIII.

2432 807 2504 868 In
2545 806 2735 870 Caum
2764 808 3010 870 Fanensi
3039 809 3398 873 Reductionis
3424 813 3745 877 Missurum
3767 862 3787 887 ,

2767 904 2857 964 die
2883 909 2978 966 13.
3009 904 3232 986 Aprilis
3263 911 3438 970 1720.

2345 1034 2762 1151 Sebastianus
2781 1089 2857 1151 de
2878 1089 3205 1172 Arnolphis
3224 1111 3375 1154 anno
3397 1097 3571 1155 1496.
3594 1113 3734 1157 suos
3754 1094 3890 1158 uni·

2336 1183 2596 1245 versatos
2622 1183 2903 1246 haeredes
2929 1185 3249 1266 gravavit,
3281 1196 3348 1248 ut
3378 1186 3441 1248 in
3467 1188 3731 1252 Ecclesia
3771 1187 3886 1250 Ca-

2339 1276 2597 1339 tbedrali
2619 1276 2917 1339 Sacellum
2938 1286 3351 1342 construerent
3373 1282 3488 1342 sub
3507 1281 3891 1345 invocatione

2337 1371 2441 1432 SS.
2477 1371 2759 1451 Corporis
2790 1371 3049 1446 Christi,
3079 1381 3138 1435 et
3166 1373 3320 1437 illud
3344 1374 3621 1437 dotarent
3655 1377 3716 1437 in
3746 1376 3887 1438 Flo-

2342 1466 2501 1527 renis
2549 1471 2683 1528 100.
2744 1467 3132 1530 investiendis
3174 1467 3241 1530 in
3286 1469 3482 1531 bonis*
3513 1470 3835 1532 stabilibus
3867 1518 3883 1541 ‚

2335 1579 2600 1640 qnorum
2630 1561 2857 1623 reditus
2888 1581 2995 1642 pro
3016 1563 3282 1644 ejusdem
3311 1564 3527 1626 Sacelli
3551 1564 3885 1630 officiatum

2343 1655 2636 1718 inservire
2659 1657 2947 1718 deberent
2974 1702 2992 1729 ,
3031 1665 3090 1718 et
3133 1658 3314 1738 paulo
3338 1667 3468 1739 post
3490 1658 3748 1721 Michael
3772 1662 3891 1722 Aa·

2331 1749 2510 1831 'gelus
2538 1749 2886 1831 Arnolphus
2918 1751 3254 1814 Sebastiani
3297 1751 3486 1815 frater
3513 1753 3710 1813 eidem
3738 1753 3892 1834 Cap-

2348 1844 2538 1922 pellae
2564 1844 2814 1924 reliquit
2847 1843 2997 1906 alios
3040 1845 3452 1908 Florenos50.
3476 1847 3538 1907 in
3564 1846 3746 1909 bonis
3766 1856 3891 1910 sta-

2347 1937 2573 1998 bilibus
2599 1940 2823 2017 pariter
2854 1939 3278 2002 investiendos.

2469 2032 2821 2094 Vincentius
2844 2034 2919 2094 de
2946 2032 3273 2114 Arnolphis
3310 2033 3555 2114 cupiens
3581 2078 3600 2107 ‚
3633 2033 3762 2114 pias
3782 2033 3892 2095 Se-

2351 2124 2629 2200 bastiam,
2660 2136 2720 2188 et
2745 2126 3059 2189 Michaelis
3086 2125 3299 2209 Angeli
3330 2127 3525 2189 Patris
3543 2173 3560 2200 ,
3590 2145 3661 2188 ac
3684 2126 3894 2188 Patrui

2351 2220 2677 2301 respective
2720 2221 3059 2290 voluntates
3108 2221 3446 2283 executioni
3494 2221 3894 2294 demandare,

2349 2334 2502 2377 anno
2533 2319 2705 2378 1554.
2734 2316 2975 2379 devenit
3001 2316 3077 2378 ad
3110 2315 3569 2377 transactionem
3603 2334 3742 2377 cum
3783 2315 3896 2378 Ca·

2351 2411 2585 2472 nouicis
2616 2412 2883 2494 ejusdem
2930 2410 3229 2474 Ecclesiae
3270 2409 3644 2472 Cathed‘ralis
3669 2453 3686 2483 ,
3729 2418 3788 2471 et
3832 2428 3899 2473 se

2350 2505 2644 2588 obligavit
2692 2505 2891 2587 quoad
2944 2525 3134 2586 usque
3171 2505 3359 2566 dictos
3411 2504 3701 2565 Florenos
3757 2508 3893 2565 150.

2351 2600 2767 2676 persolvisset,
2799 2599 3036 2662 tradere
3078 2599 3351 2680 quolibet
3392 2617 3554 2661 anno
3580 2597 3898 2659 Canonicis

2351 2692 2638 2754 Florenos
2657 2703 2881 2773 septem
2909 2694 3333 2756 constituentes
3358 2711 3657 2754 summam
3698 2699 3897 2753 scuto-

2348 2803 2487 2847 rum
2518 2787 2700 2848 trium
2725 2832 2742 2860 ,
2772 2796 2833 2848 et
2869 2786 3192 2852 obulorum
3220 2794 3353 2847 octo
3383 2794 3661 2847 monetae
3683 2787 3899 2848 Roma-

2352 2896 2464 2941 nae
2485 2925 2500 2952 ,
2530 2888 2590 2941 et
2617 2900 2651 2941 e
2677 2889 2886 2942 contra
2908 2880 3191 2943 Canonici
3238 2878 3687 2960 promiserunt,
3738 2887 3798 2939 et
3836 2898 3900 2940 so

2350 2975 2699 3057 obligarunt
2725 2975 3029 3055 perpetuis
3057 2975 3281 3036 suturis
3320 2974 3698 3054 temporibus
3742 2973 3898 3034 cele-

2350 3069 2530 3131 brare
2562 3070 2625 3129 in
2657 3068 2863 3131 eadem
2892 3068 3175 3151 Cappella
3214 3075 3335 3130 tres
3367 3068 3579 3128 Missas
3625 3065 3901 3146 qualibet

2350 3163 2722 3226 hebdomada
2746 3210 2763 3238 ,
2793 3183 2863 3226 ac
2889 3183 3162 3226 annuum
3197 3163 3475 3225 Officium
3522 3172 3900 3224 mortuorum

2347 3278 2484 3321 cum
2514 3261 2692 3322 Missa
2722 3268 2962 3322 cantata
2986 3306 3002 3332 ‚
3037 3259 3351 3339 solitisque
3389 3256 3803 3327 orationibus,
3840 3263 3904 3316 et

2347 3353 3017 3416 commemorationibus
3030 3372 3141 3432 pro
3155 3352 3489 3414 Animabus
3504 3358 3904 3420 mortuorum,

2349 3455 2409 3507 et
2431 3447 2708 3508 vivorum
2739 3450 2965 3508 Domus
2984 3447 3059 3509 de
3086 3446 3413 3525 Arnolphis
3428 3489 3446 3519 ,
3476 3445 3591 3511 hoc
3616 3442 3901 3523 superad-

2349 3540 2476 3602 dito
2508 3541 2748 3621 speciali
2788 3550 2980 3622 pacto,
3007 3542 3169 3622 quod
3193 3527 3560 3601 cessantibus
3581 3534 3899 3598 Canonicis

2349 3635 2412 3694 in
2438 3635 2840 3698 celebratione
2868 3635 3165 3697 dictarum
3201 3633 3521 3696 Missarum
3539 3676 3556 3702 ,
3588 3638 3648 3693 et
3674 3628 3897 3703 Officii,

2352 3727 2586 3790 licitum
2629 3739 2782 3791 esset
2827 3729 3148 3791 Vincentio
3173 3777 3187 3799 ,
3228 3729 3478 3809 ejusque
3534 3723 3901 3785 haeredibus

2349 3823 2585 3885 easdem
2617 3824 2826 3886 Missas
2856 3822 3146 3885 celebrari
3173 3821 3368 3884 facere
3395 3836 3502 3901 per
3528 3818 3680 3881 alios
3698 3818 3901 3881 Sacer-

2351 3917 2539 3992 dotes,
2572 3920 2754 3980 etiam
2782 3918 2945 3999 quod
2969 3936 3089 3980 non
3113 3922 3308 3978 essent
3328 3913 3403 3976 de
3425 3914 3583 3975 dicta
3610 3911 3894 3974 Ecclesia.

2470 4010 2543 4073 In
2597 4012 2722 4073 vim
2773 4010 2953 4093 hujus
3001 4009 3158 4089 pacti
3192 4056 3209 4080 ,
3258 4007 3544 4070 Canonici
3592 4004 3900 4087 protestati

2350 4114 2522 4179 sunt,
2552 4124 2615 4167 se
2656 4105 2816 4165 nolle
2839 4104 3215 4184 inposterum
3244 4101 3603 4164 continuare
3636 4099 3701 4160 in
3745 4098 3901 4181 cele-

2352 4199 2627 4262 bratione
2673 4188 2992 4260 Missarum
3018 4245 3034 4267 ,
3087 4204 3313 4258 attenta
3347 4193 3699 4271 tenuissima
3744 4192 3903 4254 elee-

2353 4313 2600 4375 mosyna
2629 4341 2646 4363 ‚
2683 4312 2841 4373 quae
2873 4292 2978 4353 vix
3014 4289 3281 4353 ascendit
3322 4289 3397 4351 ad
3428 4287 3679 4350 obulum
3711 4305 3899 4347 unum

2351 4406 2461 4467 pro
2479 4386 2752 4467 qualibet
2775 4387 2979 4456 Missa,
3009 4384 3255 4465 quando
3277 4383 3341 4443 in
3371 4380 3637 4443 Dioecesi
3665 4379 3896 4441 Fanen-

2350 4478 2727 4562 eleemosyna
2775 4480 3073 4541 manualis
3106 4485 3196 4540 est
3220 4476 3404 4537 unius
3427 4475 3565 4556 julii
3599 4491 3707 4553 pro
3738 4490 3891 4552 qua-

2347 4573 2522 4647 libet;
2550 4592 2809 4655 cumque
2831 4574 2989 4635 hanc
3011 4571 3498 4652 protestationem
3522 4567 3894 4629 intimassent

2350 4667 2614 4729 Antonio
2632 4666 2945 4748 Arnolpho
2968 4666 3213 4739 haeredi
3237 4662 3538 4725 vincentii
3571 4658 3901 4739 transigen-

2357 4762 2472 4834 tis,
2504 4762 2663 4823 idem
2690 4779 2869 4843 aegre
2894 4761 3094 4822 ferens
3137 4759 3320 4839 hujus
3348 4754 3549 4817 oneris
3575 4754 3638 4813 in
3687 4770 3752 4812 se
3798 4770 3896 4812 as·

2353 4856 2801 4936 sumptionem,
2832 4854 3070 4916 eosdem
3093 4852 3426 4914 Canonioos
3447 4844 3794 4929 provocavit
3820 4842 3901 4905 ad

2354 4951 2427 5011 A.
2460 4948 2524 5010 C.
2555 4947 2897 5018 Gentilem,
2931 4947 3046 5008 sub
3085 4946 3335 5008 obtentu
3377 4939 3732 5023 pendentiae
3766 4937 3944 5005 litis..

2356 5060 2548 5122 usque
2595 5043 2674 5104 ab
2702 5061 2862 5103 anno
2911 5042 3085 5102 1664.
3134 5056 3337 5101 coram
3374 5038 3466 5097 A.
3498 5034 3562 5095 C.
3603 5034 3853 5093 Areosto
3872 5075 3892 5106 ,

2356 5232 2555 5311 quoad
2617 5230 3026 5292 reductionem
3089 5225 3407 5287 Missarum
3459 5218 3760 5282 remiserit
3822 5219 3902 5281 ad

2283 5332 2286 5335 ’
2355 5324 2516 5386 hanc
2540 5325 2783 5387 Sacram
2816 5320 3388 5405 congregationem,
3443 5322 3573 5395 post
3625 5312 3903 5375 auditum

2357 5417 2431 5479 de
2459 5437 2625 5479 more
2650 5416 3087 5489 Ordinarium,
3117 5411 3323 5476 omnia
3350 5406 3653 5491 praedicta
3675 5404 3900 5468 confir-
