4393 6299
970 480 1040 530 cs
1982 474 2433 547 Quaeas‘rtossss
2473 475 2838 533 cmomcae

782 629 939 691 edita
972 629 1085 692 suit
1119 646 1309 710 usque
1334 629 1413 692 de
1433 648 1597 692 anno
1628 634 1802 692 1519.
1838 629 2158 711 utriusque
2182 648 2338 710 qua-

2446 627 2716 692 filiarum
2763 631 3068 704 Thomae,
3104 628 3169 690 in
3213 632 3512 709 quantum
3539 619 3706 687 filiae
3745 619 4000 687 Ursulae

783 724 970 786 litatis
1009 744 1334 786 concursus
1391 723 1726 787 faciliorem
1785 725 2039 788 reddere
2094 724 2339 786 videtur
2447 734 2622 788 erant
2672 735 2850 788 natae
2887 734 3157 805 tempore
3200 721 3426 785 conditi
3473 720 3889 792 Testamenti,
3938 724 4002 782 et

781 818 1042 898 gratiam
1064 862 1082 890 ,
1114 838 1224 897 pro
1252 837 1373 898 qua
1390 817 1788 898 supplicatur.

905 913 1196 975 instantia
1221 913 1513 975 Oratricis
1535 912 1652 975 suit
1680 934 1717 975 a
1743 913 2070 975 Sanctitate
2100 914 2222 975 Sua
2258 912 2336 975 ad

781 1005 940 1069 hanc
980 1007 1042 1070 S.
1075 1006 1613 1088 Congregationern
1645 1009 1891 1070 remissa
1915 1053 1931 1081 ,
1976 1028 2134 1088 quae
2156 1010 2337 1089 juxta

784 1122 1034 1172 morem,
1060 1100 1442 1163 Eminentissi
1452 1121 1617 1163 mum
1636 1101 2335 1164 Archiconsraternitatis

779 1195 1201 1259 Sanctissimae
1218 1196 1724 1259 Annunciationis
1746 1198 2147 1260 Protectorem
2166 1197 2336 1260 audi·

780 1310 848 1353 re
868 1290 1083 1352 voluit.

898 1384 1097 1447 Sensit
1139 1404 1215 1447 au
1227 1394 1343 1446 tem
1401 1385 1930 1448 Eminentissimus
1983 1387 2294 1449 Protector
2313 1431 2331 1461 ,

784 1498 902 1540 non
931 1500 1057 1542 ωδε
1098 1480 1297 1542 locum
1329 1483 1596 1563 gratiae;
1626 1480 1823 1561 primo
1850 1481 1997 1561 quia
2030 1483 2330 1545 Testatrix

777 1574 1106 1655 disposuit,
1143 1578 1308 1657 quod
1343 1577 1673 1657 unicuique
1690 1596 1767 1639 ex
1806 1575 2052 1638 filiabus
2080 1575 2335 1639 Ursulae

779 1670 976 1749 neptis
1001 1716 1018 1742 ,
1056 1690 1215 1750 quae
1243 1671 1630 1734 matrimonio
1649 1673 1863 1753 juncta
1884 1680 2017 1733 erat
2051 1690 2190 1733 cum
2219 1670 2333 1733 Co·

779 1765 925 1826 mite
946 1763 1168 1826 Ora-ino
1183 1810 1199 1838 ,
1231 1764 1525 1845 assignari
1549 1773 1788 1845 possent
1806 1775 1975 1833 scuta
1996 1770 2135 1827 400.
2155 1763 2328 1845 quasi

775 1859 974 1938 quod,
999 1858 1048 1919 si
1074 1860 1156 1921 ita
1183 1859 1479 1939 disposuit
1509 1859 1719 1925 favore
1750 1859 2023 1924 filiarum
2049 1858 2327 1931 Ursulae,

773 1960 837 2014 et
873 1972 994 2013 non
1041 1951 1250 2015 favore
1294 1952 1562 2015 filiarum
1608 1953 1913 2028 Thomae,
1960 1963 2329 2016 memoratae

774 2045 1120 2109 Testatricis
1158 2045 1440 2109 voluntas
1472 2047 1785 2110 adversari
1807 2048 2105 2112 censenda
2130 2051 2210 2111 sit
2232 2066 2328 2111 as-

772 2138 1096 2220 signationi
1125 2139 1332 2255 favore
1358 2141 1659 2223 Angelae,
1701 2160 1861 2224 quae
1885 2151 1976 2205 est
2003 2141 2133 2204 filia
2162 2140 2328 2204 Tho-

774 2254 929 2298 mae.

887 2304 1194 2402 Secundo,
1238 2330 1393 2411 quia
1415 2330 1612 2394 Maria
1657 2308 1960 2394 Testatrix
2007 2329 2327 2413 prohibuit

769 2422 1218 2506 derogationem
1237 2445 1383 2488 suae
1403 2424 1761 2498 voluntatis,
1781 2436 1930 2491 sotto
1941 2429 2326 2506 qualsivoqlia

764 2532 1034 2599 pretato,
1058 2543 1303 2594 accusa,
1325 2524 1524 2584 conche
1546 2524 1893 2593 neccssaria,
1937 2542 1971 2583 o
2001 2524 2327 2584 necessaris-

768 2616 937 2686 sima,
957 2619 1128 2676 ctiam
1150 2619 1213 2675 da·
1235 2621 1517 2697 conqiunz
1483 2620 1643 2678 ..ione
1662 2618 1725 2677 di
1741 2638 1974 2697 suaque,
2001 2617 2146 2680 hinc
2168 2616 2325 2680 infe-

770 2708 958 2769 rende
981 2754 999 2779 ,
1037 2709 1200 2789 quod
1248 2712 1458 2790 nequit
1490 2730 1618 2773 esse
1663 2712 1830 2774 locus
1859 2711 2321 2774 commutationi

769 2798 1121 2873 voluntatis,
1148 2802 1210 2862 in
1230 2823 1372 2865 casu
1396 2804 1471 2865 de
1491 2824 1616 2889 quo
1637 2824 1798 2866 nunc
1819 2805 2044 2887 agitur,
2066 2824 2209 2867 cum
2231 2824 2327 2868 ea·

768 2893 904 2955 dem
932 2896 1245 2977 sanguinis
1272 2898 1679 2978 conjunctioni
1703 2899 1915 2963 innixa
1942 2899 2062 2970 sit„

886 2990 1113 3063 Tertio,
1137 2990 1281 3070 quia
1306 3009 1416 3071 pro
1445 2990 1874 3055 distributione
1895 3003 2162 3074 quatuor
2183 2994 2326 3056 sub·

767 3082 1063 3145 sidiorum
1087 3084 1381 3147 dotalium
1410 3087 1810 3167 requiruntur
1827 3098 1996 3152 scuta
2012 3093 2151 3151 200.
2174 3107 2325 3170 quo·

769 3177 917 3240 libet
947 3198 1144 3253 anno,
1195 3189 1256 3240 et
1279 3179 1456 3261 juxta
1493 3190 1718 3243 statum
1754 3193 2129 3263 praesentem
2159 3177 2320 3245 dicta

764 3282 933 3336 scuta
957 3279 1097 3335 200.
1133 3294 1251 3336 non
1297 3274 1633 3350 habentur,
1661 3296 1801 3339 cum
1832 3278 2116 3341 deficiant
2152 3287 2323 3342 scuta

770 3372 867 3429 38.
899 3377 958 3431 et
984 3371 1084 3431 ob.
1122 3374 1216 3430 17.
1247 3369 1524 3451 Cumque
1547 3372 1850 3435 Testatrix
1893 3372 1957 3434 in
1986 3373 2101 3436 hac
2122 3373 2320 3456 hypo·

768 3463 917 3525 thesi
947 3463 1433 3538 demandaverit,
1457 3466 1620 3546 quod
1640 3466 1910 3529 subsidia
1944 3467 2168 3531 dotalia
2196 3488 2316 3532 non

767 3551 1274 3621 distribuerentur
1291 3608 1309 3632 ,
1331 3561 1434 3621 sed
1467 3561 1629 3641 quod
1661 3560 1832 3623 tieret
1860 3560 2271 3643 multiplicum
2296 3610 2315 3639 ,

767 3671 1081 3732 usquequo
1123 3674 1362 3718 summa
1400 3655 1732 3719 necessaria
1770 3655 2068 3738 completa
2094 3657 2212 3728 sit,
2256 3661 2323 3720 in

765 3749 851 3809 tal
881 3769 1010 3809 caso
1033 3750 1236 3809 ordine
1259 3794 1277 3822 ,
1308 3753 1406 3812 che
1433 3754 1487 3812 si
1502 3745 1686 3818 Vdcbba
1710 3753 2062 3832 ”pruscam
2081 3755 2146 3813 in
2181 3754 2322 3817 darc

763 3843 903 3901 detti
922 3844 1161 3920 susidj,
1201 3853 1435 3906 tantum
1468 3845 1671 3918 abest,
1705 3855 1772 3907 ut
1798 3845 2002 3926 inquit
2028 3846 2320 3911 Eminen-

766 3935 1043 3997 tissimus.
1080 3937 1420 4012 protector,
1468 3938 1637 4019 quod
1680 3936 2055 4002 fierivaleat
2096 3939 2322 4002 borum

762 4029 1173 4093 subsidiorum
1198 4031 1527 4113 assignatio
1554 4033 1764 4096 favore
1789 4032 2082 4096 Oratricis
2104 4083 2122 4107 ,
2153 4033 2320 4116 quod

763 4124 843 4184 ab
886 4124 1054 4186 omni
1101 4145 1315 4188 eorum
1357 4125 1785 4189 distributione
1810 4136 1899 4190 est
1923 4127 2319 4210 superseden-

761 4218 931 4280 dum.

881 4310 1045 4373 Haec
1061 4319 1204 4373 sunt
1225 4310 1635 4377 fundamenta
1644 4314 1898 4379 deducta
1936 4319 1998 4379 in
2023 4317 2320 4384 relatione

758 4404 1232 4466 Eminentissimi
1260 4406 1662 4480 protectoris,
1694 4428 1960 4488 quorum
1985 4411 2320 4493 uuicuique

758 4500 1118 4579 respondere
1141 4501 1359 4582 satagit
1386 4500 1679 4565 Oratricis
1701 4504 2101 4582 Procurator
2083 4525 2149 4568 m
2170 4526 2318 4589 sup·

761 4593 898 4673 plici
932 4593 1139 4654 libello
1172 4614 1276 4675 per
1308 4614 1523 4657 manus
1548 4589 2051 4662 circumferendo.

877 4687 1036 4750 Dicit
1050 4699 1253 4750 autem
1276 4709 1397 4752 non
1412 4690 1655 4755 obstare
1674 4693 1940 4774 primum
1962 4693 2320 4772 fundamen-

759 4793 888 4844 tum
916 4781 1236 4845 dednctum
1271 4804 1349 4846 ex
1380 4786 1774 4865 permissione
1795 4790 2140 4853 Testatricis
2164 4791 2315 4854 assi·

755 4875 981 4955 gnandi
1027 4886 1192 4939 scuta
1222 4881 1360 4939 400.
1394 4899 1504 4960 pro
1550 4900 1921 4962 unaquaque
1946 4903 2024 4945 ex
2070 4882 2319 4947 filiabus

762 4969 1053 5041 Ursulae,
1075 4971 1241 5051 quod
1262 4993 1381 5034 uon
1406 4973 1526 5036 fuit
1549 4975 1907 5056 dispositum
1929 4977 2136 5042 favore
2162 4979 2319 5043 filia·

758 5086 894 5127 rum
930 5065 1232 5140 Tbomae,
1282 5068 1430 5148 quia
1483 5069 1678 5132 Maria
1730 5071 2030 5135 Testatrix
2070 5074 2314 5155 aequali

755 5178 962 5221 amore
988 5178 1051 5220 es
1055 5168 1075 5220 t
1103 5170 1414 5239 prosecuta
1439 5162 1761 5237 Thomam,
1784 5175 1844 5226 et
1864 5166 2146 5230 Ursulam
2174 5187 2317 5230 suos

756 5273 832 5315 ex
880 5251 1070 5315 fratre
1119 5266 1361 5334 nepotes
1387 5300 1403 5328 ,
1441 5277 1581 5318 cum
1639 5268 1930 5340 utrosque
1976 5261 2315 5343 aequaliter

758 5345 1045 5408 baeu-edes
1067 5345 1430 5423 instituerim
1453 5369 1718 5432 cumque
1744 5352 1808 5414 iu
1836 5364 2072 5418 tautum
2112 5356 2314 5436 dispo·

752 5438 942 5504 suerit
973 5438 1178 5503 favore
1210 5440 1479 5507 tiliarum
1526 5445 1778 5512 Ursulae
1797 5493 1818 5532 ,
1866 5459 1926 5512 et
1953 5470 2075 5514 non
2107 5449 2317 5516 favore

2445 819 2678 883 familia
2709 820 2961 893 Ursiua,
2984 819 3048 881 in
3066 836 3186 899 qua
3210 815 3427 880 Ursula
3456 822 3643 895 nupta
3671 823 3831 883 erat,
3858 831 4003 895 pan·

2447 925 2675 996 pertate
2701 916 3057 988 laborabat,
3091 912 3337 994 quando
3375 932 3411 972 e
3436 919 3647 973 contra
3679 920 3822 971 tunc
3846 916 4001 969 tem-

2444 1009 2607 1089 poris
2626 1009 2888 1072 Thomas
2918 1023 3172 1070 uxorem
3196 1025 3316 1068 non
3345 1005 3646 1076 duxerat,
3679 1012 3741 1065 et
3767 1003 4001 1063 Domus

2441 1104 2900 1186 Boncompagna
2914 1112 3057 1165 tunc
3076 1099 3602 1165 commoditatibus
3621 1097 3995 1170 abundabat,

2441 1195 2585 1260 hinc
2600 1209 2712 1271 est,
2734 1197 2974 1260 nullutn
2995 1217 3071 1260 ex
3093 1195 3418 1271 omissione
3437 1192 3704 1255 filiarum
3727 1191 3998 1253 Thomae

2439 1292 2653 1355 deduci
2682 1313 2850 1374 posse
2870 1300 3297 1375 argumentum
3324 1290 3400 1352 ad
3426 1308 3554 1350 rem
3578 1332 3596 1362 ,
3623 1288 3698 1348 de
3718 1305 3841 1366 qua
3863 1283 3999 1365 agi·

2440 1396 2541 1451 tur
2559 1433 2577 1461 ,
2607 1389 2710 1450 sed
2762 1395 3179 1469 praesumptae
3207 1384 3428 1467 potius,
3463 1391 3524 1445 et
3550 1384 3995 1463 conjecturatae

2441 1484 2626 1546 menti
2654 1481 2998 1546 Testatricis
3020 1500 3149 1544 esse
3175 1499 3345 1562 posse
3370 1478 3595 1561 locum,
3626 1474 3947 1539 asserendo
3971 1521 3992 1546 ,

2439 1579 2602 1660 quod
2622 1579 2672 1642 si
2697 1579 2930 1641 ratione
2955 1573 3326 1660 paupertatis
3351 1572 3437 1636 sic
3463 1570 3755 1653 disposuit
3784 1567 3998 1632 favore

2437 1674 2707 1748 filiarum
2755 1672 3046 1745 Ursulae,
3076 1678 3226 1733 emet
3267 1668 3383 1731 hoc
3400 1666 3585 1731 etiam
3623 1664 3856 1728 factura
3880 1709 3898 1737 ,
3941 1661 3997 1726 si

2439 1768 2630 1832 filiam
2641 1769 2926 1835 „Thomas
2950 1767 3183 1830 videret
3207 1770 3559 1847 paupertate
3585 1761 3993 1832 laborantem,

2437 1874 2497 1926 et
2512 1864 2782 1927 subsidio
2806 1862 3177 1945 indigentem
3192 1878 3302 1941 pro
3322 1855 3652 1921 emittenda
3670 1852 3997 1918 Professio·

2438 1978 2516 2021 ne
2536 1957 2844 2041 Regulari.
2905 2026 2906 2029 Ἴ
2955 2024 2970 2033 ς

2554 2053 2713 2116 Dicit
2735 2051 2996 2116 ulterius
3015 2048 3308 2113 Defensor
3322 2092 3340 2122 ,
3372 2065 3495 2109 non
3521 2044 3766 2108 obstare
3785 2059 3997 2106 secun·

2435 2145 2582 2208 dum
2616 2145 3080 2227 fundamentum
3109 2142 3494 2223 desumptum
3520 2158 3596 2202 ex
3627 2135 3996 2219 prohibitio-

2438 2255 2515 2305 ne
2531 2238 3028 2304 commutationis
3052 2239 3234 2302 etiam
3268 2236 3383 2300 sub
3409 2235 3661 2298 obtentu
3687 2229 3996 2313 urgentis-

2432 2328 2876 2408 simae'causae,
2900 2343 2957 2397 et
2981 2330 3423 2416 conjunctionis
3437 2326 3776 2409 sanguinisg
3796 2342 3997 2406 quan-

2433 2430 2760 2512 doquidem
2777 2428 3127 2512 assignatio,
3165 2447 3275 2508 pro
3292 2444 3414 2507 qua
3437 2421 3813 2505 supplicatur
3830 2466 3848 2494 ,
3871 2437 3997 2483 non

2437 2527 2677 2589 videtur
2698 2525 3028 2607 importare
3055 2521 3595 2591 commutationem
3613 2514 3946 2580 voluntatis
3968 2558 3992 2588 ,

2431 2622 2533 2683 sed
2563 2620 3120 2702 interpretationem
3143 2663 3161 2693 ,
3191 2626 3252 2680 et
3274 2615 3521 2698 quidem
3550 2632 3673 2674 non
3691 2610 3993 2673 divinato-

2435 2717 2587 2779 riam
2609 2762 2628 2790 ,
2673 2716 2776 2777 sed
2803 2706 3116 2788 innixam,
3137 2710 3497 2792 conjecturis
3519 2754 3537 2782 ,
3570 2716 3630 2770 et
3672 2722 3994 2787 argumen-

2432 2812 2508 2874 tis
2536 2830 2722 2891 supra
2750 2809 2955 2872 relatis
2976 2855 2994 2882 ,
3023 2817 3084 2871 et
3115 2825 3156 2871 a
3179 2808 3560 2869 Testamento
3586 2800 3941 2882 desumptis.

2547 2904 2705 2965 Dicit
2729 2903 3023 2983 denique,
3049 2920 3169 2962 non
3197 2919 3326 2961 esse
3355 2896 3691 2961 faciendam
3739 2894 3868 2955 vim
3911 2893 3981 2956 in
4099 2973 4104 2977 ἢ

2427 2996 2817 3077 suspensione
2868 2993 3368 3079 distributionum
3396 3036 3414 3066 ,
3471 2990 3620 3071 quia
3674 2986 3991 3069 suspensio

2429 3110 2608 3154 suum
2645 3089 2899 3161 initium
2937 3088 3164 3152 babere
3198 3086 3426 3169 poterit·
3454 3093 3589 3167 post
3626 3081 3988 3165 assignatio-

2431 3208 2567 3251 nem
2591 3232 2607 3260 ,
2651 3187 2726 3248 de
2765 3204 2892 3267 qua
2940 3204 3103 3246 nunc
3128 3182 3332 3265 agitur
3357 3228 3375 3256 ,
3409 3190 3469 3243 et
3509 3178 3702 3242 multo
3751 3176 3940 3259 magis
3962 3222 3984 3252 ,

2426 3275 2574 3363 quia
2600 3282 2675 3343 de
2687 3281 2808 3343 bae
2828 3278 3217 3361 suspensione
3237 3297 3357 3339 non
3390 3275 3505 3337 fuit
3533 3274 3741 3337 habita
3784 3271 3939 3334 ratio
3961 3317 3983 3347 ,

2428 3376 2674 3458 quando
2706 3374 2929 3437 Puellis
2982 3373 3231 3435 suerunt
3257 3370 3558 3452 assignata
3605 3365 3872 3429 subsidia
3917 3364 3988 3428 in

2428 3479 2618 3534 totum
2670 3469 3024 3532 conflantia·
3053 3486 3354 3530 summam
3405 3472 3713 3527 scutorum
3753 3465 3980 3533 2450..

2427 3577 2487 3627 et
2537 3564 2783 3647 quando
2831 3564 3107 3645 quinque
3155 3561 3402 3624 filiabus
3448 3558 3700 3622 Ursulae
3731 3554 3985 3620 fuerunt

2428 3658 2567 3721 data
2593 3669 2761 3721 scuta
2809 3661 2949 3722 400.
3005 3675 3115 3738 pro
3146 3654 3452 3744 qualibet,
3483 3661 3542 3716 et
3563 3651 3650 3713 sic
3677 3649 3740 3713 in
3793 3658 3991 3713 totum

2426 3762 2595 3816 scuta
2609 3757 2794 3815 2000.
3043 3795 3056 3806 ,

2483 3877 2490 3884 ·
2546 3847 2659 3910 His
2685 3846 2986 3909 stantibus
3014 3843 3332 3925 quaeritur
3352 3887 3371 3916 ,

2543 3941 2640 4002 An
2655 3943 2732 4002 sie
2751 3942 2900 4002 ὶοσω
2925 3939 3612 4019 animumanimumum
3639 3936 3780 3996 400.
3803 3933 3870 3993 in
3891 3950 3987 3995 co-

2425 4058 2496 4124 SU
2519 4047 2624 4098 αθ.

2535 4230 2676 4290 Sacr.
2703 4227 2901 4295 congr.
2931 4185 3238 4294 responditi

2507 4329 2512 4334 ·
2602 4317 2724 4369 -Pe‘o
2752 4313 2972 4381 ‚Ge-aeia.
3163 4336 3170 4345 ·

2937 4519 3301 4616 QUAEsno
3329 4520 3462 4582 Lx.

2445 4791 2450 4797 ·
2504 4760 2576 4823 In
2613 4760 2809 4825 Causa
2841 4756 3139 4821 casalensi
3166 4751 3658 4834 Irreqularitaeis,
3683 4751 3772 4811 dio
3798 4751 3897 4812 24.

2919 4851 3264 4934 Septembris
3299 4851 3473 4910 1718.

2429 5019 2750 5137 Sacerdos
2776 5072 2988 5134 Petrus
3028 5023 3288 5131 Jacobus
3315 5063 3595 5146 Rampini
3624 5062 3980 5138 contendit,

2422 5190 2485 5232 se
2509 5189 2632 5231 non
2654 5166 2982 5230 incurrisse
3004 5161 3537 5243 irregularitatem,
3557 5177 3677 5220 nou
3700 5158 3981 5220 obstante

2421 5265 2717 5328 occisione
2766 5259 2978 5342 Angeli
3015 5256 3244 5321 Mariae
3277 5254 3514 5318 Colletti
3542 5297 3560 5327 ,
3591 5263 3652 5315 et
3677 5260 3985 5333 quatenns

2423 5357 2776 5440 irregularis
2801 5376 2878 5417 ex
2917 5355 3077 5417 dicto
3109 5349 3455 5413 Homicidia
3479 5347 3803 5421 evasisset,
3832 5365 3982 5428 sup-

2423 5453 2606 5537 plicat
2632 5472 2747 5536 pro
2770 5447 3238 5534 dispensatione.
