4393 6299
909 465 1014 524 ¹³6

734 624 925 688 causa
955 628 1282 703 poneretur
1305 619 1367 680 in
1398 616 1540 680 solio
1567 664 1581 686 ,
1613 615 1733 677 duo
1757 613 2143 694 infrascripta
2171 611 2285 672 du·

736 719 837 782 bia
874 718 937 779 in
975 715 1268 799 praesenti
1293 710 1651 794 disputanda
1683 718 2124 792 proponuntur.

854 812 1130 876 Alterum
1177 807 1421 889 respicit
1453 805 1883 868 resolutionem
1909 811 2144 883 captam
2183 801 2274 863 die

732 909 927 991 prima
944 906 1169 989 Aprilis
1206 907 1380 964 1719.
1408 904 1472 964 in
1500 919 1657 983 qua,
1685 899 1774 960 uti
1818 917 2001 980 supra
2041 896 2157 959 ruit
2180 914 2287 958 ex-

736 1001 1044 1084 positum,
1096 1015 1450 1081 responsum
1491 1002 1621 1068 est,
1665 995 1908 1057 Missam
1956 992 2284 1054 solemnem

741 1116 861 1160 non
906 1115 1033 1160 esse
1076 1092 1408 1157 canendam
1457 1110 1493 1154 a
1535 1088 1837 1154 canonico
1881 1087 2285 1170 Coadjutore,

738 1192 842 1254 sed
873 1210 908 1255 a
940 1187 1243 1252 Canonico
1283 1186 1346 1248 in
1386 1184 1602 1249 ordine
1641 1184 2034 1256 succedent03
2064 1181 2287 1243 dicitur

736 1285 898 1347 enim
950 1283 1108 1347 hanc
1154 1280 1578 1345 resolutionem
1639 1280 1794 1343 bene
1843 1276 2168 1339 subsistere
2222 1275 2288 1336 in

741 1388 963 1461 puncto
981 1378 1169 1452 luris,
1191 1377 1292 1439 sed
1319 1396 1438 1438 non
1472 1394 1600 1437 esse
1619 1370 1935 1457 hypothesi
1957 1368 2290 1452 applicabi-

743 1475 886 1548 lem,
916 1481 1161 1555 propter
1185 1471 1499 1552 antiquam
1523 1467 1969 1532 observantiam
1986 1466 2289 1548 vigentem

744 1569 809 1630 in
874 1566 1137 1629 Ecclesia
1185 1563 1525 1628 Catbedrali
1576 1561 1781 1625 AEsina
1807 1606 1825 1635 ,
1875 1561 2052 1643 juxta
2104 1577 2292 1640 quam

742 1663 1158 1745 praetenditur
1220 1659 1553 1724 canonicos
1598 1657 1987 1740 coadjutores
2046 1655 2292 1718 Missam

744 1756 1027 1819 cecinisse
1049 1804 1068 1828 ,
1099 1764 1162 1819 et
1203 1775 1326 1818 non
1359 1751 1693 1818 canonicos
1735 1751 1800 1814 in
1832 1749 2047 1814 ordine
2092 1768 2293 1813 succe-

744 1853 972 1915 dentes.

864 1944 1139 2008 Alterum
1177 1941 1419 2023 respicit
1440 1943 1817 2023 praetensam
1864 1937 2295 2020 coadjutorum

746 2037 1184 2101 Canonicorum
1216 2034 1645 2120 obligationem
1691 2032 1944 2097 canendi
1970 2032 2182 2094 Missas
2221 2049 2297 2093 ex

746 2132 1010 2215 propriis
1058 2128 1330 2214 personis
1354 2174 1371 2204 ,
1421 2134 1554 2210 post
1591 2125 1956 2209 completum
2013 2126 2290 2187 Turnum

747 2225 1021 2289 omnium
1063 2226 1324 2289 aliorum
1366 2223 1852 2295 canonicorum,
1884 2230 1944 2284 et
1970 2220 2033 2282 in
2082 2219 2299 2282 ordine

745 2323 820 2384 ad
862 2321 977 2384 hoc
1003 2321 1257 2384 dubium
1288 2319 1576 2383 asseritur
1601 2364 1619 2393 ,
1649 2338 1772 2381 non
1820 2316 2028 2382 adesse
2073 2315 2296 2379 dictam

745 2415 1173 2499 obligationem
1200 2414 1639 2478 Canonicorum
1669 2412 2126 2496 coadjutorum,
2160 2415 2292 2474 tum

749 2511 895 2593 quia
924 2510 1311 2593 Coadjutores
1336 2557 1355 2582 ,
1391 2510 1652 2573 durante
1674 2508 1802 2572 vita
1855 2527 2066 2571 eorum
2091 2552 2109 2581 ,
2145 2526 2300 2588 quo·

747 2624 886 2669 rum
908 2613 1050 2666 sunt
1066 2604 1454 2686 coadjutores
1472 2648 1490 2677 ,
1520 2621 1640 2665 non
1663 2611 1806 2664 sunt
1832 2602 1962 2664 veri
1988 2600 2297 2675 Canonici,

750 2699 854 2762 sed
895 2698 1016 2761 ficti
1042 2743 1062 2773 ,
1096 2707 1225 2760 tum
1264 2696 1408 2778 quia
1435 2697 1485 2759 si
1514 2706 1862 2760 tenerentur
1880 2705 2016 2779 post
2044 2696 2304 2777 comple-

752 2803 880 2857 tum
927 2802 1177 2854 turnum
1236 2791 1497 2854 aliorum
1548 2792 1988 2855 canonicorum
2054 2791 2302 2854 Missam

749 2906 1005 2961 canere,
1050 2885 1415 2948 inservirent
1469 2904 1545 2947 ex
1590 2886 1853 2968 propriis
1894 2886 2206 2969 personis,
2240 2893 2301 2948 et

750 3001 814 3043 se
856 2980 1151 3044 baberent
1180 2980 1256 3043 ad
1295 2979 1485 3042 instar
1512 2979 1953 3043 Canonicorum
1996 2979 2303 3061 principa·

751 3074 901 3137 lium
926 3121 945 3151 ,
971 3073 1131 3157 quod
1151 3074 1238 3135 eis
1265 3091 1385 3134 non
1410 3072 1652 3136 videtur
1677 3092 1804 3136 esse
1829 3073 2208 3157 permissum.

868 3171 982 3233 His
999 3168 1328 3244 stantibus,
1355 3169 1705 3251 quaeritur:

866 3263 920 3326 1.
958 3264 1055 3326 Aa
1084 3267 1160 3327 sit
1187 3265 1454 3327 standum
1476 3309 1494 3338 ,
1524 3266 1611 3326 vel
1643 3265 2003 3326 recedendum
2029 3283 2068 3325 α
2106 3263 2303 3325 decisis

749 3360 841 3421 die
863 3361 1055 3441 prima
1082 3359 1304 3443 Aprilis
1334 3363 1508 3420 1719.
1544 3368 1598 3420 et
1625 3369 1903 3440 quatenus
1937 3358 2205 3420 standum
2229 3359 2305 3420 sit

750 3456 813 3513 in
847 3454 1066 3514 decisis:

868 3545 952 3605 11.
982 3544 1079 3606 Aa
1108 3543 1390 3608 Comici
1429 3542 1796 3624 Coadjutores
1833 3547 1897 3604 in
1924 3544 2121 3606 ordine
2160 3544 2305 3607 Pre-

749 3638 1023 3717 sbyterali
1042 3638 1356 3709 constituti,
1386 3649 1436 3697 et
1455 3637 1697 3699 Missum
1725 3640 2017 3700 solemnem
2035 3659 2151 3699 non
2169 3658 2304 3700 can-

751 3742 935 3793 tantes
977 3733 1043 3792 iu
1085 3732 1426 3793 hebdomada
1448 3778 1465 3805 ,
1493 3734 1674 3811 juxta
1716 3744 1952 3794 turnum
1993 3744 2308 3814 tanqenteas

751 3846 944 3888 eorum
965 3825 1286 3907 Coudjutis,
1313 3838 1611 3889 teneantur
1633 3828 1861 3889 eandem
1884 3828 2132 3891 Missam
2156 3848 2303 3892 can·

753 3933 875 3984 tare
906 3940 984 3984 ex
1006 3923 1257 4004 propriis
1292 3924 1543 4004 personis
1564 3933 1685 4004 post
1716 3925 2048 4004 completum
2070 3933 2306 3985 turnum

751 4018 1006 4078 omnium
1031 4018 1282 4079 aliorum
1311 4015 1731 4080 canonicorum
1755 4062 1775 4093 ‚
1804 4019 1871 4079 in
1889 4036 2026 4081 casu
2048 4028 2150 4079 etc.

860 4205 1004 4258 sacr.
1040 4205 1239 4276 Congr-
1279 4205 1588 4277 respondit:

934 4292 1033 4345 Ad
1059 4293 1299 4363 primum
1320 4333 1340 4362 ,
1395 4307 1449 4348 ee
1490 4295 1546 4347 in
1597 4293 1796 4348 decisis
1816 4330 1828 4340 -
1866 4294 1965 4347 Ad
2011 4296 2308 4349 secundum

749 4382 926 4434 teneri
949 4381 1025 4434 ad
1070 4382 1401 4436 cantandam
1428 4383 1654 4438 Missam
1670 4421 1691 4451 ‚
1720 4394 1780 4436 ut
1827 4386 2135 4455 compleant
2179 4387 2309 4438 Tur·

749 4486 880 4521 num
912 4469 1332 4545 cotroniensem.

1137 4665 1498 4768 QuAEsflo
1540 4692 1912 4757 cxxxvu.

885 4924 956 4984 In
980 4923 1171 4988 Causa
1198 4924 1543 4986 Bononiensi
1558 4924 1880 4989 Missurum
1904 4971 1922 5000 ,
1948 4928 2039 4989 die
2071 4932 2165 4989 16.

1267 5018 1582 5082 Decembris
1613 5023 1789 5082 1719.

753 5185 951 5299 Licet
991 5235 1218 5301 factum
1246 5235 1643 5320 primordiale
1664 5238 1851 5322 hujus
1869 5240 2097 5303 (lausae
2123 5238 2311 5301 suerit

753 5328 929 5410 plene
973 5329 1311 5412 expositum
1351 5330 1414 5393 in
1457 5331 1605 5394 solio
1636 5332 1962 5396 distributo
1989 5353 2115 5416 pro
2150 5333 2309 5397 con·

748 5423 1098 5504 gregatione
1128 5422 1340 5489 habita
1375 5428 1465 5488 die
1501 5432 1560 5488 9.
1613 5426 1957 5510 Septembris
1988 5433 2161 5493 1713.
2192 5478 2212 5501 ,
2248 5436 2307 5491 et

1892 459 2340 528 QUAE'STlONES
2389 457 2431 510 c
2444 455 2754 509 momen-3

2395 628 2504 689 pro
2529 606 2715 669 altera
2740 600 3211 686 Congregatione
3231 600 3439 664 habita
3462 600 3551 662 die
3581 604 3680 662 16.
3708 596 3943 664 Ianua*

2393 707 2473 763 rii
2509 707 2679 764 1717.
2704 749 2718 770 ,
2754 710 2820 762 ut
2861 697 3259 760 nihilominus
3296 697 3423 757 ΕΒ.
3472 696 3586 757 ΡΡ.
3641 715 3760 757 non
3802 716 3944 777 gra·

2394 807 2612 860 ventur
2660 813 2847 857 onere
2893 812 2963 856 ea
3017 790 3164 854 folia
3218 789 3623 853 reassumendi
3650 835 3667 863 ,
3727 808 3946 871 operae

2396 891 2654 974 pretium
2683 907 2810 951 esse
2832 886 3036 950 censui
3058 887 3284 948 dictum
3307 883 3699 966 primordiale
3720 883 3947 946 factum

2396 987 2599 1069 paucis
2631 1002 2952 1065 exponere.

2513 1082 2583 1144 ln
2617 1077 3078 1159 Metropolitana
3123 1073 3386 1137 Ecclesia
3423 1072 3784 1134 Bononiensi
3821 1091 3947 1134 non

2395 1176 2589 1238 solum
2625 1174 2792 1237 adest
2832 1171 3179 1253 Capitulum
3207 1168 3651 1232 canonicorum
3678 1213 3696 1241 ,
3731 1167 3831 1228 sed
3868 1167 3949 1229 ab

2395 1269 2816 1352 antiquissimo
2864 1276 3130 1347 tempore
3173 1271 3370 1326 erecta
3412 1262 3713 1344 reperitur
3762 1280 3950 1342 quae·

2397 1366 2535 1430 dam
2579 1362 2974 1447 congregatio
3020 1358 3516 1422 Beneficiatorum
3548 1404 3564 1428 ‚
3598 1374 3755 1439 quae
3793 1356 3952 1417 Con-

2396 1458 2671 1522 sortieria
2719 1465 3142 1537 nuncupatur,
3189 1462 3249 1515 et
3293 1451 3714 1532 unusquisque
3751 1469 3826 1511 ex
3857 1448 3953 1509 di·

2398 1554 2508 1615 ctis
2531 1550 2906 1614 Beneficiatis
2925 1548 3204 1611 distincta
3227 1546 3412 1609 babet
3435 1594 3452 1617 ‚
3482 1552 3541 1607 et
3558 1552 3829 1624 separata
3853 1543 3953 1603 be-

2404 1647 2615 1711 neficia
2640 1691 2659 1722 ,
2691 1656 2750 1708 et
2768 1643 3187 1726 cappellanias
3218 1691 3233 1714 ,
3263 1660 3403 1703 curn
3429 1659 3614 1702 onere
3633 1638 3952 1700 Missarum

2394 1744 2571 1827 juxta
2599 1740 2951 1822 qualitatem
2978 1737 3398 1801 Fundationis.

2518 1836 2743 1899 Paulus
2770 1836 2929 1916 Papa
2965 1836 3040 1895 ll.
3074 1831 3372 1894 nonnulla
3405 1831 3562 1892 bona
3611 1826 3954 1890 conmrtie-

2403 1931 2531 1994 riae
2556 1930 2925 2013 assignavit,
2956 1940 3014 1991 et
3039 1926 3278 2000 voluit,
3313 1925 3478 2006 quod
3496 1941 3707 1985 eorum
3729 1921 3959 1982 fructus

2404 2044 2515 2108 pro
2541 2023 2915 2108 quotidianis
2955 2019 3490 2086 distributionibus
3536 2016 3958 2079 dividerentur

2406 2118 2566 2182 inter
2595 2118 2998 2182 Consortiales
3028 2116 3228 2178 Choro
3250 2160 3269 2189 ,
3297 2122 3356 2176 et
3379 2110 3604 2175 divinis
3624 2108 3835 2172 officiis
3859 2107 3956 2168 in-

2403 2224 2792 2291 teressentes3
2827 2230 3088 2294 cumque
3115 2216 3587 2273 memoratorum
3615 2201 3960 2267 consortia-

2406 2310 2555 2373 lium
2587 2329 2877 2372 numerus
2919 2310 3070 2372 adeo
3096 2315 3307 2370 auctus
3352 2311 3500 2366 esset
3534 2349 3551 2376 ,
3588 2309 3657 2361 ut
3701 2297 3961 2380 quilibet

2404 2424 2479 2466 ex
2500 2402 2587 2466 eis
2606 2404 2711 2465 vix
2734 2422 2938 2467 annua
2967 2421 3069 2464 sex
3102 2398 3541 2468 scutababeret
3568 2441 3587 2470 ,
3624 2393 3768 2455 Pius
3799 2392 3961 2473 Papa

2406 2498 2675 2573 Quartus
2717 2516 3039 2559 numerum
3084 2495 3291 2557 statuit
3344 2498 3441 2554 33.
3485 2487 3961 2574 participantium

2406 2592 2802 2673 compositum
2830 2611 2906 2655 ex
2929 2589 3242 2653 duodecim
3273 2583 3701 2651 Mansionariis
3722 2627 3739 2655 ,
3769 2589 3826 2643 et
3850 2578 3961 2640 Sa·

2405 2686 2586 2750 crista
2631 2686 2935 2768 Capituli,
2979 2704 3214 2748 necnon
3263 2703 3336 2746 ex
3381 2688 3481 2744 20.
3539 2677 3961 2760 antiquioribus

2410 2779 2879 2843 Consoreialibus.

2527 2875 2930 2939 Consortieria
2968 2873 3293 2953 composita
3329 2881 3447 2934 tam
3475 2890 3547 2932 ex
3591 2868 3963 2951 participan-

2408 2971 2574 3034 tibus
2596 3019 2612 3043 ,
2645 2991 2829 3054 quam
2853 2990 2928 3032 ex
2958 2990 3076 3031 non
3115 2967 3615 3050 participantibus
3643 2984 3814 3026 suam
3850 2963 3963 3025 ha-

2412 3067 2577 3140 buit,
2607 3077 2667 3129 et
2689 3067 2869 3129 habet
2888 3064 3256 3138 sacristiam,
3280 3083 3437 3145 quae
3458 3061 3788 3124 Tabularia
3812 3078 3964 3121 nun-

2409 3171 2666 3243 cupatur
2686 3208 2704 3238 ‚
2736 3161 3075 3224 distinctam
3105 3180 3141 3223 a
3164 3159 3442 3223 Sacristia
3463 3155 3724 3239 Capituli
3749 3202 3767 3228 ,
3803 3163 3862 3217 et
3898 3152 3964 3215 in

2409 3255 2858 3337 antiquioribus
2900 3254 3150 3339 hujusce
3174 3252 3539 3318 Tabulariae
3570 3251 3741 3312 libris
3768 3248 3961 3310 aduo-

2411 3358 2599 3413 tatum
2632 3350 2932 3432 reperitur
2955 3395 2972 3425 ,
3002 3348 3496 3413 consuetudinem
3520 3346 3647 3429 jam
3677 3340 3965 3405 inolevis-

2409 3465 2511 3518 se,
2549 3453 2618 3506 ut
2664 3444 3064 3509 consortiales
3106 3444 3202 3507 vel
3248 3442 3499 3513 Missas,
3528 3457 3680 3521 quas
3726 3435 3967 3499 ratione

2411 3539 2696 3602 Beneficii
2747 3540 3053 3603 celebrare
3100 3539 3458 3602 tenebantur
3490 3580 3508 3609 ,
3544 3531 3966 3604 celebrarent,

2409 3635 2503 3698 vel
2536 3645 2737 3697 taxam
2778 3634 2857 3701 ad
2900 3635 3196 3698 rationem
3239 3630 3416 3695 solidi
3456 3627 3641 3692 unius
3668 3673 3686 3701 ,
3723 3634 3782 3688 et
3811 3625 3969 3687 obu-

2410 3731 2612 3793 lorum
2653 3738 2918 3813 quatuor
2963 3749 3077 3811 pro
3111 3726 3386 3810 qualibet
3433 3723 3614 3787 Missa
3663 3720 3967 3783 solverent

2410 3822 2796 3889 Tabulariae.

2531 3916 2702 3981 Libri
2727 3962 2745 3991 ,
2777 3917 2842 3979 in
2863 3917 3088 3998 quibus
3106 3912 3472 3978 consuetudo
3497 3912 3647 3975 haec
3667 3918 3857 3990 tanqu
3869 3925 3969 3970 am

2404 4013 2531 4096 jam
2577 4012 2917 4074 introducta
2945 4009 3298 4072 enuntiatur
3322 4053 3339 4081 ,
3370 4014 3509 4068 sunt
3533 4004 3679 4068 libri
3723 4004 3860 4068 facti
3893 4002 3972 4065 de

2412 4125 2574 4170 anno
2607 4111 2783 4168 ¹552.
2805 4113 2863 4167 et
2887 4112 3018 4185 post
3040 4103 3273 4184 lapsum
3303 4100 3550 4184 triginta
3580 4100 3820 4162 circiter
3859 4117 3969 4160 an-

2416 4221 2632 4263 norum
2661 4249 2679 4273 ,
2732 4200 3039 4282 periturae
3087 4217 3400 4278 nunquam
3449 4194 3777 4257 memoriae
3816 4192 3971 4255 cele-

2414 4295 2716 4357 berrimus
2751 4292 3089 4357 cardinalis
3124 4290 3370 4353 Gabriel
3405 4289 3710 4351 Paleottus
3741 4287 3974 4367 primus

2415 4390 2723 4452 Bononiae
2771 4386 3270 4468 Archiepiscopus
3294 4431 3310 4457 ,
3346 4395 3413 4447 ut
3447 4383 3728 4465 religiose
3768 4398 3974 4443 serva-

2415 4493 2628 4546 rentur
2653 4484 3029 4545 Testatorum
3076 4480 3418 4542 voluntates
3443 4525 3459 4551 ‚
3492 4487 3551 4539 et
3577 4496 3761 4539 onera
3791 4476 3976 4537 bene-

2413 4578 2565 4640 ficiis
2599 4596 2837 4640 annexa
2880 4575 3150 4638 debitam
3184 4574 3484 4636 haberent
3510 4570 3923 4635 executionem
3954 4612 3973 4641 ,

2414 4673 2723 4746 decrevit,
2773 4680 2843 4734 ut
2905 4667 3315 4733 consortiales
3371 4665 3773 4746 adimplerent
3817 4679 3974 4724 onus

2415 4769 2734 4830 Missarum
2783 4784 2893 4847 per
2923 4764 3152 4845 seipsos
3177 4808 3196 4839 ,
3234 4781 3340 4823 seu
3390 4759 3736 4823 Sacerdotes
3776 4755 3857 4819 ab
3884 4752 3972 4817 eia

2414 4859 2728 4942 deputatos
2755 4905 2771 4932 ,
2800 4856 2899 4921 vel
2928 4857 3232 4920 solverent
3250 4852 3620 4917 Tabulariae
3634 4865 3971 4931 congruen-

2420 4963 2535 5016 tem
2566 4952 3011 5034 eleemosynam
3052 4947 3476 5013 Sacerdotibus
3523 4944 3781 5006 dandam
3805 4989 3823 5014 ,
3860 4938 3970 5022 qui

2418 5047 2630 5110 Missas
2664 5064 2774 5128 pro
2816 5045 2991 5108 dictis
3039 5040 3404 5105 beneficiatis
3439 5037 3856 5106 celebrarent,
3911 5039 3974 5095 et

2416 5141 2494 5205 ad
2522 5140 2818 5203 ulteriora
2854 5139 3231 5221 procedendo
3259 5185 3275 5208 ,
3305 5134 3745 5214 eleemosynam
3789 5130 3855 5192 in
3892 5130 3972 5191 li-

2422 5237 2549 5300 bris
2570 5242 2669 5298 60.
2693 5254 2804 5317 pro
2822 5234 3099 5316 qualibet
3121 5232 3302 5294 Missa
3332 5227 3689 5310 quotidiana
3716 5224 3969 5300 taxavit,

2416 5340 2478 5394 et
2498 5350 2536 5394 a
2561 5330 2662 5394 die
2690 5328 2834 5392 dieti
2866 5328 3101 5391 Decreti
3122 5322 3521 5389 consortiales
3540 5320 3775 5382 solvere
3805 5322 3968 5384 ince-

2414 5434 2675 5509 perunt,
2716 5433 2776 5489 et
2821 5423 3022 5486 adbuc
3068 5420 3310 5482 solvunt
3358 5415 3724 5480 Tabulariae
3764 5426 3968 5479 taxam
