4393 6299
951 532 1059 588 m

1169 684 1530 761 QUAESTIO
1578 676 1942 746 CCCLxltt.

827 869 902 932 In
925 870 1121 935 Cam
1138 872 1490 935 Melevitaua
1513 919 1531 944 ,
1556 873 1646 933 dis
1669 876 1728 934 t.
1768 862 2085 934 Decembris
2117 875 2294 932 1723.

788 1001 981 1120 Cum
1009 1057 1109 1138 pi'a
1135 1058 1434 1139 quaedam
1454 1058 1678 1120 Mulier
1706 1057 1906 1121 Isolda
1931 1102 1948 1130 ‚
1974 1056 2037 1118 in
2072 1056 2290 1119 ultimo
2316 1103 2333 1132 ,

783 1170 922 1212 cum
966 1171 1089 1232 quo
1133 1152 1424 1227 decessit,
1474 1155 1854 1214 Testamento
1894 1151 2134 1213 condito
2175 1170 2339 1215 anno

790 1249 965 1306 1662.
1003 1246 1206 1308 omnia
1250 1248 1407 1309 hona
1436 1292 1452 1320 ,
1483 1267 1648 1328 ⁴quae
1675 1247 1739 1307 in
1786 1247 1991 1309 Insula
2037 1246 2337 1309 Melitensi

785 1340 1158 1419 possidebat,
1185 1334 1526 1422 reliquisset
1551 1340 1918 1404 Monasterio
1937 1341 2137 1403 Sancti
2162 1341 2336 1403 Nioo-

785 1433 866 1495 lai
897 1435 971 1499 de
997 1437 1198 1497 Arena
1224 1435 1474 1498 Ordinis
1502 1436 1703 1499 Sancti
1742 1435 2042 1497 Benedicti
2072 1435 2335 1515 Congre-

782 1527 1044 1609 gationis
1070 1529 1437 1592 cassinensis
1464 1530 1738 1593 Civitatis
1763 1526 2069 1599 cataniae,
2098 1530 2210 1592 hac
2232 1529 2340 1590 im-

784 1622 978 1702 posita
1007 1622 1167 1704 lege,
1198 1626 1347 1703 quod
1367 1623 1596 1686 Fratres
1618 1669 1637 1698 ,
1663 1620 1760 1686 sais
1785 1621 2063 1686 Monaehi
2088 1626 2338 1686 habitent

774 1718 850 1777 ‘in
889 1720 1140 1797 quadam
1179 1718 1441 1781 Ecclesia
1477 1729 1674 1781 vocata
1716 1720 1819 1780 sub
1862 1719 2129 1779 vocabalo
2167 1718 2342 1779 Beati

782 1808 1021 1872 Nicolai
1050 1814 1322 1873 existento
1345 1815 1412 1872 in
1439 1812 1593 1874 dicta
1616 1811 1817 1873 Insula
1837 1813 1902 1872 in
1934 1812 2121 1873 Terris
2146 1810 2337 1873 Testa-

784 1906 945 1965 m'cis
970 1908 1148 1985 ipsius
1170 1951 1189 1980 ,
1218 1909 1321 1986 qai
1340 1908 1610 1968 celebrent
1638 1907 1916 1968 Divinam
1946 1905 2208 1986 Officium
2236 1925 2341 1986 pro

780 1997 996 2060 Anima
1028 2000 1167 2060 dicti
1207 2001 1491 2079 quondam
1523 1998 1741 2063 Mariti
1778 2003 1870 2063 sui
1896 2047 1913 2070 ,
1960 2011 2012 2060 et
2055 2000 2340 2081 quondan·

779 2089 1101 2154 Parentum
1120 2112 1377 2165 amm,
1397 2095 1514 2156 sub
1539 2093 1931 2157 fundamento
1953 2092 2199 2155 moralis
2224 2095 2338 2165 im-

781 2186 1197 2267 possibilitatis
1215 2189 1552 2270 exequendi
1577 2188 1921 2253 Testatricis
1938 2188 2337 2262 voluntatem,

783 2281 1096 2345 fundando
1123 2282 1349 2346 scilicet
1390 2283 1825 2345 Monasterium
1856 2283 1921 2345 in
1952 2282 2081 2346 loco
2127 2285 2208 2345 ab
2238 2302 2339 2345 ea-

785 2375 1254 2456 demdesignato
1276 2422 1293 2451 ,
1328 2362 1577 2439 habitus
1600 2376 1779 2439 fuit-a
1802 2376 2114 2440 Monachis
2139 2396 2339 2439 recur-

783 2489 887 2532 sus
922 2470 999 2532 ad
1042 2470 1354 2533 Hilarium
1397 2471 1733 2534 Corradum
1763 2472 2123 2552 Episcopum
2160 2471 2338 2533 Meli-

782 2570 1051 2635 tensem,
1100 2563 1212 2644 qui
1259 2565 1413 2626 bene
1459 2564 1805 2644 ponderatis
1846 2562 2292 2645 impedimentis
2318 2610 2335 2638 ,

781 2674 940 2737 quae
972 2655 1166 2719 dictae
1207 2656 1533 2719 voluntatis
1559 2658 1895 2720 executioni
1930 2658 2339 2721 adversaban-

782 2758 927 2825 tur,
970 2770 1133 2814 anno
1177 2756 1351 2813 1664.
1399 2750 1608 2813 {rolens
1644 2752 1957 2814 consulere
2000 2752 2340 2815 Animahus

781 2844 1219 2907 Monachorum
1243 2890 1260 2918 ‚
1311 2853 1371 2907 et
1418 2845 1612 2907 dictae
1652 2845 1995 2907 Testatricis
2016 2893 2034 2917 ,
2085 2846 2341 2908 mutavit

780 2938 912 3020 ejus
934 2938 1308 3000 voluntatem
1334 2939 1449 3000 sub
1473 2937 1708 3010 forma',
1740 2940 1897 3018 quae
1922 2933 2224 3021 sequitur}
2243 2960 2337 2999 vo—

790 3032 899 3097 luit
919 3079 936 3103 ,
966 3033 1115 3112 quod
1141 3035 1204 3092 in
1232 3034 1381 3093 dicto
1409 3032 1860 3094 Manastcrio-S.
1893 3032 2127 3095 Nicolai
2159 3033 2338 3095 Cata·

782 3129 917 3190 niae
942 3176 959 3199 ,
989 3129 1090 3189 ubi
1114 3130 1259 3209 viqst
1299 3128 1566 3190 numeras
1595 3127 2010 3191 Manachorum
2045 3126 2338 3210 quinqua-

783 3223 947 3309 qima
970 3268 987 3296 ,
1017 3232 1070 3284 at
1089 3224 1252 3285 ultra
1276 3269 1294 3294 ,
1325 3225 1425 3283 isti
1450 3224 1716 3284 continua
1736 3233 1965 3283 orarent
1989 3233 2095 3304 pra
2128 3224 2342 3286 Anima

795 3311 1120 3379 Tastatricis
1143 3364 1161 3388 ‚
1204 3326 1256 3378 st
1294 3318 1441 3397 quod
1482 3319 1676 3379 omnia
1700 3318 1819 3395 ejus
1860 3319 2004 3379 bona
2044 3328 2258 3392 essens,
2290 3330 2341 3379 at
2383 3369 2384 3372 ,

784 3420 1238 3472 converterentur
1265 3412 1331 3471 in
1357 3410 1671 3472 utilitatem
1691 3411 1831 3471 dicti
1868 3407 2214 3472 Manastsrii
2236 3459 2253 3482 ‚
2282 3419 2343 3474 et

784 3504 935 3566 haec
960 3504 1349 3566 commutatio
1382 3505 1467 3565 uti
1501 3504 1880 3592 rationabilis
1906 3552 1922 3576 ,
1960 3512 2021 3570 et
2045 3525 2336 3586 congrua,

784 3598 903 3661 fuit
929 3589 1263 3679 approhata
1286 3599 1366 3660 ab
1398 3597 1835 3661 Executoribus
1852 3600 2343 3663 'l'estamensariis

786 3690 1023 3754 Isoldae
1049 3691 1391 3754 Testatricis
1414 3738 1431 3761 ,
1456 3691 1612 3754 itaut
1638 3710 1800 3755 anno
1830 3696 2005 3754 1365.
2038 3693 2340 3757 Monaste-

783 3785 950 3849 rium
980 3784 1321 3847 ¹Catanense
1367 3784 1628 3870 coeperit
1673 3785 2103 3866 possessionem
2146 3787 2338 3849 bono-

786 3898 931 3942 rum
957 3880 1038 3942 ab
1081 3880 1289 3941 eadem
1336 3878 1685 3940 relictorum
1708 3926 1728 3951 ,
1772 3888 1833 3941 et
1866 3879 1929 3941 in
1973 3880 2340 3964 possessione

786 3973 1035 4056 pacifice
1066 3972 1510 4035 continuaverit
1538 3969 1728 4054 usqne
1754 3973 1830 4039 ad
1857 3992 2086 4035 annum
2119 3978 2294 4036 1708.

902 4067 1036 4129 Hoc
1063 4085 1224 4128 anno
1269 4067 1631 4129 Procurator
1659 4066 1906 4129 Fisoalis
1949 4068 2338 4131 Reverendae

785 4159 1077 4224 Fabricae
1097 4161 1162 4222 in
1194 4160 1304 4222 Jus
1329 4161 1564 4223 vocavit
1599 4168 1994 4223 memoratum
2035 4163 2336 4224 Monaste·

784 4256 945 4317 rium
983 4254 1230 4318 Ordinis
1269 4254 1467 4317 Sancti
1501 4255 1802 4317 Benedicti
1847 4256 2121 4318 Civitatis
2161 4256 2335 4319 Cata-

784 4350 962 4421 niae‘,
998 4358 1058 4411 et
1098 4350 1211 4411 sub
1241 4349 1489 4411 obtentu
1537 4367 1658 4410 non
1688 4350 1970 4430 impletae
2011 4352 2336 4415 recensitae

787 4445 922 4525 piae
949 4443 1354 4524 dispositionis
1382 4442 1617 4506 Isoldae
1645 4445 1911 4505 obtinuit
1937 4491 1953 4517 ,
1997 4445 2191 4525 primo
2218 4489 2237 4519 ,
2269 4454 2336 4507 ut

778 4524 1217 4612 'Monasterium
1236 4537 1738 4601 condemnaretur
1756 4539 1832 4600 ad
1851 4539 2208 4601 solvendum
2225 4541 2334 4601 De-

782 4625 1069 4712 positario
1081 4630 1371 4693 Fabricae
1392 4630 1623 4692 fructus
1652 4640 1977 4712 perceptos,
1991 4640 2052 4692 et
2071 4632 2176 4712 qui
2207 4641 2333 4713 per·

783 4725 900 4806 cipi
934 4726 1261 4804 potuissent
1290 4744 1364 4786 ex
1393 4724 1569 4786 bonis
1600 4725 1661 4784 in
1698 4725 1859 4805 piam
1890 4744 2131 4800 causam
2169 4724 2328 4806 lega·

785 4819 863 4880 tis
888 4863 905 4891 ‚
939 4818 1046 4899 qui
1071 4818 1390 4879 ascendere
1420 4818 1561 4880 dicti
1590 4828 1732 4879 sunt
1758 4813 1837 4881 'ad
1868 4838 2167 4880 summam
2196 4838 2330 4880 scu-

785 4924 985 4975 torum
1014 4913 1250 4974 circiter
1278 4917 1532 4974 300000.
1563 4906 1866 4987 secundo,
1897 4921 1966 4974 ut
1991 4913 2185 4975 eidem
2209 4913 2333 4974 Mo·

787 5006 1049 5067 nasterio
1070 5006 1362 5067 terminus
1383 5005 1566 5066 trium
1585 5006 1880 5067 mensium
1904 5004 2333 5088 praefigeretur

788 5100 862 5161 ad
910 5097 1256 5160 habendum
1291 5116 1323 5159 a
1368 5098 1520 5159 Sede
1561 5097 1895 5178 Apostolica
1941 5099 2283 5161 facultatem
2313 5144 2330 5169 ,

789 5205 848 5255 ct
876 5191 1174 5255 licentiam
1207 5190 1541 5271 exequendi
1577 5191 1640 5251 in
1672 5191 1873 5253 lnsula
1896 5190 2192 5253 Melitensi
2227 5209 2330 5253 vo-

794 5288 1081 5349 luntatem
1113 5286 1245 5366 piae
1267 5284 1629 5357 Testatricis‚
1660 5305 1882 5347 novum
1910 5285 1972 5346 in
1993 5305 2064 5348 ea
2093 5287 2329 5367 erigen-

791 5387 868 5446 do
898 5381 1328 5445 Mouasterium
1348 5424 1365 5453 ,
1402 5378 1497 5441 vel
1526 5379 1887 5460 impetrandi
1915 5379 2335 5443 commutatio—

795 5497 930 5539 nem
969 5475 1219 5539 ultimae
1251 5474 1576 5536 voluntatis
1607 5473 1838 5536 Isoldae
1880 5473 1944 5536 ie
1985 5474 2154 5537 aliud
2182 5491 2333 5554 opus

1979 529 2424 600 Quaes'rloass
2459 530 2821 587 cssomcffi

2444 686 2522 747 ad
2553 684 3004 765 ‘Beneplacitum
3028 683 3197 747 Sedis
3227 684 3639 766 Apostolicae3
3662 686 3886 759 tertio,
3916 692 3986 752 nt

2446 772 2604 841 dicto
2632 777 2890 840 termino
2923 777 3056 840 sine
3075 777 3296 840 effectu
3336 778 3739 860 praeterlapso
3763 827 3782 853 ,
3828 781 3987 844 bona

2377 910 2380 911 ν
2450 871 2835 953 Reverendae
2874 870 3165 934 Fabricae
3196 870 3685 951 applicarentur3
3726 892 3990 955 eumque

2445 966 2594 1029 haec
2623 966 2915 1029 sententia
2956 967 3034 1027 ab
3078 965 3199 1028 alio
3239 966 3450 1027 Judice
3481 966 3557 1026 de
3605 965 3884 1028 Partibus
3922 967 3992 1029 in

2444 1062 2635 1144 gradu
2653 1059 3071 1143 appellationis
3100 1050 3307 1122 fuisset
3331 1059 3705 1131 confirmata,
3731 1069 3990 1139 praeter-

2444 1168 2628 1236 quam
2674 1155 2872 1237 quoad
2918 1154 3150 1217 fructus
3173 1200 3190 1228 ‚
3244 1173 3506 1235 quorum
3554 1155 3989 1218 restitutionem

2446 1250 2756 1311 restrinxit
2783 1249 2858 1312 ad
2886 1266 3183 1310 summam
3209 1255 3513 1310 scutorum
3532 1252 3750 1310 72000.
3784 1248 3992 1333 habito

2444 1362 2478 1403 a
2509 1342 2819 1405 Monachis
2846 1361 3092 1404 recursu
3120 1342 3197 1403 ad
3223 1340 3353 1403 Sac‘.
3387 1341 3679 1423 Congreg.
3724 1341 3992 1404 Genoea-

2446 1436 2563 1498 lem
2599 1439 2744 1499 Rev.
2791 1436 3100 1509 Fabricae‚
3144 1435 3311 1508 haec,
3346 1435 3644 1497 bonorum
3681 1434 3994 1514 possessio-

2448 1550 2585 1592 nem
2613 1528 2858 1592 interim
2885 1537 3117 1611 captam
3138 1551 3173 1593 a
3198 1532 3545 1592 Promotore
3573 1530 3824 1604 Fiscali,*
3851 1530 3994 1593 duo-

2445 1624 2559 1703 bus
2596 1625 2980 1705 amplissimis
3015 1625 3266 1687 decretis
3303 1624 3809 1704 circumscripsit,
3842 1624 3997 1689 Can-

2444 1718 2665 1799 saeque
2684 1717 3025 1798 cognitione
3051 1714 3320 1799 delegata
3343 1719 3416 1779 R.
3446 1718 3512 1779 P.
3539 1719 3613 1779 D.
3638 1717 3957 1779 Sinibaldo
3978 1761 3997 1789 ,

2447 1808 2863 1892 praecedentes
2888 1812 2989 1874 hic
3017 1811 3356 1875 sententias·
3381 1810 3464 1878 ita
3506 1812 3843 1875 infirmavit
3871 1858 3889 1886 ‚
3929 1831 4002 1876 ac

2444 1905 2494 1966 si
2520 1905 2715 1969 editae
2733 1953 2750 1977 ,
2785 1913 2894 1967 aut
2922 1905 3189 1985 prolatae
3216 1924 3339 1965 non
3366 1902 3639 1967 missent.

2562 2000 2704 2061 Post
2733 1998 2901 2061 hanc
2928 1998 3288 2061 sententiam
3322 1997 3514 2061 Causa
3547 1997 3723 2060 siluit
3747 2017 3857 2079 per
3891 1997 3997 2060 de·

2445 2093 2731 2154 connium
2758 2093 2960 2165 ‚zitaut
2989 2092 3182 2154 eidem
3215 2092 3563 2172 impositum
3596 2110 3724 2152 esse
3751 2090 3938 2153 finem
3963 2110 4000 2155 a

2444 2186 2757 2249 Monachis
2783 2186 3193 2249 existimatum
3236 2187 3315 2247 sit
3340 2206 3356 2246 ε
3390 2194 3454 2247 at
3481 2205 3574 2247 res
3602 2184 3779 2247 aliter
3807 2188 3873 2248 se
3897 2185 4004 2247 ha-

2447 2281 2614 2354 buit;
2644 2281 2904 2344 instante
2930 2280 3231 2361 siquidem
3257 2281 3617 2347 Promotore
3646 2279 3864 2342 Fiscali
3890 2279 4001 2342 ra·-

2451 2377 2683 2449 bric‘ae,
2713 2374 2966 2437 ulterior
2993 2369 3223 2437 Causae
3245 2375 3515 2456 cognitio
3545 2373 3860 2436 commissa
3885 2373 4004 2436 fuit

2450 2468 2968 2531 Reverendissimo
2990 2468 3312 2530 Lancettae
3344 2469 3475 2529 Sac.
3508 2469 3699 2529 Rotae
3720 2469 3959 2528 Decano
3978 2515 3996 2539 ,

2446 2562 2870 2643 disputatoque
2890 2563 3283 2643 in‘praedicto
3309 2561 3629 2624 Tribunali
3656 2560 3873 2624 dieras.
3899 2561 4002 2623 Ju-

2450 2656 2532 2717 nii
2566 2662 2739 2717 1722.
2785 2656 2973 2719 dubio
2994 2702 3012 2729 ,
3060 2676 3140 2719 an
3184 2656 3462 2717 constaret
3497 2656 3563 2717 da
3604 2674 3665 2716 ra
3685 2655 3953 2732 judicata
3980 2701 3997 2725 ,

2447 2772 2543 2813 ssu
2568 2754 2754 2832 potius
2774 2753 2840 2812 ds
2864 2754 3052 2813 causis
3085 2753 3459 2812 restitutionis
3477 2753 3546 2812 in
3559 2752 3843 2830 inlsqrum
3867 2796 3887 2821 ,
3914 2768 4003 2809 re-

2445 2842 2729 2924 sponsum
2758 2853 2849 2907 est
2888 2856 3141 2907 constare
3168 2845 3235 2905 ds
3259 2838 3601 2923 rejudicare
3623 2887 3640 2917 ,
3670 2851 3734 2906 et·
3754 2852 4000 2906 extensa

2439 2939 2616 3020 juxta
2664 2957 2888 2999 morem
2919 2934 3226 3000 decisione
3252 2983 3268 3011 ‚
3301 2954 3460 3018 quae
3489 2955 3595 3017 per
3624 2954 3840 2998 manus
3878 2936 3997 2997 cir-

2445 3032 2778 3095 cumfertur
2801 3078 2818 3106 ,
2865 3053 3003 3095 cum
3050 3031 3375 3093 deventum
3422 3030 3608 3093 fuerit
3647 3030 3723 3091 ad
3775 3030 4003 3092 Causae

2444 3126 2909 3209 expeditionem,
2937 3127 3226 3189 Fabricae
3254 3125 3515 3201 Ministri
3544 3142 3770 3187 novum
3794 3122 3873 3188 ad
3891 3123 4001 3187 Sa·

2446 3240 2612 3283 cram
2637 3220 3171 3303 Congregationem
3203 3219 3560 3282 Gener-alem
3590 3219 3855 3300 ejusdem
3883 3217 4000 3280 Fa·

2447 3315 2649 3377 bricae
2676 3335 2985 3378 recursum
3018 3316 3405 3386 habuerunt,
3437 3312 3719 3376 instando
3746 3330 3856 3392 pro
3888 3329 3996 3390 ap-

2448 3407 2801 3487 pellatione,
2836 3408 2932 3471 vel
2961 3408 3171 3471 saltem
3201 3404 3606 3468 declaratione
3632 3453 3649 3478 ,
3682 3404 3844 3484 quod
3874 3404 4000 3466 Μυ-

2448 3502 2622 3564 nachi
2652 3503 2713 3563 S.
2745 3503 2972 3565 Nicolai
3006 3503 3081 3564 de
3107 3503 3308 3563 Arena
3337 3498 3829 3580 Congregatiouis
3855 3499 3998 3560 Cas-

2446 3597 2701 3658 sinensis
2727 3597 3000 3660 Civitatis
3026 3595 3312 3658 Cataniae
3336 3604 3656 3657 teneantur
3688 3594 3750 3654 in
3785 3611 3997 3673 perpe—

2450 3697 2620 3752 tuum
2656 3691 2734 3753 ad
2777 3711 2932 3752 onus
2964 3687 3625 3753 celebrationissDivini
3666 3685 3864 3749 Officii
3889 3730 3907 3759 ,
3940 3694 4001 3750 et

2445 3785 2662 3848 Missae
2688 3784 3114 3848 Conventualis
3141 3803 3280 3846 cum
3308 3782 3712 3863 applicatione
3729 3780 3997 3862 particu-

2445 3878 2558 3940 lari
2601 3879 2664 3941 in
2700 3880 3058 3961 suffragium
3099 3878 3339 3949 animae
3376 3876 3509 3957 piae
3535 3874 3814 3938 Mulieris
3846 3873 3996 3936 Isol-

2446 3973 2594 4046 dae,
2641 3982 2702 4036 et
2735 3977 2867 4056 ejus
2905 3973 3376 4055 Conjunctorum
3399 4015 3416 4044 ,
3446 3968 3730 4048 editaque
3761 3987 3798 4032 a
3837 3966 3998 4030 dicta

2444 4066 2918 4149 Congregatione
2959 4066 3248 4144 rescripto
3289 4064 3360 4132 da.
3381 4065 3581 4125 ‘causis
3620 4062 3997 4122 restitutionis

2442 4164 2507 4220 in
2546 4164 2831 4241 intem-um
2874 4163 2994 4221 sins
3034 4159 3386 4239 praejudicio
3434 4158 3520 4218 rai
3556 4156 3851 4235 judicatae
3875 4201 3895 4226 ,
3942 4164 3997 4215 at

2443 4249 2628 4333 quoad
2667 4275 2807 4316 onus
2836 4254 3036 4315 Divini
3063 4250 3254 4332 Officii
3279 4297 3295 4324 ,
3339 4251 3565 4328 ejusque
3592 4249 3994 4329 adimplemu-

2443 4351 2572 4411 tum'
2608 4352 2683 4411 ad
2737 4348 2986 4412 Sacram
3035 4345 3535 4424 Conyrayationcm
3580 4340 3831 4405 Concilii
3857 4390 3875 4410 ,
3924 4341 3992 4403 in

2443 4442 2725 4524 praedicti
2752 4441 3021 4522 rescripti
3043 4437 3349 4520 sequelam
3376 4437 3734 4519 proponitur
3751 4434 3815 4497 in
3836 4453 3999 4515 pra)-

2438 4539 2590 4600 senti
2615 4538 2883 4599 'dubium
2911 4539 2989 4599 ad
3018 4534 3242 4597 calcem
3265 4533 3450 4614 hujus
3477 4529 3806 4593 Restrictus
3835 4526 3993 4592 refe-

2442 4633 2718 4693 rendum.
3555 4667 3560 4672 ·
3720 4671 3726 4675 -

2557 4716 2901 4787 Praeten'dit
2957 4723 3269 4784 Promotor
3307 4718 3566 4780 Fiscalis
3594 4764 3611 4788 ,
3663 4715 3989 4779 Monachus

2442 4819 2629 4881 teneri
2659 4817 2720 4880 iia
2758 4826 3109 4898 perpetuum
3151 4816 3226 4876 ad
3256 4812 3679 4894 quotidianum
3709 4829 3862 4871 onus
3889 4829 3989 4870 ce-

2441 4911 2792 4973 lebrationis
2833 4910 3036 4971 Divini
3080 4906 3273 4969 Officii
3317 4925 3453 4966 cum
3497 4905 3678 4966 Missa
3713 4904 3990 4965 Conven-

2443 5005 2630 5078 tuali,
2676 5013 2736 5066 et
2776 5003 3176 5084 applicatione
3217 4996 3566 5080 particulari
3617 4995 3989 5077 preAnima

2440 5099 2671 5161 Isoldae
2694 5145 2712 5172 ,
2752 5107 2809 5162 et
2837 5098 2966 5178 ejus
2993 5096 3460 5177 conjunctorum
3484 5139 3500 5163 ,
3540 5110 3615 5153 ex
3658 5088 3894 5170 quo-sie
3919 5088 3988 5149 in

2438 5196 2566 5275 ejus
2595 5195 2970 5255 Testamenta
2997 5196 3266 5260 cavetur,
3296 5191 3397 5267 qui
3418 5188 3688 5248 celebrem
3709 5184 3988 5244 Divinum

2441 5284 2700 5367 Officium
2736 5306 2841 5366 pro
2870 5286 3083 5345 Am'ma
3116 5284 3256 5343 dicti
3283 5282 3564 5360 quondam
3607 5278 3824 5340 Mariti
3846 5278 3986 5346 suia,

2438 5391 2487 5439 ct
2516 5381 2798 5459 quondam
2825 5379 3139 5440 Parentum
3167 5395 3396 5437 suoram
3412 5396 3436 5442 ,·
3468 5374 3700 5451 absque
3720 5390 3793 5433 eo
3819 5371 3987 5450 quod

2441 5461 2583 5535 huic
2605 5467 3031 5561 praetensioni‚
3055 5473 3232 5553 juxta
3257 5486 3497 5532 sensum
3524 5463 3771 5529 Fiscalis
3790 5464 3989 5528 obsta-
