4393 6299
1662 503 1709 573 Q
1737 504 1778 556 u
1802 502 1861 556 as
1886 483 2049 558 s.'r1
2073 504 2121 557 o
2175 502 2451 558 cxcvur.

467 648 750 715 missione
763 653 1042 715 servandi
1073 649 1497 734 Virginitatem
1521 653 1792 718 inferunt
1814 656 2009 719 Theo·

467 748 611 829 logi.
641 746 926 829 Theolngi
957 748 1179 811 etenim
1201 750 1601 812 communiori
1644 751 1876 814 calculo
1909 753 2011 815 ad·

467 841 953 904 mittuntVotum
968 842 1334 923 virginitatis
1360 864 1477 907 non
1503 846 2004 922 conditionatum,

463 936 562 995 sed
595 955 848 1016 purum,
881 943 942 998 et
985 937 1330 1000 absolutum
1383 939 1567 1001 fuisse
1593 959 1631 1002 a
1660 940 2011 1004 Beatissima

462 1028 716 1110 Virgine
738 1030 930 1091 Maria
952 1031 1254 1094 emissum.
1283 1032 1566 1094 Subdunt
1590 1034 1769 1096 iidem
1796 1031 2008 1096 verum

464 1124 643 1186 fuisse
662 1123 820 1186 inter
842 1124 1054 1205 ipsam,
1072 1136 1130 1188 et
1153 1128 1435 1189 Sanctum
1461 1127 1788 1208 Josepbum
1804 1129 2008 1192 Matri·

464 1219 759 1290 monium,
807 1229 866 1281 et
908 1221 967 1280 in
994 1241 1064 1282 eo
1094 1223 1253 1301 quod
1287 1222 1499 1284 attinet
1528 1225 1601 1285 ad
1627 1225 2007 1286 concordiam

461 1313 831 1375 Matrimonii
858 1335 993 1374 cum
1016 1317 1613 1396 votovirginitatisin
1637 1329 2004 1382 antecessum

461 1409 708 1477 emisso,
741 1420 1015 1470 asserunt
1051 1410 1471 1473 Beatissimam
1502 1413 1817 1494 Virginem
1840 1422 2009 1477 ante-

461 1520 644 1583 quam
681 1504 934 1565 nuberet
983 1504 1045 1563 S.
1091 1505 1386 1586 Josepho,
1418 1506 1641 1569 Divino
1666 1507 1894 1582 afflatu,
1948 1517 2010 1572 et

458 1607 614 1657 certa
646 1597 1014 1658 revelatione
1036 1597 1222 1660 fuisse
1247 1600 1645 1675 admonitam,
1680 1602 2006 1683 Josepbum

458 1688 673 1751 tradita
698 1690 810 1750 sibi
830 1691 892 1751 in
916 1690 1146 1770 Corpus
1168 1691 1354 1771 ipsius
1373 1702 1679 1773 potestate,
1696 1715 2007 1776 nunquam

457 1801 732 1857 usurum,
751 1802 1063 1865 uunquam
1084 1785 1350 1847 debitum
1366 1787 1716 1866 petiturum,
1732 1808 1832 1850 seu
1846 1791 2006 1869 quod

459 1887 660 1939 votum
695 1878 1054 1959 virginitatis
1101 1889 1554 1960 nuncupaturus
1583 1891 1732 1943 esset
1762 1892 1821 1944 et
1848 1883 2005 1964 ipse,

454 1989 559 2033 seu
573 1971 729 2051 quod
748 1973 903 2033 Deus
916 1983 1174 2034 mentem
1191 1975 1361 2053 ejusa
1377 1977 1630 2055 petendo
1647 1976 1851 2038 debito
1860 1986 2011 2039 esset

460 2085 803 2140 aversurus,
822 2067 900 2128 ita
926 2077 991 2127 ut
1010 2068 1114 2128 Dei
1123 2088 1193 2147 pa
1204 2088 1267 2129 ra
1290 2069 1509 2131 certior
1522 2070 1678 2132 facta
1702 2071 2009 2134 revelatio·

456 2178 534 2221 ne
577 2158 781 2222 divina
809 2162 1173 2222 consenserit
1204 2163 1262 2222 in
1296 2163 1618 2225 traditione
1631 2163 1788 2246 juris
1809 2165 1884 2227 ad
1908 2184 2007 2226 co-

455 2254 657 2334 pulam
693 2256 1070 2338 conjugalem
1094 2306 1107 2327 ,
1143 2258 1303 2336 quod
1326 2258 1402 2320 ad
1435 2259 1830 2321 substantiam
1875 2260 2006 2322 Ma·

460 2347 725 2410 trimonii
759 2350 904 2410 satis
935 2349 1071 2418 suit,
1095 2359 1153 2412 et
1187 2370 1306 2412 non
1336 2353 1705 2413 consenserit
1741 2353 1802 2414 in
1828 2372 2004 2415 usum

448 2445 604 2526 juris
634 2443 821 2514 illius,
857 2463 1036 2524 quem
1074 2445 1190 2507 sibi
1240 2454 1381 2507 voto
1410 2448 1701 2509 castitatis
1751 2446 2002 2509 interdi-

452 2546 645 2611 xerat,
675 2558 983 2619 quemque
1016 2559 1329 2620 nunquam
1360 2549 1707 2603 secuturum
1752 2541 2005 2604 certissi-

454 2647 549 2692 me
576 2643 848 2694 noverat.
873 2634 949 2694 Et
972 2643 1208 2713 recepta
1229 2653 1474 2715 quoque
1495 2634 1653 2696 inter
1672 2634 2004 2718 Theologos

451 2735 539 2788 est
585 2727 882 2788 sententia
924 2775 939 2798 ‚
1001 2726 1460 2790 Matrimonium
1514 2747 1641 2791 esse
1685 2731 1955 2793 validum
1982 2781 1999 2805 ‚

451 2820 684 2883 etiamsi
707 2822 1105 2884 contrabatur
1124 2833 1256 2903 post
1268 2824 1725 2886 couventionem
1762 2824 1999 2903 initam,

448 2914 789 2977 abstinendi
821 2934 855 2977 a
883 2916 1158 2996 quolibet
1195 2926 1330 2979 actu
1360 2918 1690 3001 conjugali,
1729 2937 1865 2981 cum
1892 2920 1999 2982 do-

450 3008 705 3071 minium
735 3009 1144 3090 distinguatur
1173 3012 1252 3073 ab
1285 3030 1429 3085 usu,
1475 3020 1535 3074 et
1563 3032 1773 3074 verum
1805 3013 2000 3076 domi-

451 3102 621 3166 nium
671 3104 996 3167 subsistere
1044 3105 1242 3168 valeat
1290 3126 1426 3167 cum
1458 3107 1857 3189 obligatione,
1894 3127 2001 3172 seu

446 3199 790 3261 conditione
815 3220 931 3261 non
969 3201 1174 3262 utendi
1230 3221 1296 3263 re
1330 3202 1481 3282 ipsa,
1514 3204 1601 3263 uti
1631 3204 1880 3265 caeteris
1908 3203 1999 3267 al-

447 3293 659 3374 legatis
688 3292 807 3356 late
862 3294 1245 3374 prosequitur
1290 3294 1565 3358 Clericat.
1600 3297 1783 3359 liceis.
1844 3303 1902 3360 3.
1934 3300 2001 3360 ds

446 3398 617 3448 matr.
663 3407 763 3468 per
798 3399 969 3449 totam
996 3409 1031 3449 a
1056 3408 1216 3447 rrum.
1251 3393 1348 3449 21.
1384 3400 1436 3449 se
1471 3408 1618 3469 seqq.
1654 3410 1728 3451 ex
1774 3392 2000 3471 quibus

449 3487 644 3542 tamen
675 3500 794 3542 non
821 3482 1064 3542 videtur
1085 3481 1300 3543 inferri
1330 3501 1496 3562 posse
1516 3483 1589 3544 ad
1624 3484 1995 3548 validitatem

443 3574 815 3636 Matrimonii
829 3575 1113 3637 contracti
1140 3594 1273 3637 cum
1290 3574 1654 3647 conditione,
1669 3578 1833 3657 quod
1844 3578 1997 3641 alter

444 3676 678 3731 tantum
699 3688 776 3730 ex
828 3669 1197 3751 conjugibus
1226 3677 1367 3730 ante
1422 3671 1995 3733 consummationem

446 3761 817 3842 Religionem
863 3761 1272 3845 ingrediatur,
1303 3769 1384 3822 ·et
1410 3762 1471 3823 in
1500 3781 1569 3825 ea
1601 3762 1953 3843 profiteatur
1976 3811 1994 3839 ,

440 3864 502 3916 et
548 3874 685 3917 cum
743 3852 1198 3916 renunciatione
1222 3854 1443 3916 nedum
1470 3855 1603 3917 usui
1631 3903 1648 3927 ,
1684 3857 1786 3918 sed
1813 3856 1996 3919 etiam

433 3947 584 4031 juri,
617 3968 718 4009 seu
745 3947 1014 4009 dominio
1031 3947 1312 4028 Corporis
1342 3948 1593 4010 alterius
1619 3950 1934 4034 Conjugis.

456 4072 461 4075 Δ
556 4041 679 4104 Alii
714 4051 975 4103 econtra
1003 4050 1279 4114 censent,
1317 4040 1586 4105 validum
1615 4063 1741 4106 esse
1784 4046 1995 4109 matri-

440 4135 629 4198 monii
681 4144 1053 4198 contractum
1082 4136 1199 4198 sub
1231 4136 1580 4200 conditione
1599 4184 1617 4212 ,
1647 4140 1811 4220 quod
1839 4140 1994 4204 alter

437 4248 515 4292 ex
541 4229 913 4312 conjugibus
950 4249 1014 4292 se
1043 4229 1270 4312 obliget
1314 4231 1392 4294 ad
1450 4232 1878 4313 professionem
1926 4235 1990 4297 in

442 4321 756 4405 Religioue
781 4322 1170 4386 emittendam
1196 4370 1213 4399 ,
1263 4343 1338 4386 ex
1375 4343 1498 4405 quo
1546 4326 1811 4389 conditio
1843 4327 1991 4391 haec

436 4428 557 4480 nou
608 4426 902 4498 repugnat
950 4418 1325 4481 substantiae
1379 4419 1782 4493 matrimonii,
1842 4423 1989 4505 quia

437 4529 557 4574 non
579 4519 877 4593 repugnat
910 4511 1068 4573 Proli
1101 4534 1119 4586 3
1168 4513 1590 4576 contrahentes
1612 4513 1834 4577 etenim
1863 4534 1987 4579 uon

433 4622 498 4667 se
517 4604 791 4686 obligant
815 4605 890 4668 ad
912 4606 1354 4685 impediendam
1388 4607 1624 4669 Prolem
1650 4630 1755 4690 per
1787 4610 1985 4675 media

437 4697 690 4771 illicita;
729 4718 849 4759 non
881 4699 1057 4773 fidei,
1110 4702 1252 4781 quia
1310 4702 1729 4765 contrahentes
1772 4723 1889 4765 uon
1920 4724 1985 4767 se

434 4793 709 4876 obligant
757 4795 833 4856 ad
883 4796 1454 4857 communicandum
1498 4816 1713 4878 corpus
1734 4798 1982 4873 alien03

433 4906 553 4951 non
583 4888 1123 4961 indissolubilitati,
1148 4910 1285 4952 cum
1308 4893 1759 4954 matrimonium
1785 4894 1983 4957 adbuc

432 4985 509 5046 sit
554 4982 971 5045 indissolubile
996 5028 1013 5056 ,
1069 4984 1183 5057 uti,
1222 4983 1470 5046 caeteris
1504 4984 1807 5066 allegatis,
1861 4986 1982 5048 late

430 5076 819 5160 prosequitur
864 5078 1152 5139 Benacin.
1213 5076 1385 5158 Opor-
1443 5077 1667 5140 Mor-al.
1724 5090 1854 5141 tom.
1916 5086 1970 5142 1.

428 5183 645 5253 quossi.
680 5176 741 5232 2.
773 5173 839 5232 ds
868 5170 1139 5234 Matrini.
1188 5182 1399 5253 puncto
1444 5177 1540 5234 10.
1594 5167 1865 5254 proposit.
1914 5180 1972 5237 2.

424 5286 587 5328 num.
624 5270 720 5327 13.

442 5362 471 5391 '⁸
522 5359 715 5424 *Haec
740 5358 898 5423 dicta
920 5358 1041 5421 sint
1065 5359 1143 5422 ad
1166 5366 1448 5423 ornatum
1479 5360 1789 5439 materiae,
1813 5380 1977 5429 nuuc
2082 5380 2281 5443 scopo.

428 5450 745 5537 Quaeritur
772 5468 788 5515 e
858 5488 863 5489 ff
886 5480 895 5491 ι

3382 516 3487 570 169

2232 654 2331 717 An
2365 667 2572 718 constet
2606 659 2673 719 ds
2700 661 2970 724 nullitate
2998 655 3393 740 Mummii,
3432 669 3500 728 iss
3535 687 3672 731 casis

2120 761 2224 814 elo·

2223 910 2363 961 Sacr.
2391 909 2572 980 Cougr
2617 912 2926 982 respoudit:

2297 998 2494 1051 Dilata
2520 1039 2539 1066 ,
2569 1012 2621 1052 ee
2646 1000 3200 1072 examinentur-firm
3210 1005 3318 1059 iter
3341 1007 3631 1062 Par-ochus
3650 1049 3670 1077 ,

2126 1095 2352 1152 uterque
2408 1084 2642 1155 Conjuoe,
2671 1100 2723 1140 et
2755 1089 2935 1143 Testes
2984 1091 3367 1159 Matrimonii,
3410 1107 3679 1164 quatenus

2117 1190 2228 1224 non
2232 1171 2464 1239 suerint
2489 1175 3096 1245 examinatijbrmiter.

2552 1368 2920 1445 QUAESTIO
2970 1369 3074 1436 CX
3084 1375 3244 1438 LIX.

2155 1582 2229 1645 ι..
2258 1583 2452 1650 Cam
2474 1587 2920 1670 Portazeqrmi,
2955 1593 3045 1655 dio
3075 1598 3171 1655 is.
3197 1593 3418 1658 Marna
3449 1601 3622 1659 1⁷20.

2115 1715 2199 1830 E
2212 1771 2491 1854 piscopus
2501 1774 2913 1858 Portalegreu.
2933 1777 2999 1839 in
3020 1779 3513 1844 relationestatus
3523 1801 3667 1846 suae

2118 1866 2416 1930 Ecclesiae
2438 1869 2514 1931 ad
2542 1870 2754 1933 &dem
2778 1872 3181 1951 Apostolicam
3210 1876 3555 1939 transmissa
3577 1896 3667 1940 re-

2118 1960 2270 2035 fert,
2302 1963 2465 2044 quod
2508 1984 2541 2027 a
2594 1975 2860 2045 tempore
2890 1966 3358 2032 immemorabili
3387 1971 3666 2052 Episcopi

2118 2055 2309 2138 Regni
2366 2058 2712 2123 Lusitaniae
2743 2072 3187 2126 consueverunt
3238 2063 3366 2126 suis
3406 2065 3667 2129 subditis

2113 2150 2396 2213 conferre
2424 2154 2680 2233 primam
2709 2154 3046 2219 clericalem
3071 2159 3430 2232 Tonsuram,
3464 2167 3525 2222 et
3545 2160 3665 2222 Or-

2119 2242 2294 2303 dines
2314 2243 2578 2307 Minores
2600 2247 2701 2308 die
2725 2249 2977 2311 Veneris
2997 2260 3126 2331 post
3156 2252 3502 2332 prandium,
3522 2261 3666 2317 aute

2116 2335 2276 2397 diem
2325 2337 2571 2402 Sabbati
2635 2341 2910 2416 Quatuor
2969 2346 3372 2426 Temporum3
3403 2366 3666 2428 cumque

2116 2444 2392 2509 quaerat,
2421 2451 2501 2494 an
2538 2433 2786 2496 collatio
2816 2436 3048 2517 primae
3084 2440 3413 2513 Tonsurae,
3457 2449 3518 2503 et
3543 2440 3662 2504 Mi·

2115 2542 2335 2585 uorum
2378 2524 2678 2588 Ordinum
2707 2527 2821 2591 hoc
2857 2531 3032 2592 modo
3078 2530 3255 2605 facta,
3292 2532 3455 2596 licita
3504 2532 3662 2599 facta

2116 2618 2240 2681 dici
2277 2619 2498 2701 valeat,
2538 2623 2840 2704 proposita
2861 2624 2979 2687 suit
3003 2627 3134 2709 ejus
3163 2628 3448 2691 instantia
3500 2628 3660 2692 inter

2127 2716 2458 2778 summaria
2486 2736 2770 2797 precum,
2813 2728 2874 2781 et
2917 2719 3016 2782 die
3035 2726 3094 2781 2.
3147 2723 3493 2785 Decembris
3511 2723 3658 2786 anni

2111 2810 2432 2890 praeteriti
2472 2810 2696 2874 dictum
2739 2811 2878 2888 fuit,
2916 2816 3080 2895 quod
3109 2824 3546 2897 proponeretur
3591 2816 3658 2880 in

2108 2900 2257 2965 solio
2280 2945 2297 2963 .

2230 2997 2444 3074 Quoad
2480 3000 2739 3080 primam
2784 3003 3159 3078 Tonsuram,
3198 3005 3370 3068 nulla
3418 3007 3658 3070 videtur

2111 3111 2240 3156 esse
2265 3093 2604 3170 difficultas,
2625 3095 2777 3177 quin
2797 3098 3006 3161 eadem
3029 3098 3293 3164 conferri
3316 3102 3498 3182 possit
3516 3111 3659 3166 ante

2117 3188 2277 3251 diem
2302 3190 2834 3266 SabbatiQuatuor
2844 3193 3232 3274 Temporum,
3248 3204 3308 3257 et
3329 3205 3459 3276 post
3478 3215 3656 3278 pran·
3784 3237 3790 3245 -

2105 3282 2283 3345 dium
2311 3306 2330 3358 ς
2372 3284 2433 3345 in
2465 3284 2800 3348 pontificati
2829 3287 3054 3348 etenim
3082 3289 3353 3350 Romano
3381 3289 3558 3352 titulo
3577 3290 3655 3353 de

2110 3377 2343 3440 Clerico
2367 3378 2639 3442 faciendo
2655 3380 2740 3442 sic
2767 3379 3022 3461 legitur:
3057 3381 3313 3444 Clericus
3337 3384 3464 3464 fieri
3474 3394 3655 3465 potest

2107 3475 2278 3534 stiam
2312 3484 2481 3534 extra
2512 3473 2832 3536 Missurum
2858 3477 3137 3539 solemnia
3165 3497 3509 3556 quocumque
3537 3480 3651 3551 dis.

2106 3566 2270 3637 hora,
2297 3579 2347 3628 st
2381 3568 2515 3641 ίοοο,
2553 3577 2612 3629 et
2636 3568 2713 3630 ad
2742 3587 2868 3629 rem
2900 3579 3347 3650 prosequuntur
3387 3569 3648 3651 Faqnan.

2107 3661 2170 3719 in
2206 3680 2334 3741 cap.
2362 3663 2427 3722 ds
2447 3682 2508 3722 so
2536 3681 2696 3722 nureo.
2721 3665 2780 3722 4.
2816 3662 2881 3722 ds
2913 3674 3145 3744 tempori
3181 3662 3453 3726 Ordinat-
3483 3669 3650 3731 Ana-

2108 3755 2236 3816 clst.
2260 3757 2337 3817 ad
2355 3758 2603 3817 eumdem
2625 3759 2861 3817 titulum
2879 3757 3160 3820 Deci-scal.
3177 3757 3243 3840 §-
3269 3765 3328 3819 2.
3353 3780 3514 3823 num.
3543 3768 3643 3824 30.

2223 3850 2435 3925 Quoad
2481 3850 2745 3913 Minores
2794 3850 3053 3913 Ordines
3104 3849 3455 3916 Alexander
3485 3857 3650 3938 Papa

2106 3943 2346 4005 Tertius
2377 3945 2439 4007 in
2463 3944 2721 4025 allegato
2749 3964 2873 4024 cap.
2913 3946 2978 4005 ds
3015 3967 3077 4007 co
3102 3948 3168 4006 ds
3197 3959 3427 4028 tempor.
3467 3948 3649 4011 Ordi-

2100 4048 2224 4100 καί.
2243 4038 2474 4113 statuit,
2489 4039 2650 4119 quod
2673 4048 2846 4100 extra
2863 4039 3093 4123 jejunia
3105 4039 3381 4115 Quatuor
3392 4044 3648 4124 Tempo-

2102 4152 2239 4197 rum
2268 4133 2495 4215 possint
2521 4133 2795 4215 Episcopi
2822 4133 3154 4197 Dominicis
3189 4144 3294 4198 aut
3320 4135 3459 4199 aliis
3477 4136 3645 4201 festi-

2100 4228 2194 4290 vis
2216 4229 2432 4291 diebus
2450 4248 2666 4303 unum,
2685 4237 2793 4290 aut
2812 4229 2964 4291 duos
2988 4230 3066 4291 ad
3096 4229 3364 4293 Minores
3389 4230 3650 4296 Ordines

2098 4341 2475 4403 promovere,
2499 4331 2560 4385 et
2585 4323 2651 4384 in
2672 4321 3005 4405 Pontificali
3024 4324 3278 4407 Romano
3306 4328 3396 4386 tit.
3423 4327 3490 4388 ds
3513 4326 3644 4390 Ma·-

2102 4420 2334 4479 noribus
2365 4416 2680 4479 Ordinibus
2698 4417 2783 4479 sic
2808 4416 3063 4499 legitur:
3091 4430 3339 4497 quatuor
3384 4419 3645 4482 Minores

2103 4512 2346 4575 Ordines
2383 4515 2516 4576 dari
2537 4522 2768 4596 possum
2809 4524 2984 4573 extra
3025 4513 3347 4575 Missurum
3368 4515 3642 4578 solemnia

2092 4608 2286 4675 dicbus
2332 4609 2644 4671 Dominicis
2662 4653 2681 4681 ,
2726 4617 2779 4669 st
2829 4607 3040 4687 festivis
3084 4607 3427 4688 duplicibus,
3454 4610 3548 4671 ssd
3576 4611 3643 4670 in

2090 4722 2255 4764 mans
2281 4714 2534 4763 tamum.
2581 4746 2600 4775 3

2174 4844 2175 4847 η
2216 4796 2287 4857 ln
2316 4814 2440 4877 quo
2468 4813 2672 4857 rerum
2702 4800 2864 4857 statu
2887 4838 2904 4867 ,
2934 4811 3113 4855 nemo
3139 4812 3260 4856 non
3291 4794 3484 4871 videt,
3510 4815 3642 4878 per·

2094 4890 2341 4951 missum
2370 4890 2445 4952 de
2476 4890 2616 4971 jure
2644 4907 2766 4951 non
2783 4907 2913 4950 esse
2936 4886 3213 4949 conferre
3238 4888 3498 4953 Ordines
3519 4892 3646 4954 Mi-

2090 5002 2267 5046 nores
2316 4984 2415 5046 die
2460 4983 2713 5045 Veneris
2757 4988 2889 5063 post
2940 4982 3262 5062 prandium
3291 4992 3435 5048 ante
3474 4984 3637 5049 diem

2086 5077 2334 5140 Sabbati
2366 5076 2641 5151 Quatuor
2666 5076 3053 5156 Temporum.
3127 5112 3130 5117 -

2205 5174 2284 5232 At
2311 5169 2628 5232 difficultas
2654 5180 2740 5230 est
2774 5169 2838 5230 in
2865 5168 3300 5233 consuetudine
3318 5215 3338 5246 ,
3371 5178 3433 5234 et
3457 5188 3633 5254 prae-

2086 5267 2294 5328 sertim
2347 5263 2811 5327 immemorabili
2836 5308 2855 5339 ,
2891 5263 2981 5326 uti
3037 5264 3328 5328 asseritur
3360 5266 3441 5329 ab
3486 5269 3632 5350 Epi·

2201 5450 2561 5516 Admittitur
2594 5470 2629 5514 a
2660 5449 3018 5514 Doctoribus
3045 5450 3228 5533 hujus
3255 5446 3633 5519 cousuetudi-
