4393 6299
1674 542 1873 614 Q‘UAE
1901 548 2012 603 5⁴1·
2038 547 2135 602 to
2187 545 2464 605 colvm.

405 704 629 763 nfirum
661 698 957 763 sexdecim
985 747 1001 772 ,
1040 717 1149 781 pro
1183 699 1357 762 tacita
1393 698 1757 779 professione
1791 717 1971 781 expo-

402 807 575 857 scunt
605 795 883 859 annalem
907 795 1253 855 ulteriorem
1283 795 1673 875 gestationem
1701 795 1965 867 habitus,

403 891 633 951 nullam
691 889 1063 951 admittentis
1104 889 1545 949 distinctionem
1597 887 1755 949 inter
1785 887 1967 949 Novi-

405 985 517 1045 tios
545 1029 561 1055 ‚
603 995 661 1045 et
705 983 999 1045 Professus
1025 1031 1039 1053 ,
1091 983 1333 1061 (prendo
1381 981 1483 1041 alii
1535 981 1691 1043 hanc
1719 981 1969 1041 ulterio-

409 1097 533 1139 rem
569 1079 847 1137 annalem
889 1077 1135 1137 babitus
1173 1077 1561 1157 gestationem
1595 1077 1965 1147 excludunt,

405 1173 771 1251 tacitamque
793 1173 1159 1233 contendunt
1183 1172 1489 1231 inductam
1512 1171 1963 1251 professionem,

407 1269 605 1327 statim
633 1289 701 1328 ac
731 1267 967 1347 elapsus
995 1279 1081 1327 est
1107 1287 1301 1327 aniius
1331 1267 1689 1333 Novitiatus‚
1717 1275 1771 1325 et
1803 1285 1965 1325 com·
2015 1278 2016 1289 ¹

407 1361 567 1441 pieta
613 1371 701 1423 est
729 1373 891 1421 aetas
937 1381 1235 1421 annorum
1283 1360 1625 1431 sexdecim,
1661 1357 1745 1419 uti
1791 1359 1967 1439 plene

407 1457 601 1517 'videri
635 1465 823 1535 potest
864 1457 1017 1535 apud
1049 1455 1335 1515 Passer-in.
1389 1457 1451 1513 de
1489 1455 1643 1513 Stat.
1679 1455 1967 1511 ,hominum

405 1561 539 1609 tom.
569 1557 625 1611 3.
649 1561 869 1629 quaest.
899 1557 1031 1609 189.
1057 1563 1171 1619 art.
1203 1555 1295 1609 10.
1315 1553 1541 1629 impert.
1559 1555 1617 1609 6.
1639 1569 1797 1607 naim.
1823 1555 1961 1609 279.

523 1647 603 1707 At
643 1645 945 1725 quidquid
973 1645 1051 1705 sit
1105 1643 1179 1705 de
1221 1643 1331 1704 hac
1383 1645 1789 1705 controversia
1819 1689 1833 1717 ‚
1873 1663 1965 1705 ea-

407 1739 541 1799 dem
563 1739 813 1799 omnino
833 1757 1065 1799 cessare
1081 1739 1321 1799 videtur
1345 1739 1407 1799 in
1427 1739 1660 1799 Ordine
1681 1739 1963 1799 Fratrum

407 1835 897 1895 Praedicatorum
927 1855 943 1891 ε
977 1835 1041 1893 111
1087 1833 1201 1895 hoe
1235 1835 1455 1895 etenim
1489 1833 1965 1913 praeclarissimo

405 1927 637 1991 Ordine
659 1973 677 2001 ,
723 1949 859 1991 cum
905 1929 1289 1989 indistinctus
1317 1931 1389 1989 sit
1421 1929 1663 1989 habitus
1693 1927 1963 1989 Novitio-

407 2043 543 2083 rum
591 2025 669 2085 ab
717 2024 929 2087 habitu
963 2025 1373 2085 Professorum
1403 2071 1419 2095 ‚
1455 2043 1574 2083 non
1625 2023 1817 2081 sulum
1847 2021 1963 2083 sibi

413 2117 677 2179 vindicat
713 2119 907 2181 locum
937 2139 1007 2181 ea
1047 2119 1221 2181 tacita
1255 2117 1542 2199 professio
1569 2167 1581 2191 ,
1613 2119 1689 2179 de
1719 2135 1839 2197 qua
1863 2137 1965 2177 su-

409 2231 516 2291 pra
551 2213 795 2273 habitus
835 2223 921 2275 est
967 2233 1161 2273 sermo
1188 2259 1203 2283 ,
1235 2213 1323 2273 uti
1369 2213 1485 2273 late
1517 2213 1731 2291 probat
1775 2211 1966 2271 Festus
2015 2284 2016 2290 ἵ

403 2309 463 2365 in
513 2307 737 2369 Smnm.
793 2309 1275 2369 Constitu-tionum
1307 2355 1319 2375 ,
1359 2307 1867 2379 Βεσὶσναιίωιιηπ,
1917 2317 1967 2367 et
2015 2308 2016 2311 ’

407 2400 695 2461 Ordinem
737 2423 863 2481 cap.
923 2409 1019 2463 35.
1057 2403 1155 2461 sed
1191 2403 1371 2463 etiam
1403 2401 1647 2463 inducta
1691 2411 1967 2461 censetur

411 2495 589 2557 tacita
625 2497 915 2575 professio
945 2497 1005 2555 in
1045 2495 1175 2575 ipso
1203 2495 1487 2575 temporis
1523 2505 1825 2557 momento
1853 2543 1867 2565 ,
1901 2493 1963 2554 111

405 2607 529 2669 quo
553 2637 569 2661 ,
603 2591 885 2651 absoluto
915 2591 1255 2653 Novitiatus
1297 2607 1457 2649 anno
1483 2635 1501 2661 ‚
1541 2589 1816 2649 Neritius
1857 2607 1965 2649 an-

409 2703 555 2745 num
599 2685 863 2767 complet
911 2685 1125 2749 aetatis
1151 2703 1295 2745 suae
1335 2683 1635 2745 decimum
1687 2693 1921 2743 sextum
1947 2733 1961 2753 ,
2015 2724 2016 2729 κ

409 2781 497 2841 1111
529 2779 753 2861 legitur
777 2783 843 2839 in
881 2779 1067 2841 Gloss.
1105 2781 1183 2841 od
1217 2779 1407 2857 ¹Caput
1451 2783 1543 2837 15.
1593 2777 1968 2839 Constitutio-

407 2893 547 2933 num
581 2875 715 2935 dist.
747 2875 941 2953 prima
973 2893 1105 2953 pay.
1137 2877 1271 2935 tot.
1311 2875 1495 2949 jamra
1525 2873 1967 2933 1101111111αωί01-

399 2971 737 3049 pressionem
777 2973 921 3029 anni
967 2975 1141 3029 1609.
1191 2989 1349 3049 quae
1401 2969 1607 3029 Glossa
1637 2967 1819 3029 habet
1843 2967 1965 3027 vim

409 3059 559 3143 legis
601 3062 663 3121 in
693 3063 925 3123 Ordine
949 3107 965 3135 ,
999 3071 1175 3125 otest
1213 3063 1275 3122 in
1323 3061 1497 3143 praxi
1531 3073 1761 3141 recepta
1789 3107 1802 3133 ,
1839 3073 1969 3121 teste

407 3155 711 3218 Passer-iao
755 3161 869 3218 loco
913 3160 1087 3220 citato
1129 3178 1287 3218 num.
1343 3163 1481 3218 290.
1537 3159 1655 3218 Nec
1699 3157 1923 3218 mirum
1949 3206 1965 3226 ,

407 3250 553 3330 quia
573 3250 637 3310 in
660 3252 871 3312 iisdem
897 3252 1441 3314 constitutionibus
1463 3273 1589 3332 cap.
1631 3256 1722 3312 14.
1753 3254 1817 3312 de
1845 3252 1967 3312 No-

407 3346 563 3402 eitiis
591 3346 721 3404 diet.
777 3350 831 3406 1.
873 3366 1031 3406 num.
1083 3352 1175 3406 10.
1225 3366 1357 3426 paq.
1393 3352 1487 3404 99.
1541 3346 1971 3424 praescribitur

409 3446 499 3510 ut,
537 3440 893 3502 decurrente
917 3460 1079 3502 anno
1101 3442 1499 3520 probationis,
1527 3440 1973 3520 constitutoque

411 3532 647 3594 Neritio
681 3532 745 3594 in
777 3544 978 3597 aetate·
1017 3534 1093 3596 ad
1137 3534 1341 3596 minus
1379 3554 1679 3597 annorum
1717 3536 1917 3596 decem
1945 3580 1961 3606 ,

411 3636 469 3688 et
490 3626 767 3706 quinque
791 3672 809 3702 ‚
843 3628 1153 3690 praelatus
1179 3628 1371 3690 eidem
1399 3630 1725 3690 terminum
1759 3628 1971 3708 praefi-

413 3728 515 3802 gat
565 3722 641 3782 ad
675 3720 1102 3794 liberandum,
1137 3742 1215 3784 an
1263 3722 1535 3802 profiteri
1587 3722 1777 3794 velit,
1829 3742 1965 3782 cum

413 3818 871 3896 protestatione,
905 3818 1065 3896 quod
1097 3818 1297 3878 statim
1327 3818 1531 3898 elapso
1559 3818 1819 3878 termino
1851 3818 1965 3878 sibi

413 3920 617 3999 1111111111
643 3960 659 3982 ,
680 3912 807 3973 nisi
835 3912 933 3974 vel
961 3912 1041 3974 ab
1069 3912 1197 3992 ipso
1221 3958 1236 3984 ,
1268 3912 1363 3974 vel
1397 3932 1431 3974 a
1479 3912 1793 3994 Religione
1821 3932 1965 3972 eon-

411 4006 733 4068 tradictum
763 4006 947 4068 fuerit
977 4054 991 4078 ,
1031 4008 1221 4068 factus
1255 4018 1343 4070 est
1369 4026 1541 4068 casus
1569 4008 1784 4070 tacitae
1829 4028 1967 4088 pro-

407 4100 681 4162 fessionis
713 4102 1039 4184 obligantis
1077 4104 1154 4164 ad
1205 4104 1321 4164 tria
1351 4112 1492 4166 vota
1539 4104 1919 4184 paupertatis
1947 4150 1965 4178 ,

413 4196 715 4258 Castitatis
737 4242 755 4269 ,
787 4207 847 4258 et
897 4196 1329 4270 obedientiae,
1369 4196 1601 4258 etiamsi
1640 4216 1919 4278 expressa
1947 4242 1963 4272 ,

409 4298 470 4354 et
491 4291 775 4354 solemnis
801 4292 1091 4372 professio
1115 4312 1235 4352 non
1261 4292 1593 4354 emittatur.

529 4386 621 4448 Ad
655 4386 923 4448 tramites
951 4386 1457 4448 Constitutionum
1485 4432 1501 4460 ‚
1535 4404 1689 4466 quas
1731 4394 1969 4466 praeter

409 4480 697 4566 allegatos
723 4490 996 4542 auctores
1011 4524 1029 4552 ,
1061 4478 1369 4562 graviores
1389 4478 1637 4540 Ordinis
1661 4480 1969 4540 Praedica-

413 4584 614 4638 torum
659 4573 865 4638 Patres
891 4592 925 4638 a
955 4593 1053 4636 me
1087 4574 1439 4656 interrogati
1465 4620 1481 4646 ,
1519 4574 1803 4634 dixerunt
1843 4592 1969 4634 esse

411 4668 476 4730 in
503 4668 687 4732 viridi
711 4668 1093 4730 observantia
1117 4718 1135 4742 ,
1171 4688 1311 4732 eum
1338 4670 1669 4752 Margarita
1695 4668 1981 4733 Victoria,

413 4763 711 4826 Pararelli
755 4764 1021 4846 ingressa
1069 4774 1223 4826 esset
1249 4764 1685 4826 Monasterium
1729 4764 1965 4826 Meuia-

415 4858 565 4920 liom
615 4858 865 4920 Ordinis
909 4856 1395 4922 Praedicatorum
1431 4858 1495 4920 S.
1535 4858 1897 4920 catharinae
1929 4876 1967 4918 a

413 4952 583 5014 Senis
609 4952 883 5014 Civitatis
911 4952 1215 5014 Camerini
1243 4998 1259 5026 ,
1295 4960 1355 5014 et
1383 4952 1543 5014 inter
1573 4952 1845 5014 Novitiae
1871 4970 1961 5012 e&

411 5056 501 5108 set
527 5046 797 5108 'admissa
829 5092 846 5118 ‚
877 5056 1205 5126 antequam
1237 5046 1543 5128 expiraret
1591 5044 1845 5106 ultimus
1871 5046 1965 5106 bi-

413 5140 1027 5204 mestris'Novitiatus
1052 5188 1069 5214 ,
1101 5140 1313 5202 Frater
1359 5135 1618 5202 Thomas
1645 5140 1967 5200 Gnidottus

413 5223 825 5298 confessarius
855 5284 869 5306 ‚
901 5242 967 5298 et'
993 5236 1274 5298 vicarius
1301 5234 1649 5298 Menanterii
1697 5252 1831 5294 eam
1853 5252 1965 5294 eo-

415 5348 552 5392 ram⁴
576 5328 867 5392 Ptiorissa
889 5376 907 5402 ,
939 5336 997 5392 et
1021 5327 1393 5392 Monialibua
1408 5328 1687 5392 ¹discretis
1713 5330 1967 5390 interro·

412 5424 579 5506 &gavit
605 5470 623 5498 ,
667 5442 745 5486 an
791 5431 977 5486 staret
1019 5424 1084 5484 in
1135 5418 1443 5504 preposito
1479 5424 1961 5486 ducendi-*vitam
2007 5486 2008 5491 ,

415 5517 979 5582 sanctimonialium
1034 5520 1097 5580 in
1143 5518 1509 5582 Menanter-io
1533 5564 1553 5594 ‚
1605 5518 1963 5598 monuitque

3339 545 3445 602 ΞΜ

2080 699 2240 780 quod
2270 745 2286 773 ‚
2324 698 2526 781 elapso
2558 698 2774 761 ultimo
2800 698 2958 761 dicto
2984 698 3256 763 bimestri
3284 747 3300 773 ‚
3340 698 3454 761 nisi
3486 717 3628 761 ron-

2082 797 2328 857 trariam
2364 817 2536 857 suam
2579 797 2930 877 explicasset
2960 797 3334 859 voluntatem
3362 841 3378 867 ,
3409 795 3628 857 adstri-

2078 901 2170 951 cta
2198 890 2546 951 remanebat
2563 891 2638 951 ad
2666 889 2778 951 tria
2802 891 2952 949 Vota
2982 891 3306 971 Regularia
3332 891 3392 949 in
3416 907 3628 969 seque·-

2082 985 2200 1045 lam
2236 985 2448 1047 tacitae
2470 983 2852 1065 professionis
2874 1031 2890 1057 ,
2926 993 2984 1045 et
3012 993 3314 1065 acceptata
3342 1003 3374 1045 a
3398 985 3630 1065 Marga-

2078 1081 2196 1141 rita
2222 1079 2486 1141 Victoria
2520 1079 2942 1159 protestatione
2968 1080 3180 1140 tacitae
3202 1077 3584 1161 professionis
3612 1121 3628 1149 ,

2080 1185 2212 1257 post
2234 1175 2564 1235 nonnullos
2594 1175 2746 1235 alios
2768 1175 2894 1235 dies
2932 1175 3086 1235 idem
3122 1175 3294 1235 Pater
3320 1171 3632 1235 Confessa-

2078 1271 2206 1329 rius
2226 1317 2240 1337 ,
2288 1277 2348 1331 et
2392 1267 2672 1329 Vicarius
2700 1269 2892 1329 eidem
2926 1269 3254 1329 notificavit
3284 1317 3296 1337 ,
3328 1267 3488 1345 quod
3520 1285 3632 1327 an-

2080 1372 2324 1443 tequam
2366 1363 2696 1424 baberetur
2732 1383 2842 1443 pro
2870 1363 3042 1425 tacite
3072 1363 3328 1441 professa
3361 1411 3372 1431 ‚
3402 1369 3634 1441 poterat

2078 1459 2364 1519 devenire
2382 1459 2456 1519 ad
2478 1467 2680 1521 aetum
2706 1459 3180 1519 renunciationis
3204 1459 3476 1517 omniurn
3498 1475 3632 1517 suo·

2078 1571 2216 1613 rum
2242 1555 2562 1623 bonorum,
2586 1561 2646 1615 et
2660 1553 2894 1633 jurium
2916 1551 3628 1633 favoreconjunctorum,

2076 1667 2214 1709 cum
2262 1649 2668 1709 reservatione
2712 1649 2902 1709 annui
2934 1645 3122 1709 livelli
3170 1667 3278 1727 pro
3304 1645 3430 1705 suis
3474 1643 3632 1705 indi-

2076 1743 2300 1823 gentiis
2330 1741 2662 1823 Religiosis.

2196 1839 2416 1899 Actum
2483 1837 2596 1899 fuit
2626 1883 2642 1909 ,
2696 1837 3050 1897 decurrente
3114 1833 3384 1895 bimestri
3412 1880 3428 1907 ,
3480 1833 3638 1897 inter

2080 1930 2402 1991 Urbanum
2434 1929 2814 1991 Purarellum
2848 1929 3118 1998 Patrem.
3156 1939 3212 1989 et
3246 1927 3636 2009 Margaritae:

2080 2025 2420 2087 Victoriam
2450 2025 2640 2087 filiam
2664 2025 2740 2085 de
2774 2025 3178 2085 reservatione
3208 2022 3430 2097 livelli,
3468 2043 3636 2085 cum-

2076 2139 2198 2201 que
2246 2121 2408 2181 inter
2432 2139 2496 2183 se
2538 2121 2902 2181 concordare
2932 2139 3050 2179 non
3082 2119 3390 2199 potuerint
3416 2163 3432 2189 ,
3466 2129 3524 2181 et
3554 2119 3640 2179 sic

2082 2213 2250 2275 nulla
2290 2215 2506 2275 emissa
2540 2213 2724 2275 fuerit
2766 2233 2800 2275 a
2832 2213 3158 2295 Margarita
3216 2211 3592 2273 renunciatio
3616 2255 3634 2285 ,

2080 2319 2212 2389 post
2264 2309 2456 2371 dictos
2484 2311 2634 2369 duos
2668 2327 2896 2369 menses
2928 2307 3158 2387 elapsos
3186 2355 3200 2377 ‚
3236 2307 3514 2367 Urbanus
3542 2305 3638 2365 in-

2076 2403 2242 2465 stetit
2280 2423 2388 2485 pro
2422 2403 2914 2477 renunciatione;
2956 2421 3216 2481 cumque
3254 2401 3448 2461 eidem
3488 2399 3638 2461 fuis-

2023 2533 2024 2537 =
2076 2509 2165 2561 set
2212 2519 2572 2577 responsum
2600 2543 2618 2571 ‚
2676 2517 2799 2559 non
2846 2517 2973 2559 esse
3002 2497 3264 2575 amplius
3302 2495 3498 2557 locum
3550 2515 3638 2555 re-

2076 2591 2478 2667 nunciationi,
2514 2593 2658 2673 quia
2688 2591 2878 2653 factus
2904 2601 3028 2651 erat
3048 2593 3174 2672 jam
3216 2609 3386 2651 casus
3424 2589 3638 2649 tacitae

2078 2687 2504 2767 professionis,
2558 2687 2806 2747 fuerunt
2850 2687 2930 2747 ab
2974 2705 3046 2771 eo
3086 2683 3394 2746 exhibitae
3436 2701 3636 2763 preces

2082 2783 2225 2843 huic
2268 2783 2400 2843 Sac.
2448 2781 2910 2863 congregationi
2942 2825 2958 2853 ,
3008 2789 3076 2841 ut
3115 2781 3246 2861 ejus
3282 2777 3640 2839 auctoritate

2082 2877 2330 2957 petitam
2354 2877 2638 2957 consequi
2672 2885 2862 2957 posset
2896 2875 3434 2943 renunciationem,
3468 2893 3634 2933 011111·-

2080 2993 2202 3053 que
2232 3019 2248 3045 ‚
2272 2976 2446 3055 juxta
2482 2991 2710 3033 morem
2736 3017 2752 3045 ‚
2794 2971 3082 3051 scriptum
3112 2969 3318 3031 fuisset
3346 2967 3638 3048 Episcopo

2090 3087 2202 3147 pro
2226 3067 2666 3129 Informatione
2694 3115 2710 3137 ‚
2757 3065 3036 3145 exposuit
3066 3063 3170 3125 ille
3196 3113 3210 3133 ,
3244 3061 3634 3125 transmissis-

2080 3184 2200 3242 que
2236 3161 2612 3224 documentis
2636 3208 2652 3234 ,
2686 3161 3038 3222 recensitam
3070 3159 3206 3220 facti
3252 3157 3464 3220 seriem
3494 3176 3636 3218 0011-

2082 3258 2390 3328 firmavit,
2422 3266 2478 3316 et
2506 3256 2566 3316 in
2610 3254 2906 3336 praesenti
2936 3252 3250 3334 quaeritur
3274 3296 3292 3324 ,
3318 3270 3394 3312 an
3438 3250 3636 3330 petitis

2078 3350 2156 3412 sit
2188 3350 2603 3412 annuendum.

2202 3446 2532 3528 Margarita
2570 3462 2770 3504 coram
2812 3442 3106 3522 Episcopo
3138 3448 3458 3520 protestate
3500 3446 3632 3508 est,

2038 3574 2040 3576 ·
2080 3560 2142 3600 se
2190 3560 2316 3602 esse
2372 3559 2512 3600 vere
2564 3538 2894 3618 professam
2924 3582 2942 3608 ,
2994 3538 3094 3596 sed
3148 3556 3210 3598 se
3260 3554 3638 3614 summopere

2078 3642 2366 3714 exoptare
2388 3630 2910 3692 renunciationem
2940 3628 3136 3692 facere
3164 3648 3336 3710 posse
3360 3674 3374 3702 ,
3408 3650 3482 3690 ne
3506 3646 3634 3710 per-

2082 3736 2326 3806 petuum
2360 3726 2576 3788 babeat
2620 3746 2756 3786 cum
2799 3726 3016 3798 Patre,
3068 3734 3124 3786 et
3166 3722 3638 3804 consanguineis

2080 3820 2422 3882 dissidium.
2458 3820 2740 3882 Urbanus
2762 3820 2940 3880 Pater
2968 3818 3054 3880 ait
3082 3866 3098 3890 ‚
3128 3838 3190 3879 se
3230 3836 3464 3896 semper
3504 3836 3632 3876 cre-

2017 3906 2028 3925 ”
2078 3914 2300 3976 didisse
2326 3960 2342 3986 ‚
2388 3914 2548 3994 quod
2578 3932 2860 3994 expressa
2894 3912 3180 3992 professio
3206 3918 3360 3972 esset
3386 3932 3420 3972 a
3470 3910 3628 3972 Filia

2080 4010 2406 4072 emittenda
2432 4056 2448 4082 ,
2482 4010 2650 4070 etsie
2693 4018 2930 4088 praeter
2976 4026 3148 4068 snam
3192 4006 3630 4078 intentionem,

2078 4112 2138 4168 et
2168 4106 2282 4168 sub
2304 4106 2466 4166 bona
2494 4104 2614 4164 fide
2636 4102 2906 4184 elapsum
2928 4102 3114 4164 fuisse
3132 4100 3458 4164 terminum
3482 4098 3634 4160 duo-

2078 4218 2218 4260 rum
2240 4200 2562 4260 mensium.
2592 4196 2776 4258 Addit
2800 4198 3036 4257 tacitam
3060 4194 3490 4276 professionem
3518 4192 3632 4252 sibi

2083 4308 2254 4374 posse
2282 4294 2592 4354 vindicare
2620 4292 2818 4354 locum
2840 4292 2902 4352 in
2925 4290 3242 4352 Fratribus
3262 4290 3323 4350 S.
3358 4286 3630 4350 Domini-

2076 4388 2128 4450 ci
2160 4436 2174 4460 ,
2210 4389 2310 4450 sed
2338 4406 2458 4448 non
2486 4386 2548 4446 in
2592 4386 2918 4448 Sororibus
2940 4432 2958 4458 ‚
2984 4404 3122 4446 eum
3150 4384 3214 4446 in
3240 4381 3632 4446 Constitutio-

2080 4482 2262 4542 nibus
2312 4482 2598 4544 Sororum
2654 4502 2780 4561 cop.
2838 4486 2930 4540 16.
2972 4480 3096 4542 sola
3142 4478 3248 4542 fiat
3280 4478 3506 4540 mentio
3536 4496 3636 4536 ex-

2079 4596 2318 4658 pressae
2356 4576 2740 4658 professionis
2766 4620 2782 4649 ,
2814 4578 2976 4654 quod
3010 4574 3204 4654 ipsum
3240 4574 3498 4634 habetur
3524 4618 3542 4644 ,
3568 4572 3635 4630 in

2072 4672 2324 4754 Robrica
2368 4674 2602 4752 spectata·
2648 4672 2712 4730 de
2760 4672 2954 4742 1110110,
2999 4680 3049 4728 et
3096 4670 3294 4728 ordine
3328 4668 3636 4748 recipiendi

2078 4766 2330 4836 Fratres,
2359 4778 2408 4826 et
2436 4764 2668 4826 Sorores
2688 4766 2754 4824 de
2772 4766 3122 4844 poenitentia
3140 4762 3212 4824 S.
3244 4760 3534 4822 Dominici
3556 4762 3636 4822 ed

2076 4862 2332 4922 habitum
2360 4904 2376 4932 ,
2412 4862 2502 4918 eti
2536 4860 2770 4920 liabetur
2814 4878 2946 4938 pay.
2996 4862 3090 4918 15.
3116 4868 3168 4918 rt
3196 4876 3328 4936 pay.
3366 4860 3464 4916 52.
3510 4866 3630 4936 post

2076 4952 2514 5014 constitutiones
2560 4952 2832 5012 Fratrum
2878 4950 3118 5012 Ordinis
3164 4950 3632 5014 praedicatorum

2046 5050 2284 5108 ,1101111111
2328 5050 2624 5126 impressos
2664 5066 2816 5108 cano
2870 5049 3044 5108 1690.
3098 5056 3160 5108 et
3196 5046 3390 5106 multo
3442 5044 3632 5126 magis

2072 5161 2210 5203 eum
2244 5142 2302 5202 in
2336 5142 2704 5220 professione
2730 5140 3058 5202 Mulierum
3086 5184 3102 5214 ‚
3128 5142 3202 5202 ad
3226 5140 3630 5202 differentiam

2076 5234 2460 5316 professionis
2480 5233 2766 5294 Virorum
2794 5282 2812 5304 ‚
2834 5236 2936 5316 jus
2960 5244 3236 5314 exposcat
3268 5234 3629 5314 scripturam

2072 5348 2108 5392 a
2152 5328 2474 5390 Profitente
2516 5328 2914 5410 subscriptam
2942 5372 2958 5400 ‚
3012 5338 3120 5388 aut
3170 5326 3380 5388 saltem
3424 5326 3626 5406 signa-

2074 5432 2238 5494 tam,
2267 5422 2360 5482 uti
2408 5422 2664 5485 babetur
2708 5426 2770 5482 in
2822 5422 2971 5484 Can.
3034 5422 3222 5484 Viduo
3254 5426 3354 5482 29.
3406 5430 3624 5500 φακοί.

2076 5520 2130 5578 1.
2158 5528 2210 5578 ot
2236 5518 2300 5578 in
2342 5516 2490 5578 Can.
2544 5538 2726 5578 omnes
2772 5518 3044 5596 foeminae
3066 5522 3166 5580 27.
3216 5527 3432 5598 quaese.
3482 5522 3534 5578 l.
3568 5524 3626 5578 et
