4393 6299
959 516 1067 569 a'to

1941 513 2391 584 Quas-moses
2428 513 2784 572 cusomcffi

767 668 900 732 sitis
927 669 993 731 in
1028 670 1218 731 Terra
1240 713 1259 743 ,
1296 668 1372 730 de
1397 685 1521 750 qua
1544 685 1707 729 nunc
1727 666 1929 749 agitur
1952 677 1973 741 3‘
2006 676 2133 730 tum
2175 667 2324 749 quia
2431 669 2598 753 gavit
2616 670 2693 733 ad
2714 677 2939 732 certam
2959 685 3259 730 summam
3278 665 3457 730 dictis
3472 661 3837 729 Mulieribus
3855 677 3987 746 11oe-

772 775 895 827 tam
917 773 1058 826 ante
1083 762 1523 825 concessionem
1550 761 1870 836 Ecclesiae,
1901 762 1976 824 de
2002 781 2125 843 qua
2154 781 2320 826 nunc

770 859 972 940 agitur
993 903 1011 931 ,
1045 857 1327 919 Patribus
1371 856 1591 919 factam
1609 902 1627 929 ,
1676 875 1862 937 quam
1911 866 2046 938 post
2083 877 2324 919 conces-

770 954 1000 1014 sionem
1025 998 1043 1025 ,
1095 970 1329 1032 semper
1381 950 1501 1012 fnit
1535 949 1599 1012 in
1650 951 2018 1031 possessione
2064 952 2321 1013 canendi

772 1049 983 1110 Missas
1009 1046 1369 1108 adventitias
1396 1046 1458 1106 in
1484 1045 1676 1107 Altari
1700 1046 1761 1106 S.
1798 1046 2020 1108 Luciae
2049 1047 2148 1108 die
2172 1046 2325 1108 festo

770 1142 1037 1224 ejusdem
1069 1142 1321 1203 Sanctae
1343 1187 1362 1215 ,
1391 1149 1451 1202 et
1475 1140 1716 1202 tandem
1744 1141 1892 1220 quia
1920 1140 2182 1203 Ecclesia
2203 1187 2219 1213 ,
2253 1143 2328 1204 de

771 1256 891 1318 qua
935 1256 1096 1297 nunc
1132 1237 1335 1318 agitur
1360 1281 1378 1308 ,
1410 1235 1578 1298 nulla
1615 1235 1842 1297 fruitur
1869 1236 2253 1316 exemptione
2289 1255 2327 1299 a

765 1329 1185 1412 jurisdictione
1210 1329 1539 1392 Ordinaria
1563 1375 1580 1403 ,
1625 1349 1764 1392 cum
1807 1336 1946 1415 post
1993 1330 2326 1392 concessio·

774 1444 911 1486 nem
939 1470 956 1498 ,
981 1442 1164 1503 quam
1196 1423 1475 1485 nullitate
1501 1423 1781 1486 laborare
1823 1423 2201 1504 praetendit,
2228 1431 2327 1485 ut-

774 1526 911 1599 pote
937 1516 1173 1597 spoliati
1184 1536 1320 1578 vam
1345 1563 1363 1589 ,
1388 1526 1449 1578 et
1475 1517 1804 1579 violentam
1831 1563 1851 1588 ,
1880 1515 2064 1578 fuerit
2092 1516 2322 1597 pluries

774 1613 855 1673 ab
887 1609 1233 1673 Ordinariis
1254 1610 1493 1673 visitata
1517 1653 1535 1671 .

895 1706 1103 1767 Patres
1139 1724 1175 1766 e
1215 1713 1422 1788 contra
1470 1703 1724 1777 dicunt,
1757 1702 2011 1784 reperiri
2040 1702 2105 1764 in
2133 1702 2328 1766 Altari

778 1799 977 1862 dicato
1016 1799 1079 1861 S.
1112 1799 1334 1861 Luciae
1371 1796 1741 1859 Beneficium
1770 1798 2076 1879 quoddam
2098 1843 2116 1870 ,
2166 1797 2328 1860 inter

778 1895 952 1974 cujus
976 1911 1162 1954 onera
1190 1891 1492 1972 reperitur
1518 1935 1536 1962 ,
1566 1891 1728 1972 quod
1762 1890 2165 1970 cappellanus
2202 1890 2328 1952 sin·

778 1987 938 2070 gulis
963 1986 1139 2049 annis
1161 2031 1180 2059 ,
1211 1995 1272 2047 et
1298 1985 1397 2046 die
1423 1983 1767 2046 festivitatis
1809 1983 1872 2045 S.
1921 1983 2140 2046 Luciae
2171 1983 2330 2046 cele-

780 2080 957 2154 bret,
984 2079 1253 2142 invitatis
1288 2077 1664 2159 Presbyteris
1700 2078 1925 2139 Terrae
1967 2075 2031 2137 S.
2080 2077 2330 2151 Leonis,

780 2194 890 2236 nec
913 2194 978 2235 se
1001 2173 1145 2235 huic
1167 2173 1255 2234 rei
1284 2170 1603 2254 refragari,
1627 2180 1689 2232 et
1709 2170 1967 2232 ulterius
1987 2170 2332 2245 admittere,

778 2268 946 2350 quod
968 2267 1087 2330 alia
1113 2268 1297 2330 Missa
1318 2266 1530 2329 eodem
1556 2266 1656 2327 die
1683 2310 1701 2339 ,
1724 2274 1786 2327 et
1811 2265 1874 2326 in
1906 2264 2115 2327 eodem
2140 2264 2337 2327 Altari

778 2372 1032 2425 canatur
1051 2362 1129 2423 ad
1158 2361 1427 2424 tramites
1453 2359 1658 2440 Legati
1697 2358 1888 2421 relicti
1938 2377 1976 2421 a
2019 2357 2341 2422 Sacerdote

780 2456 1014 2518 Joanne
1050 2456 1367 2517 Francisco
1417 2455 1722 2526 Taccono,
1764 2473 1950 2535 seque
1981 2461 2345 2516 tantummo-

782 2551 862 2612 do
898 2551 1141 2612 obstare
1168 2548 1577 2631 praetensioni
1596 2594 1615 2622 ,
1642 2548 1808 2630 quod
1836 2547 2183 2628 Capitulum
2206 2546 2343 2610 Col-

783 2642 1039 2724 legiatae
1070 2642 1254 2724 possit
1278 2642 1490 2704 eadem
1527 2642 1628 2703 die
1656 2641 1721 2701 in
1762 2641 1972 2703 eodem
1996 2640 2192 2703 Altari
2241 2659 2340 2702 ca-
2411 2651 2419 2664 ·

787 2756 935 2799 nere
978 2756 1186 2798 omnes
1206 2781 1225 2809 ,
1287 2745 1348 2798 et
1409 2735 1679 2817 singulas
1721 2737 1931 2798 Missas
1985 2734 2347 2802 adventitias

784 2832 902 2894 sibi
933 2831 1246 2893 benevisas
1273 2876 1290 2902 ,
1341 2850 1481 2890 cum
1510 2831 1571 2890 id
1591 2877 1607 2901 ,
1640 2828 1849 2891 invitis
1897 2829 2300 2911 Regularibus
2321 2877 2341 2903 ,

787 2926 854 2986 in
894 2926 1163 3006 ipsorum
1194 2923 1479 2986 Ecclesiis
1522 2923 1655 2985 fieri
1688 2943 1809 2985 non
1842 2925 2066 3004 possit,
2109 2933 2172 2985 et
2207 2943 2346 2986 cum

788 3019 938 3082 haec
965 3027 1051 3081 tot
1070 3019 1392 3081 Missarum
1411 3027 1788 3080 cantatarum
1819 3016 2241 3098 multiplicatio
2266 3018 2346 3079 sit

787 3113 1259 3194 incompatibilis
1285 3132 1422 3174 cum
1453 3111 1590 3174 aliis
1616 3110 2038 3175 functionibus
2059 3110 2221 3175 dicta
2249 3110 2348 3174 die

792 3209 859 3271 in
881 3210 1092 3272 eadem
1123 3207 1389 3270 Ecclesia
1420 3206 1811 3290 peragendis.

910 3304 1158 3384 Absque
1189 3321 1261 3363 eo
1300 3301 1461 3382 quod
1485 3301 1823 3381 quidquam
1847 3298 2068 3381 referat
2089 3297 2348 3362 relatum

790 3396 1092 3479 spolium3
1129 3396 1337 3457 dicunt
1368 3397 1532 3455 enim
1577 3394 1652 3455 de
1697 3393 1806 3456 illo
1860 3413 1984 3455 non
2025 3401 2344 3465 constare,

795 3513 906 3565 nec
939 3490 1080 3563 hic,
1118 3498 1179 3552 et
1225 3508 1540 3551 nuncesse
1589 3508 1771 3569 super
1814 3506 1887 3550 eo
1934 3488 2348 3569 quaestionem

788 3585 1260 3658 instituendam,
1309 3592 1369 3645 et
1414 3582 1661 3646 tandem
1689 3582 2158 3645 fundamentum
2204 3580 2346 3644 nul-

778 3680 927 3762 ·lum
955 3679 1163 3760 reponi
1195 3697 1364 3760 posse
1389 3677 1453 3738 in
1476 3676 1748 3757 exposita
1790 3676 2047 3739 canendi
2092 3696 2348 3739 consue-

801 3774 1042 3846 tudine,
1075 3793 1214 3834 cum
1257 3771 1364 3834 illa
1406 3791 1481 3832 ex
1508 3771 1785 3833 Testibus
1812 3772 2104 3845 resultet,
2140 3770 2249 3853 qui
2274 3770 2342 3832 in

797 3867 1070 3950 personis
1092 3915 1110 3939 ,
1138 3875 1200 3929 et
1218 3866 1393 3928 dictis
1419 3866 1734 3946 patiuntur
1761 3867 2140 3947 exceptiones
2161 3908 2180 3926 .

918 3964 952 4024 J
958 3981 1070 4025 ura
1095 3961 1240 4023 binc
1265 3960 1406 4022 inde
1426 3960 1960 4034 circumferuntur,
1986 3959 2149 4022 unde
2170 3978 2352 4041 quae-

801 4057 962 4119 ritur
988 4075 1004 4117 z

922 4151 1018 4210 Aa
1045 4147 1381 4229 Capitulum
1408 4147 1689 4209 Ecclesiae
1715 4146 1786 4209 S.
1828 4146 2030 4208 Leonis
2078 4145 2354 4209 Castellu-

803 4264 911 4305 nac
927 4246 1098 4324 possit
1119 4244 1185 4301 in
1207 4242 1295 4301 dic
1315 4242 1640 4320 festivitatis
1662 4238 1730 4301 S.
1760 4238 1971 4302 Luciac
1990 4260 2187 4302 cancro
2210 4240 2356 4301 Mis-

806 4359 899 4400 sas
918 4337 1145 4399 advcati
1147 4338 1256 4397 tias
1274 4338 1325 4396 ci
1348 4337 1624 4395 benevisas
1642 4336 1706 4395 in
1727 4335 1927 4396 Altari
1948 4335 2189 4414 ejusdcm
2208 4333 2358 4395 San·

811 4445 932 4495 ctac
960 4435 1023 4491 in
1049 4431 1308 4491 Ecclesia
1339 4429 1464 4490 ΡΡ.
1498 4427 1566 4490 S.
1600 4427 1892 4491 francisci
1920 4430 1986 4490 dc
2008 4428 2234 4503 Paula,
2263 4430 2357 4488 in-

805 4530 936 4589 vitis
954 4527 1151 4587 iisdem
1178 4524 1483 4596 Patribus,
1517 4526 1581 4583 in
1600 4542 1735 4586 casu
1764 4534 1869 4585 stc.

930 4703 1083 4753 Sacra
1110 4701 1306 4769 Congr.
1338 4698 1617 4767 respondit
1640 4718 1654 4749 ι

992 4791 1254 4855 Νεςαιίνε
1273 4827 1288 4854 ,
1322 4799 1546 4857 praeter
1581 4804 1746 4856 qaam
1772 4785 1960 4856 quoad
1982 4785 2141 4839 binas
2165 4786 2368 4841 Missas

813 4888 1067 4929 cantaras
1078 4912 1093 4927 .

1159 5037 1520 5113 QUAESTIO
1567 5038 2008 5101 chxxxm.

860 5198 931 5260 In
955 5199 1150 5261 Causa
1170 5196 1558 5278 Neapolitana
1581 5242 1598 5272 ,
1629 5198 1717 5259 dis
1738 5202 1838 5260 29.
1871 5197 2120 5278 Augusti
2148 5202 2323 5259 1722.

820 5331 1144 5448 Nicolaus
1171 5384 1440 5447 Aulisius
1463 5384 1799 5467 Garigliota
1851 5386 2000 5448 emit
2030 5386 2278 5448 domum
2326 5403 2364 5447 a

820 5478 869 5539 Τ
871 5482 1059 5544 etesia
1079 5526 1098 5556 ,
1141 5488 1202 5544 et
1248 5479 1547 5543 Dorothea
1570 5480 1647 5542 de
1672 5480 1992 5555 Maniello,
2029 5489 2091 5543 et
2116 5500 2183 5543 se
2208 5478 2369 5543 obli-

2433 763 2819 835 solvendam,
2851 779 3165 842 usquequo
3192 759 3507 832 vixissent,
3534 767 3595 821 et
3623 758 3748 820 illis
3773 756 3987 821 defun·

2432 858 2543 920 ctis
2561 903 2579 929 ,
2608 876 2672 919 se
2691 905 2709 929 ,
2738 867 2799 919 et
2825 876 2964 918 suos
2988 854 3277 918 haeredes
3295 854 3591 936 obligavit
3615 853 3694 915 ad
3719 852 3989 917 celebra·

2438 971 2502 1012 re
2527 950 2860 1013 faciendam
2894 949 3139 1011 Missam
3182 947 3600 1029 quotidianam
3627 966 3737 1027 pro
3763 944 3984 1011 Anima

2435 1044 2679 1107 illarum
2709 1043 2770 1106 in
2800 1062 3185 1124 quacumque
3209 1042 3475 1104 Ecclesia
3503 1041 3620 1102 sibi
3652 1041 3935 1102 benevisa
3959 1083 3981 1099 .

2553 1139 2795 1200 Mortuo
2815 1137 3062 1199 Nicolao
3080 1183 3097 1210 ,
3126 1136 3427 1216 praedicta
3465 1136 3681 1197 domus
3707 1134 3989 1215 pervenit

2441 1233 2518 1295 ad
2562 1233 2951 1295 Franciscum
2981 1232 3248 1313 ejusdem
3285 1232 3560 1293 Fratrem
3589 1275 3607 1303 ,
3648 1237 3710 1291 et
3752 1235 3988 1309 praeter

2436 1329 2682 1389 domum
2713 1343 2848 1389 mox
2876 1335 3265 1388 memoratam
3285 1371 3302 1398 ,
3332 1325 3784 1406 subJectamque
3810 1322 3986 1383 oneri

2440 1422 2656 1484 Missae
2692 1422 3087 1503 quotidianae
3111 1467 3128 1493 ,
3158 1439 3270 1500 pro
3300 1438 3422 1499 qua
3452 1417 3817 1499 Cappellano
3844 1436 3987 1497 per-

2435 1516 2755 1580 solvuntur
2788 1516 3005 1577 ducata
3031 1520 3128 1576 36.
3164 1514 3439 1594 quolibet
3464 1532 3627 1575 anno
3652 1557 3670 1585 ,
3694 1511 3816 1573 alia
3862 1511 3990 1592 ipse

2438 1610 2697 1690 possidet
2738 1611 2896 1672 bona
2922 1656 2940 1684 ,
2992 1617 3053 1671 et
3096 1609 3407 1690 signanter
3459 1606 3643 1669 aliam
3694 1606 3988 1680 domum,

2437 1723 2622 1786 quam
2652 1704 2807 1766 inter
2834 1703 3006 1765 vivos
3027 1702 3257 1765 donare
3283 1700 3545 1763 intendit
3566 1699 3851 1762 Patribus
3869 1699 3992 1760 Ex·

2437 1798 2712 1862 calceatis
2752 1798 2957 1861 Sancti
3011 1797 3174 1859 Petri
3221 1796 3297 1858 de
3334 1795 3665 1857 Alcantsra
3716 1792 3994 1856 Nationis

2440 1894 2685 1956 Italicae
2705 1938 2723 1965 ,
2753 1893 2859 1974 qui
2905 1890 3083 1953 titulo
3126 1889 3540 1953 conductionis
3585 1888 3763 1950 modo
3812 1886 3877 1949 in
3919 1904 3994 1950 ea

2440 1988 2740 2059 habitant,
2760 1988 2938 2069 juxta
2970 1984 3315 2048 facultatem
3340 2003 3376 2047 a
3403 1984 3534 2046 Sac.
3557 1979 3992 2065 congregatio·

2444 2103 2520 2145 ne
2548 2082 2975 2163 Episcoporum
2999 2128 3016 2152 ,
3045 2087 3105 2143 et
3136 2078 3530 2161 Regularium
3561 2079 3908 2140 obtentam.

2560 2176 2721 2251 Quia
2743 2195 2888 2237 vero
2913 2174 3267 2238 Franciscus
3286 2176 3556 2236 Donator
3575 2172 3841 2234 liberare
3860 2169 3994 2233 vel-

2446 2271 2527 2333 let
2548 2271 2732 2333 aliam
2758 2270 3005 2332 domum
3031 2270 3112 2332 ab
3130 2289 3315 2332 onere
3331 2268 3551 2331 Missae
3565 2265 3957 2349 quotidianae
3970 2309 3993 2340 ,

2447 2374 2505 2428 et
2533 2363 2599 2426 in
2617 2362 3162 2445 compensationem
3195 2363 3411 2424 domus
3432 2407 3451 2437 ,
3496 2379 3681 2443 quam
3715 2359 3998 2424 Patribus

2448 2458 2675 2520 donare
2695 2457 2976 2530 intendit,
3009 2456 3210 2530 vellet,
3243 2456 3537 2538 quodipsi
3558 2454 3753 2517 dictae
3780 2452 3999 2515 Missae

2448 2571 2602 2615 onus
2627 2560 3034 2624 assumerent,
3072 2570 3231 2632 quae
3263 2570 3360 2613 res
3400 2550 3702 2612 dictorum
3747 2550 4000 2611 Patrum

2450 2645 2990 2711 Constitutionibus
3010 2646 3249 2708 obstare
3276 2645 3551 2716 videtur,
3581 2642 3696 2706 bac
3722 2642 3798 2705 de
3817 2661 3998 2706 causa

2452 2739 2751 2821 supplices
2798 2760 2998 2820 preces
3046 2739 3432 2803 sanctissimo
3479 2739 3739 2802 Domino
3783 2737 4001 2800 Nostro

2450 2835 2759 2897 exhibitae
2785 2834 3065 2908 fuerunt,
3106 2834 3215 2916 qui
3237 2853 3338 2897 eas
3363 2833 3440 2895 ad
3480 2833 3640 2896 hanc
3676 2832 3809 2895 Sac.
3839 2831 3998 2896 Con-

2451 2927 2860 3010 gregationem
2890 2928 3122 2989 remisit
3149 2971 3167 2988 .

2569 3019 2752 3082 Juxta
2788 3039 3014 3084 morem
3046 3020 3335 3100 scriptum
3363 3019 3481 3082 fuit
3518 3019 3747 3081 Nuntio
3770 3020 4003 3099 Neapo-

2455 3113 2645 3180 litano
2678 3133 2786 3198 pro
2814 3114 3241 3178 informatione
3268 3161 3285 3188 ,
3326 3122 3386 3177 et
3431 3121 3613 3190 voto,
3659 3112 3768 3195 qui
3797 3112 4005 3178 retulit

2455 3210 2652 3290 primo
2676 3257 2694 3284 ,
2723 3220 2963 3273 exortas
2998 3209 3184 3272 fuisse
3219 3209 3615 3271 dissensiones
3642 3228 3795 3270 anno
3824 3213 3999 3270 1719.

2453 3306 2612 3367 inter
2647 3305 2976 3387 Religiosos
3012 3304 3199 3385 hujus
3251 3302 3499 3365 Ordinis
3546 3302 3848 3384 Hispanos
3872 3351 3889 3375 ,
3943 3312 4007 3366 et

2456 3398 2639 3462 Italos
2666 3447 2683 3471 ,
2715 3408 2774 3462 et
2815 3399 2925 3461 hos
2949 3418 2985 3460 e
3012 3397 3323 3461 Conventu
3349 3398 3565 3479 ejectos
3609 3416 3827 3479 magna
3865 3417 4007 3459 cum

2456 3492 2806 3556 difficultate
2833 3492 3100 3574 reperire
3123 3490 3387 3573 potuisse
3406 3490 3470 3551 in
3495 3490 3750 3553 Civitate
3771 3490 4009 3572 Neapo-

2456 3586 2644 3649 litana
2667 3586 2914 3648 domum
2937 3631 2955 3659 ,
2987 3585 3051 3646 in
3076 3605 3199 3666 qua
3223 3583 3505 3647 babitare
3533 3591 3807 3664 possent.

2489 3675 2496 3683 ’
2575 3679 2868 3753 Secundo,
2893 3699 2995 3742 eos
3012 3679 3298 3742 babuisse
3321 3697 3358 3740 a
3379 3677 3512 3740 Sac.
3534 3677 4013 3759 Congregatione

2456 3773 2917 3856 Episcoporum,
2939 3782 2997 3835 et
3020 3772 3411 3856 Regularium
3440 3772 3746 3834 licentiam
3770 3771 4002 3834 condu-

2458 3867 2629 3930 cendi
2659 3868 2930 3939 domum,
2955 3876 3015 3930 et
3041 3866 3395 3929 conduxisse
3416 3884 3576 3938 eam,
3603 3866 3679 3928 de
3700 3885 3822 3947 qua
3845 3884 4006 3927 nunc

2459 3962 2659 4043 agitur
2682 4007 2700 4036 ,
2731 3982 2890 4044 quae
2933 3971 3023 4023 est
3064 3961 3476 4040 maximopere
3520 3968 3697 4041 apta,
3748 3968 3808 4022 et
3846 3978 4008 4040 quae

2464 4057 2604 4119 licet
2646 4056 2945 4119 locaretur
2978 4056 3172 4136 pretio
3210 4056 3563 4117 ducatorum
3609 4058 3743 4115 142.
3791 4052 4015 4114 nibilo-

2463 4151 2663 4213 minus
2690 4151 2930 4231 pietatis
2955 4149 3153 4232 gratia
3180 4150 3371 4212 locata
3403 4148 3521 4211 fuit
3541 4149 3621 4211 ab
3643 4146 3877 4210 Aulisio
3905 4147 4011 4209 iis-

2462 4246 2598 4307 dem
2627 4244 2907 4306 Patribus
2927 4290 2944 4318 ,
2968 4244 3097 4306 sive
3123 4262 3334 4306 eorum
3362 4241 3625 4325 Syndico
3652 4240 3848 4322 pretio
3877 4249 4014 4304 tan-

2467 4347 2596 4401 tum
2622 4338 2978 4400 ducatorum
3007 4343 3143 4400 100.

2582 4432 2784 4493 Tertio
2801 4479 2818 4503 ,
2841 4430 2998 4493 velle
3027 4431 3239 4512 utique
3269 4429 3572 4494 Aulisium
3600 4429 3882 4492 Patribus
3912 4429 4016 4490 do·

2469 4545 2618 4590 nare
2643 4527 2890 4589 domum
2911 4572 2929 4600 ,
2959 4526 3062 4588 sed
3090 4525 3336 4587 insimul
3362 4525 3518 4587 velle
3535 4572 3551 4595 ‚
3575 4533 3645 4586 ut
3670 4523 3713 4584 ii
3743 4522 3804 4584 in
3835 4542 3899 4585 se
3919 4541 4017 4585 as-

2469 4631 2711 4683 sumant
2735 4640 2890 4682 onus
2928 4621 3145 4682 Missae
3173 4618 3561 4701 quotidianae
3591 4665 3608 4692 ,
3638 4627 3709 4680 ut
3750 4617 3873 4680 alia
3907 4617 4018 4678 do-

2472 4734 2637 4785 muS,
2668 4733 2849 4795 super
2875 4734 3058 4796 quam
3099 4713 3328 4776 dictum
3355 4731 3510 4774 onus
3526 4720 3617 4773 est
3644 4709 4017 4793 impositum,

2470 4808 2586 4871 sibi
2616 4808 2810 4871 libera
2838 4817 3183 4873 remaneat.

2569 4902 2822 4977 Quarto,
2851 4904 3256 4984 maximopere
3274 4900 3560 4982 expedire
3581 4901 3741 4962 bono
3761 4899 4015 4963 Anima·

2483 5015 2653 5071 rum,
2686 5006 2756 5059 ut
2786 4997 3068 5080 Religiosi
3099 4997 3198 5059 isti
3225 5003 3617 5078 permaneant
3656 4994 3724 5056 in
3757 4993 4017 5057 Civitate

2481 5089 2876 5171 Neapolitana
2900 5138 2919 5166 ,
2949 5102 3009 5153 et
3029 5090 3108 5153 ab
3130 5108 3202 5153 ea
3230 5107 3352 5151 non
3394 5087 3730 5159 discedant,
3765 5105 3873 5150 nec
3897 5086 4022 5151 alio

2482 5185 2659 5247 modo
2688 5203 3041 5266 permanere
3071 5203 3241 5266 posse
3266 5229 3284 5258 ,
3331 5202 3469 5245 cum
3512 5181 3635 5243 sint
3662 5181 3729 5243 in
3751 5190 4024 5245 extrema

2474 5279 2822 5341 necessitate
2864 5277 3214 5352 constituti,
3261 5283 3322 5339 et
3365 5275 3616 5337 domum
3657 5293 3859 5336 emere
3900 5293 4023 5336 non

2475 5372 2739 5452 possint,
2774 5393 2880 5435 nec
2906 5371 3186 5454 prosequi
3217 5371 3282 5432 in
3304 5369 3602 5432 solutione
3630 5367 3934 5448 pensionis
3957 5409 3976 5427 .

2601 5466 2846 5543 Ultimo,
2872 5487 2991 5530 non
3017 5486 3186 5550 posse
3206 5465 3343 5529 illos
3356 5471 3665 5546 acceptare
3682 5481 3869 5527 onera
3885 5461 4028 5525 Mis-
