<?xml version="1.0" encoding="UTF-8"?>
<!DOCTYPE html PUBLIC "-//W3C//DTD XHTML 1.0 Transitional//EN"
    "http://www.w3.org/TR/xhtml1/DTD/xhtml1-transitional.dtd">
<html xmlns="http://www.w3.org/1999/xhtml" xml:lang="en" lang="en">
 <head>
  <title>
</title>
<meta http-equiv="Content-Type" content="text/html;charset=utf-8" />
  <meta name='ocr-system' content='tesseract 3.04.00' />
  <meta name='ocr-capabilities' content='ocr_page ocr_carea ocr_par ocr_line ocrx_word'/>
</head>
<body>
  <div class='ocr_page' id='page_1' title='image "benedictixivpon01xivgoog_0206.png"; bbox 0 0 4393 6299; ppageno 0'>
   <div class='ocr_carea' id='block_1_1' title="bbox 969 500 1083 555">
    <p class='ocr_par' dir='ltr' id='par_1_1' title="bbox 969 500 1083 555">
     <span class='ocr_line' id='line_1_1' title="bbox 969 500 1083 555; baseline -0.026 0"><span class='ocrx_word' id='word_1_1' title='bbox 969 505 1004 554; x_wconf 75' lang='lat'>-1</span> <span class='ocrx_word' id='word_1_2' title='bbox 1011 500 1083 555; x_wconf 67' lang='lat'>9&#39;8</span> 
     </span>
    </p>
   </div>
   <div class='ocr_carea' id='block_1_2' title="bbox 780 650 2370 3842">
    <p class='ocr_par' dir='ltr' id='par_1_2' title="bbox 797 650 2354 2057">
     <span class='ocr_line' id='line_1_2' title="bbox 917 650 2341 735; baseline -0.001 -18"><span class='ocrx_word' id='word_1_3' title='bbox 917 650 1547 732; x_wconf 72' lang='lat' dir='ltr'>Quinimmo,subhto</span> <span class='ocrx_word' id='word_1_4' title='bbox 1565 652 1995 735; x_wconf 75' lang='lat' dir='ltr'>impedimento</span> <span class='ocrx_word' id='word_1_5' title='bbox 2005 652 2341 728; x_wconf 83' lang='lat' dir='ltr'>affinitatis,</span> 
     </span>
     <span class='ocr_line' id='line_1_3' title="bbox 801 747 2347 827; baseline -0.005 -12"><span class='ocrx_word' id='word_1_6' title='bbox 801 769 838 814; x_wconf 80' lang='lat' dir='ltr'>a</span> <span class='ocrx_word' id='word_1_7' title='bbox 855 751 1091 815; x_wconf 75' lang='lat' dir='ltr'>fortiori</span> <span class='ocrx_word' id='word_1_8' title='bbox 1119 750 1481 814; x_wconf 88' lang='lat' dir='ltr'>censendum</span> <span class='ocrx_word' id='word_1_9' title='bbox 1503 759 1592 811; x_wconf 90' lang='lat' dir='ltr'>est</span> <span class='ocrx_word' id='word_1_10' title='bbox 1616 750 1922 812; x_wconf 86' lang='lat' dir='ltr'>sublatum</span> <span class='ocrx_word' id='word_1_11' title='bbox 1953 747 2347 827; x_wconf 85' lang='lat' dir='ltr'>impedimen-</span> 
     </span>
     <span class='ocr_line' id='line_1_4' title="bbox 797 845 2345 928; baseline -0.002 -19"><span class='ocrx_word' id='word_1_12' title='bbox 797 854 927 910; x_wconf 85' lang='lat' dir='ltr'>tum</span> <span class='ocrx_word' id='word_1_13' title='bbox 950 846 1226 928; x_wconf 87' lang='lat' dir='ltr'>publicae</span> <span class='ocrx_word' id='word_1_14' title='bbox 1253 845 1598 907; x_wconf 76' lang='lat' dir='ltr'><strong>honestatis,</strong></span> <span class='ocrx_word' id='word_1_15' title='bbox 1662 845 1822 921; x_wconf 87' lang='lat' dir='ltr'>Quia</span> <span class='ocrx_word' id='word_1_16' title='bbox 1872 845 2201 907; x_wconf 85' lang='lat' dir='ltr'>secundum</span> <span class='ocrx_word' id='word_1_17' title='bbox 2220 891 2236 917; x_wconf 97' lang='lat'>,</span> <span class='ocrx_word' id='word_1_18' title='bbox 2286 853 2345 906; x_wconf 87' lang='lat' dir='ltr'>et</span> 
     </span>
     <span class='ocr_line' id='line_1_5' title="bbox 799 938 2345 1023; baseline -0.003 -20"><span class='ocrx_word' id='word_1_19' title='bbox 799 941 1045 1004; x_wconf 83' lang='lat' dir='ltr'>tertium</span> <span class='ocrx_word' id='word_1_20' title='bbox 1072 960 1261 1023; x_wconf 86' lang='lat' dir='ltr'>genus</span> <span class='ocrx_word' id='word_1_21' title='bbox 1293 940 1600 1002; x_wconf 86' lang='lat' dir='ltr'>affinitatis</span> <span class='ocrx_word' id='word_1_22' title='bbox 1639 938 2011 1020; x_wconf 87' lang='lat' dir='ltr'>prohibitum</span> <span class='ocrx_word' id='word_1_23' title='bbox 2053 946 2208 1011; x_wconf 87' lang='lat' dir='ltr'>erat,</span> <span class='ocrx_word' id='word_1_24' title='bbox 2239 958 2345 1018; x_wconf 89' lang='lat' dir='ltr'>po-</span> 
     </span>
     <span class='ocr_line' id='line_1_6' title="bbox 801 1033 2347 1116; baseline -0.003 -21"><span class='ocrx_word' id='word_1_25' title='bbox 801 1034 924 1096; x_wconf 87' lang='lat' dir='ltr'>tius</span> <span class='ocrx_word' id='word_1_26' title='bbox 950 1042 1192 1116; x_wconf 86' lang='lat' dir='ltr'>propter</span> <span class='ocrx_word' id='word_1_27' title='bbox 1226 1033 1530 1113; x_wconf 72' lang='lat' dir='ltr'><strong>publicam</strong></span> <span class='ocrx_word' id='word_1_28' title='bbox 1560 1033 1951 1104; x_wconf 84' lang='lat' dir='ltr'>honestatem,</span> <span class='ocrx_word' id='word_1_29' title='bbox 1983 1051 2169 1112; x_wconf 85' lang='lat' dir='ltr'>quam</span> <span class='ocrx_word' id='word_1_30' title='bbox 2204 1051 2347 1112; x_wconf 89' lang='lat' dir='ltr'>pro-</span> 
     </span>
     <span class='ocr_line' id='line_1_7' title="bbox 802 1127 2343 1211; baseline -0.003 -19"><span class='ocrx_word' id='word_1_31' title='bbox 802 1138 937 1211; x_wconf 84' lang='lat' dir='ltr'>pter</span> <span class='ocrx_word' id='word_1_32' title='bbox 965 1129 1345 1191; x_wconf 86' lang='lat' dir='ltr'>affinitatem.</span> <span class='ocrx_word' id='word_1_33' title='bbox 1406 1129 1554 1190; x_wconf 90' lang='lat' dir='ltr'>Cum</span> <span class='ocrx_word' id='word_1_34' title='bbox 1586 1130 1771 1209; x_wconf 85' lang='lat' dir='ltr'>igitur</span> <span class='ocrx_word' id='word_1_35' title='bbox 1807 1128 2188 1190; x_wconf 76' lang='lat' dir='ltr'>Innocentius</span> <span class='ocrx_word' id='word_1_36' title='bbox 2230 1127 2343 1188; x_wconf 85' lang='lat'>111.</span> 
     </span>
     <span class='ocr_line' id='line_1_8' title="bbox 804 1222 2345 1303; baseline -0.001 -19"><span class='ocrx_word' id='word_1_37' title='bbox 804 1242 913 1303; x_wconf 88' lang='lat' dir='ltr'>per</span> <span class='ocrx_word' id='word_1_38' title='bbox 965 1223 1329 1302; x_wconf 87' lang='lat' dir='ltr'>praedictam</span> <span class='ocrx_word' id='word_1_39' title='bbox 1395 1222 1893 1284; x_wconf 87' lang='lat' dir='ltr'>Constitutionem</span> <span class='ocrx_word' id='word_1_40' title='bbox 1970 1222 2304 1284; x_wconf 86' lang='lat' dir='ltr'>decreverit</span> <span class='ocrx_word' id='word_1_41' title='bbox 2329 1269 2345 1294; x_wconf 88' lang='lat'>,</span> 
     </span>
     <span class='ocr_line' id='line_1_9' title="bbox 802 1315 2345 1400; baseline -0.003 -21"><span class='ocrx_word' id='word_1_42' title='bbox 802 1318 963 1398; x_wconf 89' lang='lat' dir='ltr'>quod</span> <span class='ocrx_word' id='word_1_43' title='bbox 999 1315 1291 1378; x_wconf 85' lang='lat' dir='ltr'>affinesin</span> <span class='ocrx_word' id='word_1_44' title='bbox 1323 1318 1616 1389; x_wconf 88' lang='lat' dir='ltr'>secundo,</span> <span class='ocrx_word' id='word_1_45' title='bbox 1662 1328 1721 1379; x_wconf 89' lang='lat' dir='ltr'>et</span> <span class='ocrx_word' id='word_1_46' title='bbox 1752 1318 1927 1379; x_wconf 86' lang='lat' dir='ltr'>tertio</span> <span class='ocrx_word' id='word_1_47' title='bbox 1955 1338 2173 1400; x_wconf 77' lang='lat' dir='ltr'>genere</span> <span class='ocrx_word' id='word_1_48' title='bbox 2211 1336 2345 1396; x_wconf 87' lang='lat' dir='ltr'>pos-</span> 
     </span>
     <span class='ocr_line' id='line_1_10' title="bbox 798 1411 2346 1493; baseline 0.001 -20"><span class='ocrx_word' id='word_1_49' title='bbox 798 1411 1145 1473; x_wconf 84' lang='lat' dir='ltr'>suntlibere</span> <span class='ocrx_word' id='word_1_50' title='bbox 1166 1412 1460 1492; x_wconf 86' lang='lat' dir='ltr'>copulari,</span> <span class='ocrx_word' id='word_1_51' title='bbox 1485 1412 1777 1493; x_wconf 80' lang='lat' dir='ltr'>implicite</span> <span class='ocrx_word' id='word_1_52' title='bbox 1797 1412 2148 1483; x_wconf 79' lang='lat' dir='ltr'>declaravit,</span> <span class='ocrx_word' id='word_1_53' title='bbox 2177 1413 2346 1493; x_wconf 91' lang='lat' dir='ltr'>quod</span> 
     </span>
     <span class='ocr_line' id='line_1_11' title="bbox 805 1505 2346 1588; baseline 0.001 -21"><span class='ocrx_word' id='word_1_54' title='bbox 805 1505 1046 1588; x_wconf 88' lang='lat' dir='ltr'>publica</span> <span class='ocrx_word' id='word_1_55' title='bbox 1080 1506 1382 1581; x_wconf 73' lang='lat' dir='ltr'>honestae,</span> <span class='ocrx_word' id='word_1_56' title='bbox 1412 1527 1571 1587; x_wconf 87' lang='lat' dir='ltr'>quae</span> <span class='ocrx_word' id='word_1_57' title='bbox 1597 1508 1794 1569; x_wconf 87' lang='lat' dir='ltr'>fuerat</span> <span class='ocrx_word' id='word_1_58' title='bbox 1822 1509 2018 1588; x_wconf 88' lang='lat' dir='ltr'>potior</span> <span class='ocrx_word' id='word_1_59' title='bbox 2046 1527 2253 1579; x_wconf 88' lang='lat' dir='ltr'>causa,</span> <span class='ocrx_word' id='word_1_60' title='bbox 2286 1516 2346 1569; x_wconf 89' lang='lat' dir='ltr'>et</span> 
     </span>
     <span class='ocr_line' id='line_1_12' title="bbox 800 1600 2342 1680; baseline 0 -19"><span class='ocrx_word' id='word_1_61' title='bbox 800 1601 957 1662; x_wconf 88' lang='lat' dir='ltr'>ratio</span> <span class='ocrx_word' id='word_1_62' title='bbox 983 1600 1351 1680; x_wconf 87' lang='lat' dir='ltr'>prohibendi</span> <span class='ocrx_word' id='word_1_63' title='bbox 1380 1601 1834 1662; x_wconf 83' lang='lat' dir='ltr'>matrimonium</span> <span class='ocrx_word' id='word_1_64' title='bbox 1860 1602 2018 1662; x_wconf 90' lang='lat' dir='ltr'>inter</span> <span class='ocrx_word' id='word_1_65' title='bbox 2043 1601 2191 1663; x_wconf 88' lang='lat' dir='ltr'>tales</span> <span class='ocrx_word' id='word_1_66' title='bbox 2210 1601 2342 1663; x_wconf 84' lang='lat' dir='ltr'>affi-</span> 
     </span>
     <span class='ocr_line' id='line_1_13' title="bbox 800 1678 2349 1769; baseline 0.001 -13"><span class='ocrx_word' id='word_1_67' title='bbox 800 1714 950 1768; x_wconf 88' lang='lat' dir='ltr'>nes,</span> <span class='ocrx_word' id='word_1_68' title='bbox 996 1714 1115 1755; x_wconf 91' lang='lat' dir='ltr'>non</span> <span class='ocrx_word' id='word_1_69' title='bbox 1166 1694 1366 1756; x_wconf 84' lang='lat' dir='ltr'>obstat</span> <span class='ocrx_word' id='word_1_70' title='bbox 1414 1695 1606 1756; x_wconf 89' lang='lat' dir='ltr'>eidem</span> <span class='ocrx_word' id='word_1_71' title='bbox 1634 1678 2047 1756; x_wconf 84' lang='lat' dir='ltr'>matrimonio.</span> <span class='ocrx_word' id='word_1_72' title='bbox 2080 1696 2349 1769; x_wconf 91' lang='lat' dir='ltr'>Quando</span> 
     </span>
     <span class='ocr_line' id='line_1_14' title="bbox 803 1786 2354 1879; baseline 0.002 -30"><span class='ocrx_word' id='word_1_73' title='bbox 803 1805 1071 1868; x_wconf 88' lang='lat' dir='ltr'>namque</span> <span class='ocrx_word' id='word_1_74' title='bbox 1095 1786 1334 1849; x_wconf 89' lang='lat' dir='ltr'>tollitur</span> <span class='ocrx_word' id='word_1_75' title='bbox 1372 1786 1728 1868; x_wconf 79' lang='lat' dir='ltr'>prohibitio,</span> <span class='ocrx_word' id='word_1_76' title='bbox 1748 1786 2051 1879; x_wconf 77' lang='lat' dir='ltr'>implicite</span> <span class='ocrx_word' id='word_1_77' title='bbox 2079 1790 2354 1866; x_wconf 81' lang='lat' dir='ltr'>decl&#39;ara-</span> 
     </span>
     <span class='ocr_line' id='line_1_15' title="bbox 805 1874 2355 1964; baseline 0.001 -21"><span class='ocrx_word' id='word_1_78' title='bbox 805 1891 930 1956; x_wconf 88' lang='lat' dir='ltr'>tur,</span> <span class='ocrx_word' id='word_1_79' title='bbox 960 1882 1123 1961; x_wconf 89' lang='lat' dir='ltr'>quod</span> <span class='ocrx_word' id='word_1_80' title='bbox 1149 1901 1350 1955; x_wconf 85' lang='lat' dir='ltr'>causa,</span> <span class='ocrx_word' id='word_1_81' title='bbox 1398 1890 1458 1943; x_wconf 91' lang='lat' dir='ltr'>et</span> <span class='ocrx_word' id='word_1_82' title='bbox 1484 1874 1662 1953; x_wconf 88' lang='lat' dir='ltr'>ratio,</span> <span class='ocrx_word' id='word_1_83' title='bbox 1692 1903 1799 1945; x_wconf 87' lang='lat' dir='ltr'>seu</span> <span class='ocrx_word' id='word_1_84' title='bbox 1833 1884 2125 1946; x_wconf 90' lang='lat' dir='ltr'>motivum</span> <span class='ocrx_word' id='word_1_85' title='bbox 2150 1884 2355 1964; x_wconf 90' lang='lat' dir='ltr'>prohi-</span> 
     </span>
     <span class='ocr_line' id='line_1_16' title="bbox 802 1976 1818 2057; baseline 0.002 -20"><span class='ocrx_word' id='word_1_86' title='bbox 802 1976 1067 2038; x_wconf 87' lang='lat' dir='ltr'>bitionis.</span> <span class='ocrx_word' id='word_1_87' title='bbox 1077 1996 1196 2037; x_wconf 91' lang='lat' dir='ltr'>non</span> <span class='ocrx_word' id='word_1_88' title='bbox 1218 1976 1479 2057; x_wconf 90' lang='lat' dir='ltr'>amplius</span> <span class='ocrx_word' id='word_1_89' title='bbox 1507 1977 1818 2040; x_wconf 79' lang='lat' dir='ltr'>subsistit.</span> 
     </span>
    </p>

    <p class='ocr_par' dir='ltr' id='par_1_3' title="bbox 923 2071 2350 2152">
     <span class='ocr_line' id='line_1_17' title="bbox 923 2071 2350 2152; baseline 0.003 -21"><span class='ocrx_word' id='word_1_90' title='bbox 923 2071 1210 2152; x_wconf 77' lang='lat' dir='ltr'>Doctrina</span> <span class='ocrx_word' id='word_1_91' title='bbox 1225 2071 1375 2133; x_wconf 85' lang='lat' dir='ltr'>haec</span> <span class='ocrx_word' id='word_1_92' title='bbox 1396 2091 1503 2151; x_wconf 92' lang='lat' dir='ltr'>per</span> <span class='ocrx_word' id='word_1_93' title='bbox 1516 2072 2113 2136; x_wconf 77' lang='lat' dir='ltr'>extensumtra&#39;ditur</span> <span class='ocrx_word' id='word_1_94' title='bbox 2137 2094 2170 2136; x_wconf 88' lang='lat' dir='ltr'>a</span> <span class='ocrx_word' id='word_1_95' title='bbox 2204 2074 2350 2135; x_wconf 80' lang='lat' dir='ltr'>Divo</span> 
     </span>
    </p>

    <p class='ocr_par' dir='ltr' id='par_1_4' title="bbox 780 2163 2350 2433">
     <span class='ocr_line' id='line_1_18' title="bbox 780 2163 2350 2245; baseline 0.004 -22"><span class='ocrx_word' id='word_1_96' title='bbox 780 2163 1021 2224; x_wconf 76' lang='lat' dir='ltr'>‘Thema</span> <span class='ocrx_word' id='word_1_97' title='bbox 1047 2167 1113 2223; x_wconf 87' lang='lat' dir='ltr'>in</span> <span class='ocrx_word' id='word_1_98' title='bbox 1139 2168 1198 2225; x_wconf 68' lang='lat'>4.</span> <span class='ocrx_word' id='word_1_99' title='bbox 1230 2176 1464 2225; x_wconf 86' lang='lat' dir='ltr'>sentent.</span> <span class='ocrx_word' id='word_1_100' title='bbox 1502 2167 1633 2226; x_wconf 85' lang='lat' dir='ltr'>dist.</span> <span class='ocrx_word' id='word_1_101' title='bbox 1672 2170 1768 2227; x_wconf 74' lang='grc' dir='ltr'>Μ.</span> <span class='ocrx_word' id='word_1_102' title='bbox 1802 2179 2014 2245; x_wconf 83' lang='lat' dir='ltr'>quaest.</span> <span class='ocrx_word' id='word_1_103' title='bbox 2054 2173 2106 2228; x_wconf 87' lang='lat'>1.</span> <span class='ocrx_word' id='word_1_104' title='bbox 2136 2180 2252 2228; x_wconf 90' lang='lat' dir='ltr'>art.</span> <span class='ocrx_word' id='word_1_105' title='bbox 2292 2172 2350 2229; x_wconf 77' lang='grc' dir='ltr'>ἰ.</span> 
     </span>
     <span class='ocr_line' id='line_1_19' title="bbox 806 2251 2350 2341; baseline 0.005 -24"><span class='ocrx_word' id='word_1_106' title='bbox 806 2251 1243 2339; x_wconf 76' lang='lat' dir='ltr'>quaestiuncula</span> <span class='ocrx_word' id='word_1_107' title='bbox 1293 2264 1351 2320; x_wconf 88' lang='lat'>5.</span> <span class='ocrx_word' id='word_1_108' title='bbox 1383 2260 1704 2321; x_wconf 77' lang='lat' dir='ltr'>et‘habetur</span> <span class='ocrx_word' id='word_1_109' title='bbox 1730 2264 1793 2320; x_wconf 88' lang='lat' dir='ltr'>in</span> <span class='ocrx_word' id='word_1_110' title='bbox 1818 2263 2264 2341; x_wconf 85' lang='lat' dir='ltr'>supplementum</span> <span class='ocrx_word' id='word_1_111' title='bbox 2292 2269 2350 2325; x_wconf 84' lang='lat'>3.</span> 
     </span>
     <span class='ocr_line' id='line_1_20' title="bbox 799 2352 2232 2433; baseline 0.004 -22"><span class='ocrx_word' id='word_1_112' title='bbox 799 2371 934 2431; x_wconf 86' lang='lat' dir='ltr'>par.</span> <span class='ocrx_word' id='word_1_113' title='bbox 968 2362 1183 2430; x_wconf 83' lang='lat' dir='ltr'>quaest.</span> <span class='ocrx_word' id='word_1_114' title='bbox 1213 2352 1311 2413; x_wconf 73' lang='lat'>55.</span> <span class='ocrx_word' id='word_1_115' title='bbox 1344 2363 1460 2414; x_wconf 85' lang='lat' dir='ltr'>art.</span> <span class='ocrx_word' id='word_1_116' title='bbox 1493 2359 1550 2414; x_wconf 86' lang='lat'>5.</span> <span class='ocrx_word' id='word_1_117' title='bbox 1578 2356 1641 2413; x_wconf 89' lang='lat' dir='ltr'>in</span> <span class='ocrx_word' id='word_1_118' title='bbox 1668 2375 1893 2433; x_wconf 77' lang='lat' dir='ltr'>corpore</span> <span class='ocrx_word' id='word_1_119' title='bbox 1918 2358 2004 2415; x_wconf 85' lang='lat' dir='ltr'>his</span> <span class='ocrx_word' id='word_1_120' title='bbox 2031 2356 2232 2417; x_wconf 81' lang='lat' dir='ltr'>verbis.</span> 
     </span>
    </p>

    <p class='ocr_par' dir='ltr' id='par_1_5' title="bbox 801 2444 2369 3090">
     <span class='ocr_line' id='line_1_21' title="bbox 924 2444 2355 2529; baseline 0.005 -25"><span class='ocrx_word' id='word_1_121' title='bbox 924 2444 1199 2514; x_wconf 82' lang='lat' dir='ltr'>Persona.</span> <span class='ocrx_word' id='word_1_122' title='bbox 1226 2467 1370 2525; x_wconf 84' lang='lat' dir='ltr'>quae</span> <span class='ocrx_word' id='word_1_123' title='bbox 1388 2450 1892 2529; x_wconf 80' lang='lat' dir='ltr'>matrimonialiter</span> <span class='ocrx_word' id='word_1_124' title='bbox 1913 2452 2076 2529; x_wconf 84' lang='lat' dir='ltr'>affini</span> <span class='ocrx_word' id='word_1_125' title='bbox 2115 2447 2355 2529; x_wconf 74' lang='lat' dir='ltr'>conjun-</span> 
     </span>
     <span class='ocr_line' id='line_1_22' title="bbox 801 2540 2353 2621; baseline 0.005 -23"><span class='ocrx_word' id='word_1_126' title='bbox 801 2540 984 2619; x_wconf 79' lang='lat' dir='ltr'>9itur,</span> <span class='ocrx_word' id='word_1_127' title='bbox 1004 2559 1120 2599; x_wconf 82' lang='lat' dir='ltr'>non</span> <span class='ocrx_word' id='word_1_128' title='bbox 1138 2551 1217 2600; x_wconf 88' lang='lat' dir='ltr'>est</span> <span class='ocrx_word' id='word_1_129' title='bbox 1241 2540 1448 2620; x_wconf 79' lang='lat' dir='ltr'>affinis,</span> <span class='ocrx_word' id='word_1_130' title='bbox 1482 2542 1576 2602; x_wconf 84' lang='lat' dir='ltr'>secl</span> <span class='ocrx_word' id='word_1_131' title='bbox 1603 2554 1680 2602; x_wconf 87' lang='lat' dir='ltr'>est</span> <span class='ocrx_word' id='word_1_132' title='bbox 1706 2544 1873 2603; x_wconf 82' lang='lat' dir='ltr'>aliud</span> <span class='ocrx_word' id='word_1_133' title='bbox 1900 2564 2071 2621; x_wconf 66' lang='lat' dir='ltr'>genus</span> <span class='ocrx_word' id='word_1_134' title='bbox 2101 2549 2353 2605; x_wconf 88' lang='lat' dir='ltr'>attinen-</span> 
     </span>
     <span class='ocr_line' id='line_1_23' title="bbox 810 2630 2361 2715; baseline 0.005 -22"><span class='ocrx_word' id='word_1_135' title='bbox 810 2636 947 2703; x_wconf 85' lang='lat' dir='ltr'>tiae‚</span> <span class='ocrx_word' id='word_1_136' title='bbox 980 2635 1129 2712; x_wconf 80' lang='lat' dir='ltr'>quod</span> <span class='ocrx_word' id='word_1_137' title='bbox 1161 2630 1376 2695; x_wconf 79' lang='lat' dir='ltr'>dieitur</span> <span class='ocrx_word' id='word_1_138' title='bbox 1405 2638 1706 2696; x_wconf 83' lang='lat' dir='ltr'>secundum</span> <span class='ocrx_word' id='word_1_139' title='bbox 1732 2658 1941 2715; x_wconf 65' lang='lat' dir='ltr'>genus:</span> <span class='ocrx_word' id='word_1_140' title='bbox 1983 2650 2034 2698; x_wconf 90' lang='lat' dir='ltr'>et</span> <span class='ocrx_word' id='word_1_141' title='bbox 2080 2658 2282 2700; x_wconf 83' lang='lat' dir='ltr'>rursus</span> <span class='ocrx_word' id='word_1_142' title='bbox 2307 2644 2361 2701; x_wconf 87' lang='lat' dir='ltr'>si</span> 
     </span>
     <span class='ocr_line' id='line_1_24' title="bbox 803 2728 2369 2810; baseline 0.007 -26"><span class='ocrx_word' id='word_1_143' title='bbox 803 2728 972 2806; x_wconf 76' lang='lat' dir='ltr'>affini</span> <span class='ocrx_word' id='word_1_144' title='bbox 1003 2729 1069 2786; x_wconf 88' lang='lat' dir='ltr'>in</span> <span class='ocrx_word' id='word_1_145' title='bbox 1096 2730 1331 2788; x_wconf 80' lang='lat' dir='ltr'>seeundo</span> <span class='ocrx_word' id='word_1_146' title='bbox 1364 2749 1556 2808; x_wconf 74' lang='lat' dir='ltr'>qenere</span> <span class='ocrx_word' id='word_1_147' title='bbox 1578 2732 1793 2807; x_wconf 77' lang='lat' dir='ltr'>aliquis</span> <span class='ocrx_word' id='word_1_148' title='bbox 1819 2752 1918 2810; x_wconf 84' lang='lat' dir='ltr'>per</span> <span class='ocrx_word' id='word_1_149' title='bbox 1938 2736 2369 2796; x_wconf 65' lang='lat' dir='ltr'>matrimonium</span> 
     </span>
     <span class='ocr_line' id='line_1_25' title="bbox 808 2822 2359 2906; baseline 0.005 -25"><span class='ocrx_word' id='word_1_150' title='bbox 808 2822 1221 2900; x_wconf 75' lang='lat' dir='ltr'>eonjunqatur,</span> <span class='ocrx_word' id='word_1_151' title='bbox 1269 2842 1382 2882; x_wconf 84' lang='lat' dir='ltr'>non</span> <span class='ocrx_word' id='word_1_152' title='bbox 1426 2825 1534 2905; x_wconf 84' lang='lat' dir='ltr'>erit</span> <span class='ocrx_word' id='word_1_153' title='bbox 1561 2825 1746 2903; x_wconf 81' lang='lat' dir='ltr'>affinis</span> <span class='ocrx_word' id='word_1_154' title='bbox 1775 2828 1839 2883; x_wconf 84' lang='lat' dir='ltr'>in</span> <span class='ocrx_word' id='word_1_155' title='bbox 1862 2828 2317 2906; x_wconf 77' lang='lat' dir='ltr'>seeundoqenere</span> <span class='ocrx_word' id='word_1_156' title='bbox 2342 2876 2359 2900; x_wconf 90' lang='lat'>,</span> 
     </span>
     <span class='ocr_line' id='line_1_26' title="bbox 813 2915 2364 2989; baseline 0.005 -14"><span class='ocrx_word' id='word_1_157' title='bbox 813 2915 907 2975; x_wconf 81' lang='lat' dir='ltr'>sed</span> <span class='ocrx_word' id='word_1_158' title='bbox 948 2917 1013 2973; x_wconf 83' lang='lat' dir='ltr'>in</span> <span class='ocrx_word' id='word_1_159' title='bbox 1061 2917 1245 2989; x_wconf 85' lang='lat' dir='ltr'>tertio,</span> <span class='ocrx_word' id='word_1_160' title='bbox 1298 2925 1365 2976; x_wconf 87' lang='lat' dir='ltr'>ut</span> <span class='ocrx_word' id='word_1_161' title='bbox 1422 2918 1520 2976; x_wconf 86' lang='lat' dir='ltr'>hoc</span> <span class='ocrx_word' id='word_1_162' title='bbox 1558 2937 1721 2977; x_wconf 82' lang='lat' dir='ltr'>versu</span> <span class='ocrx_word' id='word_1_163' title='bbox 1756 2921 2101 2980; x_wconf 71' lang='lat' dir='ltr'>ostenditur.</span> <span class='ocrx_word' id='word_1_164' title='bbox 2159 2918 2364 2984; x_wconf 81' lang='lat' dir='ltr'>Mutat</span> 
     </span>
     <span class='ocr_line' id='line_1_27' title="bbox 812 3002 2002 3090; baseline 0.003 -22"><span class='ocrx_word' id='word_1_165' title='bbox 812 3002 1019 3088; x_wconf 76' lang='lat' dir='ltr'>Nupta</span> <span class='ocrx_word' id='word_1_166' title='bbox 1047 3026 1243 3085; x_wconf 64' lang='lat' dir='ltr'>genus,</span> <span class='ocrx_word' id='word_1_167' title='bbox 1281 3008 1376 3068; x_wconf 80' lang='lat' dir='ltr'>sed</span> <span class='ocrx_word' id='word_1_168' title='bbox 1409 3007 1693 3071; x_wconf 81' lang='lat' dir='ltr'>Generata</span> <span class='ocrx_word' id='word_1_169' title='bbox 1720 3013 1964 3090; x_wconf 75' lang='lat' dir='ltr'>qradum</span> <span class='ocrx_word' id='word_1_170' title='bbox 1986 3057 2002 3071; x_wconf 93' lang='lat'>.</span> 
     </span>
    </p>

    <p class='ocr_par' dir='ltr' id='par_1_6' title="bbox 805 3096 2369 3561">
     <span class='ocr_line' id='line_1_28' title="bbox 930 3096 2362 3188; baseline 0.005 -25"><span class='ocrx_word' id='word_1_171' title='bbox 930 3100 1014 3163; x_wconf 84' lang='lat' dir='ltr'>Et</span> <span class='ocrx_word' id='word_1_172' title='bbox 1036 3103 1168 3163; x_wconf 86' lang='lat' dir='ltr'>haee</span> <span class='ocrx_word' id='word_1_173' title='bbox 1189 3096 1301 3163; x_wconf 76' lang='lat' dir='ltr'>duo</span> <span class='ocrx_word' id='word_1_174' title='bbox 1325 3122 1530 3182; x_wconf 73' lang='lat' dir='ltr'>qenera</span> <span class='ocrx_word' id='word_1_175' title='bbox 1570 3106 1707 3165; x_wconf 86' lang='lat' dir='ltr'>olim</span> <span class='ocrx_word' id='word_1_176' title='bbox 1730 3117 1892 3168; x_wconf 88' lang='lat' dir='ltr'>erant</span> <span class='ocrx_word' id='word_1_177' title='bbox 1919 3096 2209 3186; x_wconf 81' lang='lat' dir='ltr'>prohibita</span> <span class='ocrx_word' id='word_1_178' title='bbox 2228 3128 2362 3188; x_wconf 86' lang='lat' dir='ltr'>pro-</span> 
     </span>
     <span class='ocr_line' id='line_1_29' title="bbox 807 3196 2368 3288; baseline 0.005 -34"><span class='ocrx_word' id='word_1_179' title='bbox 807 3205 938 3277; x_wconf 84' lang='lat' dir='ltr'>pter</span> <span class='ocrx_word' id='word_1_180' title='bbox 943 3196 1204 3276; x_wconf 82' lang='lat' dir='ltr'>publicae</span> <span class='ocrx_word' id='word_1_181' title='bbox 1221 3197 1521 3258; x_wconf 86' lang='lat' dir='ltr'>honestatis</span> <span class='ocrx_word' id='word_1_182' title='bbox 1538 3198 1829 3274; x_wconf 80' lang='lat' dir='ltr'>justitiam</span> <span class='ocrx_word' id='word_1_183' title='bbox 1851 3203 2032 3279; x_wconf 77' lang='lat' dir='ltr'>maqis</span> <span class='ocrx_word' id='word_1_184' title='bbox 2052 3212 2223 3288; x_wconf 73' lang='lat' dir='ltr'>quam</span> <span class='ocrx_word' id='word_1_185' title='bbox 2242 3222 2368 3281; x_wconf 89' lang='lat' dir='ltr'>pro-</span> 
     </span>
     <span class='ocr_line' id='line_1_30' title="bbox 805 3284 2326 3374; baseline 0.005 -25"><span class='ocrx_word' id='word_1_186' title='bbox 805 3300 936 3370; x_wconf 87' lang='lat' dir='ltr'>pter</span> <span class='ocrx_word' id='word_1_187' title='bbox 954 3289 1310 3369; x_wconf 81' lang='lat' dir='ltr'>affinitatem,</span> <span class='ocrx_word' id='word_1_188' title='bbox 1335 3293 1475 3369; x_wconf 81' lang='lat' dir='ltr'>quia</span> <span class='ocrx_word' id='word_1_189' title='bbox 1494 3292 1758 3372; x_wconf 77' lang='lat' dir='ltr'>deficiunt</span> <span class='ocrx_word' id='word_1_190' title='bbox 1782 3314 1818 3355; x_wconf 89' lang='lat' dir='ltr'>a</span> <span class='ocrx_word' id='word_1_191' title='bbox 1834 3302 1965 3355; x_wconf 79' lang='lat' dir='ltr'>ver‘a</span> <span class='ocrx_word' id='word_1_192' title='bbox 1987 3284 2326 3374; x_wconf 81' lang='lat' dir='ltr'>affinitate..</span> 
     </span>
     <span class='ocr_line' id='line_1_31' title="bbox 817 3379 2369 3463; baseline 0.005 -21"><span class='ocrx_word' id='word_1_193' title='bbox 817 3379 935 3443; x_wconf 74' lang='lat' dir='ltr'>Sed</span> <span class='ocrx_word' id='word_1_194' title='bbox 969 3384 1127 3444; x_wconf 82' lang='lat' dir='ltr'>modo</span> <span class='ocrx_word' id='word_1_195' title='bbox 1147 3386 1259 3445; x_wconf 80' lang='lat' dir='ltr'>itta</span> <span class='ocrx_word' id='word_1_196' title='bbox 1300 3387 1606 3463; x_wconf 78' lang='lat' dir='ltr'>prohibitio</span> <span class='ocrx_word' id='word_1_197' title='bbox 1632 3389 1883 3447; x_wconf 66' lang='lat' dir='ltr'>cessavit.</span> <span class='ocrx_word' id='word_1_198' title='bbox 1916 3399 1969 3447; x_wconf 89' lang='lat' dir='ltr'>et</span> <span class='ocrx_word' id='word_1_199' title='bbox 1995 3400 2244 3451; x_wconf 84' lang='lat' dir='ltr'>remanet</span> <span class='ocrx_word' id='word_1_200' title='bbox 2266 3393 2369 3450; x_wconf 88' lang='lat' dir='ltr'>sub</span> 
     </span>
     <span class='ocr_line' id='line_1_32' title="bbox 814 3471 2220 3561; baseline 0.006 -27"><span class='ocrx_word' id='word_1_201' title='bbox 814 3476 1190 3555; x_wconf 75' lang='lat' dir='ltr'>prohibitione</span> <span class='ocrx_word' id='word_1_202' title='bbox 1211 3471 1394 3537; x_wconf 80' lang='lat' dir='ltr'>solum</span> <span class='ocrx_word' id='word_1_203' title='bbox 1414 3480 1663 3556; x_wconf 82' lang='lat' dir='ltr'>primum</span> <span class='ocrx_word' id='word_1_204' title='bbox 1693 3501 1865 3558; x_wconf 74' lang='lat' dir='ltr'>qenus</span> <span class='ocrx_word' id='word_1_205' title='bbox 1888 3481 2220 3561; x_wconf 77' lang='lat' dir='ltr'>affinitatis.</span> 
     </span>
    </p>

    <p class='ocr_par' dir='ltr' id='par_1_7' title="bbox 814 3561 2370 3842">
     <span class='ocr_line' id='line_1_33' title="bbox 816 3561 2370 3656; baseline 0.008 -28"><span class='ocrx_word' id='word_1_206' title='bbox 816 3601 821 3604; x_wconf 22' lang='grc' dir='ltr'><strong>Δ</strong></span> <span class='ocrx_word' id='word_1_207' title='bbox 936 3568 1050 3630; x_wconf 84' lang='lat' dir='ltr'>His</span> <span class='ocrx_word' id='word_1_208' title='bbox 1095 3568 1300 3629; x_wconf 84' lang='lat' dir='ltr'>verbis</span> <span class='ocrx_word' id='word_1_209' title='bbox 1345 3569 1518 3632; x_wconf 91' lang='lat' dir='ltr'>docet</span> <span class='ocrx_word' id='word_1_210' title='bbox 1546 3572 1739 3633; x_wconf 82' lang='lat' dir='ltr'>Divus</span> <span class='ocrx_word' id='word_1_211' title='bbox 1767 3561 2049 3648; x_wconf 87' lang='lat' dir='ltr'>Thomas,</span> <span class='ocrx_word' id='word_1_212' title='bbox 2081 3578 2243 3656; x_wconf 88' lang='lat' dir='ltr'>quod</span> <span class='ocrx_word' id='word_1_213' title='bbox 2277 3597 2370 3640; x_wconf 89' lang='lat' dir='ltr'>se-</span> 
     </span>
     <span class='ocr_line' id='line_1_34' title="bbox 814 3662 2367 3745; baseline 0.006 -21"><span class='ocrx_word' id='word_1_214' title='bbox 814 3662 1083 3724; x_wconf 76' lang='lat' dir='ltr'>cundum</span> <span class='ocrx_word' id='word_1_215' title='bbox 1121 3671 1181 3725; x_wconf 87' lang='lat' dir='ltr'>et</span> <span class='ocrx_word' id='word_1_216' title='bbox 1210 3664 1462 3725; x_wconf 88' lang='lat' dir='ltr'>tertium</span> <span class='ocrx_word' id='word_1_217' title='bbox 1482 3684 1673 3745; x_wconf 80' lang='lat' dir='ltr'>genus</span> <span class='ocrx_word' id='word_1_218' title='bbox 1700 3668 2008 3730; x_wconf 88' lang='lat' dir='ltr'>affinitatis</span> <span class='ocrx_word' id='word_1_219' title='bbox 2039 3680 2170 3732; x_wconf 86' lang='lat' dir='ltr'>erat</span> <span class='ocrx_word' id='word_1_220' title='bbox 2218 3672 2367 3733; x_wconf 92' lang='lat' dir='ltr'>olim</span> 
     </span>
     <span class='ocr_line' id='line_1_35' title="bbox 814 3753 2368 3842; baseline 0.006 -26"><span class='ocrx_word' id='word_1_221' title='bbox 814 3753 1192 3834; x_wconf 83' lang='lat' dir='ltr'>prohibitum</span> <span class='ocrx_word' id='word_1_222' title='bbox 1217 3755 1444 3835; x_wconf 80' lang='lat' dir='ltr'>propter</span> <span class='ocrx_word' id='word_1_223' title='bbox 1468 3759 1731 3838; x_wconf 83' lang='lat' dir='ltr'>publicae</span> <span class='ocrx_word' id='word_1_224' title='bbox 1757 3763 2061 3824; x_wconf 71' lang='lat' dir='ltr'>honestatis</span> <span class='ocrx_word' id='word_1_225' title='bbox 2073 3766 2368 3842; x_wconf 86' lang='lat' dir='ltr'>justitiam</span> 
     </span>
    </p>
   </div>
   <div class='ocr_carea' id='block_1_3' title="bbox 784 3851 2370 4031">
    <p class='ocr_par' dir='ltr' id='par_1_8' title="bbox 784 3851 2370 4031">
     <span class='ocr_line' id='line_1_36' title="bbox 784 3851 2370 3942; baseline 0.01 -38"><span class='ocrx_word' id='word_1_226' title='bbox 784 3851 1018 3927; x_wconf 50' lang='grc' dir='ltr'>κττιιιρίε,</span> <span class='ocrx_word' id='word_1_227' title='bbox 1043 3868 1216 3927; x_wconf 82' lang='lat' dir='ltr'>quam</span> <span class='ocrx_word' id='word_1_228' title='bbox 1254 3861 1481 3931; x_wconf 87' lang='lat' dir='ltr'>propter</span> <span class='ocrx_word' id='word_1_229' title='bbox 1504 3853 1858 3942; x_wconf 78' lang='lat' dir='ltr'>affinitatem.</span> <span class='ocrx_word' id='word_1_230' title='bbox 1896 3856 2046 3918; x_wconf 87' lang='lat' dir='ltr'>Cum</span> <span class='ocrx_word' id='word_1_231' title='bbox 2078 3857 2268 3938; x_wconf 87' lang='lat' dir='ltr'>igitur</span> <span class='ocrx_word' id='word_1_232' title='bbox 2294 3878 2370 3920; x_wconf 85' lang='lat' dir='ltr'>ex</span> 
     </span>
     <span class='ocr_line' id='line_1_37' title="bbox 808 3940 2367 4031; baseline 0.006 -28.058"><span class='ocrx_word' id='word_1_233' title='bbox 808 3940 1259 4003; x_wconf 83' lang='lat' dir='ltr'>Constitutione</span> <span class='ocrx_word' id='word_1_234' title='bbox 1304 3944 1640 4008; x_wconf 87' lang='lat' dir='ltr'>Innocentii</span> <span class='ocrx_word' id='word_1_235' title='bbox 1702 3949 1815 4009; x_wconf 87' lang='lat'>111.</span> <span class='ocrx_word' id='word_1_236' title='bbox 1856 3950 1985 4031; x_wconf 86' lang='lat' dir='ltr'>jam</span> <span class='ocrx_word' id='word_1_237' title='bbox 2019 3951 2098 4012; x_wconf 89' lang='lat' dir='ltr'>sit</span> <span class='ocrx_word' id='word_1_238' title='bbox 2130 3952 2367 4013; x_wconf 83' lang='lat' dir='ltr'>licitum</span> 
     </span>
    </p>
   </div>
   <div class='ocr_carea' id='block_1_4' title="bbox 804 4036 2384 5442">
    <p class='ocr_par' dir='ltr' id='par_1_9' title="bbox 804 4036 2373 4479">
     <span class='ocr_line' id='line_1_38' title="bbox 804 4036 2373 4127; baseline 0.009 -33"><span class='ocrx_word' id='word_1_239' title='bbox 804 4036 1279 4097; x_wconf 79' lang='lat' dir='ltr'>matrimonium</span> <span class='ocrx_word' id='word_1_240' title='bbox 1300 4036 1457 4100; x_wconf 88' lang='lat' dir='ltr'>inter</span> <span class='ocrx_word' id='word_1_241' title='bbox 1483 4038 1689 4103; x_wconf 85' lang='lat' dir='ltr'>affines</span> <span class='ocrx_word' id='word_1_242' title='bbox 1706 4045 1976 4118; x_wconf 69' lang='lat' dir='ltr'>oecundi,</span> <span class='ocrx_word' id='word_1_243' title='bbox 2001 4055 2060 4106; x_wconf 89' lang='lat' dir='ltr'>et</span> <span class='ocrx_word' id='word_1_244' title='bbox 2083 4046 2244 4107; x_wconf 88' lang='lat' dir='ltr'>tertii</span> <span class='ocrx_word' id='word_1_245' title='bbox 2269 4067 2373 4127; x_wconf 88' lang='lat' dir='ltr'>ge-</span> 
     </span>
     <span class='ocr_line' id='line_1_39' title="bbox 819 4130 2370 4219; baseline 0.008 -30"><span class='ocrx_word' id='word_1_246' title='bbox 819 4130 1015 4202; x_wconf 88' lang='lat' dir='ltr'>neris;</span> <span class='ocrx_word' id='word_1_247' title='bbox 1041 4139 1250 4210; x_wconf 86' lang='lat' dir='ltr'>aperte</span> <span class='ocrx_word' id='word_1_248' title='bbox 1271 4130 1598 4213; x_wconf 81' lang='lat' dir='ltr'>colligitur,</span> <span class='ocrx_word' id='word_1_249' title='bbox 1634 4136 1798 4215; x_wconf 91' lang='lat' dir='ltr'>quod</span> <span class='ocrx_word' id='word_1_250' title='bbox 1819 4157 1938 4199; x_wconf 91' lang='lat' dir='ltr'>non</span> <span class='ocrx_word' id='word_1_251' title='bbox 1977 4138 2240 4219; x_wconf 86' lang='lat' dir='ltr'>amplius</span> <span class='ocrx_word' id='word_1_252' title='bbox 2261 4141 2370 4201; x_wconf 86' lang='lat' dir='ltr'>ob·</span> 
     </span>
     <span class='ocr_line' id='line_1_40' title="bbox 819 4222 2370 4315; baseline 0.009 -34"><span class='ocrx_word' id='word_1_253' title='bbox 819 4227 941 4282; x_wconf 87' lang='lat' dir='ltr'>stat</span> <span class='ocrx_word' id='word_1_254' title='bbox 987 4222 1231 4301; x_wconf 89' lang='lat' dir='ltr'>publica</span> <span class='ocrx_word' id='word_1_255' title='bbox 1280 4223 1598 4300; x_wconf 76' lang='lat' dir='ltr'>honestaS,</span> <span class='ocrx_word' id='word_1_256' title='bbox 1648 4239 1892 4308; x_wconf 88' lang='lat' dir='ltr'>propter</span> <span class='ocrx_word' id='word_1_257' title='bbox 1920 4251 2104 4312; x_wconf 90' lang='lat' dir='ltr'>quam</span> <span class='ocrx_word' id='word_1_258' title='bbox 2135 4234 2370 4315; x_wconf 85' lang='lat' dir='ltr'>magis,</span> 
     </span>
     <span class='ocr_line' id='line_1_41' title="bbox 824 4319 2373 4418; baseline 0.008 -42"><span class='ocrx_word' id='word_1_259' title='bbox 824 4332 1012 4396; x_wconf 89' lang='lat' dir='ltr'>quam</span> <span class='ocrx_word' id='word_1_260' title='bbox 1048 4327 1304 4397; x_wconf 92' lang='lat' dir='ltr'>propter</span> <span class='ocrx_word' id='word_1_261' title='bbox 1342 4319 1699 4382; x_wconf 82' lang='lat' dir='ltr'>&#39;affinitatem</span> <span class='ocrx_word' id='word_1_262' title='bbox 1751 4323 1947 4387; x_wconf 87' lang='lat' dir='ltr'>fuerat</span> <span class='ocrx_word' id='word_1_263' title='bbox 1994 4326 2373 4418; x_wconf 85' lang='lat' dir='ltr'>prohibitum</span> 
     </span>
     <span class='ocr_line' id='line_1_42' title="bbox 825 4410 1915 4479; baseline 0.009 -9"><span class='ocrx_word' id='word_1_264' title='bbox 825 4410 1285 4472; x_wconf 86' lang='lat' dir='ltr'>matrimonium</span> <span class='ocrx_word' id='word_1_265' title='bbox 1308 4413 1465 4474; x_wconf 86' lang='lat' dir='ltr'>inter</span> <span class='ocrx_word' id='word_1_266' title='bbox 1494 4416 1641 4476; x_wconf 87' lang='lat' dir='ltr'>tales</span> <span class='ocrx_word' id='word_1_267' title='bbox 1668 4415 1915 4479; x_wconf 87' lang='lat' dir='ltr'>affines.</span> 
     </span>
    </p>

    <p class='ocr_par' dir='ltr' id='par_1_10' title="bbox 827 4503 2377 4865">
     <span class='ocr_line' id='line_1_43' title="bbox 939 4503 2376 4590; baseline 0.01 -27"><span class='ocrx_word' id='word_1_268' title='bbox 939 4503 1103 4566; x_wconf 82' lang='lat' dir='ltr'>Hinc</span> <span class='ocrx_word' id='word_1_269' title='bbox 1122 4507 1419 4586; x_wconf 87' lang='lat' dir='ltr'>sequitur,</span> <span class='ocrx_word' id='word_1_270' title='bbox 1447 4510 1607 4589; x_wconf 90' lang='lat' dir='ltr'>quod</span> <span class='ocrx_word' id='word_1_271' title='bbox 1628 4530 1767 4590; x_wconf 91' lang='lat' dir='ltr'>cum</span> <span class='ocrx_word' id='word_1_272' title='bbox 1792 4507 2057 4575; x_wconf 78' lang='lat' dir='ltr'>Vitricus</span> <span class='ocrx_word' id='word_1_273' title='bbox 2076 4515 2155 4576; x_wconf 88' lang='lat' dir='ltr'>sit</span> <span class='ocrx_word' id='word_1_274' title='bbox 2177 4515 2376 4578; x_wconf 89' lang='lat' dir='ltr'>affinis</span> 
     </span>
     <span class='ocr_line' id='line_1_44' title="bbox 828 4587 2377 4689; baseline 0.01 -31"><span class='ocrx_word' id='word_1_275' title='bbox 828 4597 1012 4659; x_wconf 81' lang='lat' dir='ltr'>Uxori</span> <span class='ocrx_word' id='word_1_276' title='bbox 1038 4599 1306 4682; x_wconf 78' lang='lat' dir='ltr'>Privigni</span> <span class='ocrx_word' id='word_1_277' title='bbox 1331 4600 1569 4664; x_wconf 85' lang='lat' dir='ltr'>solum</span> <span class='ocrx_word' id='word_1_278' title='bbox 1551 4623 1614 4664; x_wconf 75' lang='lat' dir='ltr'>ln</span> <span class='ocrx_word' id='word_1_279' title='bbox 1639 4587 1899 4668; x_wconf 86' lang='lat' dir='ltr'>secundo</span> <span class='ocrx_word' id='word_1_280' title='bbox 1920 4628 2160 4689; x_wconf 87' lang='lat' dir='ltr'>genere,</span> <span class='ocrx_word' id='word_1_281' title='bbox 2165 4618 2377 4689; x_wconf 84' lang='lat' dir='ltr'>potest</span> 
     </span>
     <span class='ocr_line' id='line_1_45' title="bbox 831 4689 2375 4786; baseline 0.01 -35"><span class='ocrx_word' id='word_1_282' title='bbox 831 4689 994 4753; x_wconf 88' lang='lat' dir='ltr'>licite</span> <span class='ocrx_word' id='word_1_283' title='bbox 1018 4694 1375 4757; x_wconf 87' lang='lat' dir='ltr'>contrahere</span> <span class='ocrx_word' id='word_1_284' title='bbox 1407 4698 1864 4761; x_wconf 85' lang='lat' dir='ltr'>matrimonium</span> <span class='ocrx_word' id='word_1_285' title='bbox 1892 4722 2031 4763; x_wconf 88' lang='lat' dir='ltr'>cum</span> <span class='ocrx_word' id='word_1_286' title='bbox 2058 4703 2188 4776; x_wconf 91' lang='lat' dir='ltr'>illa,</span> <span class='ocrx_word' id='word_1_287' title='bbox 2223 4706 2375 4786; x_wconf 91' lang='lat' dir='ltr'>quin</span> 
     </span>
     <span class='ocr_line' id='line_1_46' title="bbox 827 4786 1661 4865; baseline 0.007 -17"><span class='ocrx_word' id='word_1_288' title='bbox 827 4786 1023 4848; x_wconf 85' lang='lat' dir='ltr'>obstet</span> <span class='ocrx_word' id='word_1_289' title='bbox 1059 4788 1298 4865; x_wconf 91' lang='lat' dir='ltr'>publica</span> <span class='ocrx_word' id='word_1_290' title='bbox 1339 4790 1620 4854; x_wconf 81' lang='lat' dir='ltr'>honestas</span> <span class='ocrx_word' id='word_1_291' title='bbox 1645 4837 1661 4853; x_wconf 99' lang='lat'>.</span> 
     </span>
    </p>

    <p class='ocr_par' dir='ltr' id='par_1_11' title="bbox 830 4878 2382 5442">
     <span class='ocr_line' id='line_1_47' title="bbox 944 4878 2378 4972; baseline 0.011 -33"><span class='ocrx_word' id='word_1_292' title='bbox 944 4878 1067 4940; x_wconf 88' lang='lat' dir='ltr'>Nec</span> <span class='ocrx_word' id='word_1_293' title='bbox 1097 4881 1304 4956; x_wconf 84' lang='lat' dir='ltr'>refert,</span> <span class='ocrx_word' id='word_1_294' title='bbox 1361 4885 1525 4964; x_wconf 86' lang='lat' dir='ltr'>quod</span> <span class='ocrx_word' id='word_1_295' title='bbox 1560 4905 1717 4948; x_wconf 83' lang='lat' dir='ltr'>uxor</span> <span class='ocrx_word' id='word_1_296' title='bbox 1763 4888 2031 4972; x_wconf 74' lang='lat' dir='ltr'>Privigni</span> <span class='ocrx_word' id='word_1_297' title='bbox 2078 4890 2378 4955; x_wconf 84' lang='lat' dir='ltr'>habeatur</span> 
     </span>
     <span class='ocr_line' id='line_1_48' title="bbox 830 4978 2382 5066; baseline 0.01 -32"><span class='ocrx_word' id='word_1_298' title='bbox 830 4980 1124 5054; x_wconf 85' lang='lat' dir='ltr'>tanquam</span> <span class='ocrx_word' id='word_1_299' title='bbox 1155 4995 1346 5038; x_wconf 88' lang='lat' dir='ltr'>nurus</span> <span class='ocrx_word' id='word_1_300' title='bbox 1375 4978 1613 5053; x_wconf 87' lang='lat' dir='ltr'>Vitrici,</span> <span class='ocrx_word' id='word_1_301' title='bbox 1645 4982 1915 5064; x_wconf 87' lang='lat' dir='ltr'>adeoque</span> <span class='ocrx_word' id='word_1_302' title='bbox 1937 4987 2274 5066; x_wconf 88' lang='lat' dir='ltr'>reputanda</span> <span class='ocrx_word' id='word_1_303' title='bbox 2304 4988 2382 5051; x_wconf 89' lang='lat' dir='ltr'>sit</span> 
     </span>
     <span class='ocr_line' id='line_1_49' title="bbox 832 5067 2378 5160; baseline 0.011 -32"><span class='ocrx_word' id='word_1_304' title='bbox 832 5075 1123 5149; x_wconf 85' lang='lat' dir='ltr'>tanquam</span> <span class='ocrx_word' id='word_1_305' title='bbox 1154 5067 1282 5131; x_wconf 82' lang='lat' dir='ltr'>filia</span> <span class='ocrx_word' id='word_1_306' title='bbox 1311 5076 1408 5132; x_wconf 84' lang='lat'>35.</span> <span class='ocrx_word' id='word_1_307' title='bbox 1442 5085 1673 5160; x_wconf 87' lang='lat' dir='ltr'>quaest.</span> <span class='ocrx_word' id='word_1_308' title='bbox 1701 5081 1760 5136; x_wconf 77' lang='lat'>2.</span> <span class='ocrx_word' id='word_1_309' title='bbox 1793 5086 1853 5139; x_wconf 89' lang='lat' dir='ltr'>et</span> <span class='ocrx_word' id='word_1_310' title='bbox 1885 5084 1941 5140; x_wconf 84' lang='lat'>3.</span> <span class='ocrx_word' id='word_1_311' title='bbox 1976 5079 2123 5141; x_wconf 89' lang='lat' dir='ltr'>Can.</span> <span class='ocrx_word' id='word_1_312' title='bbox 2161 5079 2237 5142; x_wconf 89' lang='lat' dir='ltr'>Si</span> <span class='ocrx_word' id='word_1_313' title='bbox 2262 5085 2378 5155; x_wconf 82' lang='lat' dir='ltr'>vir,</span> 
     </span>
     <span class='ocr_line' id='line_1_50' title="bbox 831 5165 2383 5245; baseline 0.008 -21"><span class='ocrx_word' id='word_1_314' title='bbox 831 5172 883 5224; x_wconf 85' lang='lat' dir='ltr'>et</span> <span class='ocrx_word' id='word_1_315' title='bbox 911 5181 1067 5223; x_wconf 78' lang='lat' dir='ltr'>uxor</span> <span class='ocrx_word' id='word_1_316' title='bbox 1090 5183 1205 5222; x_wconf 82' lang='lat' dir='ltr'>non</span> <span class='ocrx_word' id='word_1_317' title='bbox 1223 5165 1350 5242; x_wconf 78' lang='lat' dir='ltr'>jam</span> <span class='ocrx_word' id='word_1_318' title='bbox 1378 5167 1512 5240; x_wconf 80' lang='lat' dir='ltr'>duo,</span> <span class='ocrx_word' id='word_1_319' title='bbox 1536 5170 1630 5228; x_wconf 80' lang='lat' dir='ltr'>sed</span> <span class='ocrx_word' id='word_1_320' title='bbox 1651 5190 1771 5232; x_wconf 87' lang='lat' dir='ltr'>una</span> <span class='ocrx_word' id='word_1_321' title='bbox 1794 5192 1927 5232; x_wconf 84' lang='lat' dir='ltr'>caro</span> <span class='ocrx_word' id='word_1_322' title='bbox 1947 5185 2104 5245; x_wconf 87' lang='lat' dir='ltr'>sunt,</span> <span class='ocrx_word' id='word_1_323' title='bbox 2133 5194 2248 5234; x_wconf 89' lang='lat' dir='ltr'>non</span> <span class='ocrx_word' id='word_1_324' title='bbox 2266 5179 2383 5236; x_wconf 85' lang='lat' dir='ltr'>ali-</span> 
     </span>
     <span class='ocr_line' id='line_1_51' title="bbox 833 5259 2379 5349; baseline 0.011 -36"><span class='ocrx_word' id='word_1_325' title='bbox 833 5265 921 5314; x_wconf 84' lang='lat' dir='ltr'>ter</span> <span class='ocrx_word' id='word_1_326' title='bbox 949 5264 1029 5315; x_wconf 86' lang='lat' dir='ltr'>est</span> <span class='ocrx_word' id='word_1_327' title='bbox 1072 5275 1258 5317; x_wconf 81' lang='lat' dir='ltr'>nurus</span> <span class='ocrx_word' id='word_1_328' title='bbox 1304 5259 1669 5339; x_wconf 80' lang='lat' dir='ltr'>deputanda,</span> <span class='ocrx_word' id='word_1_329' title='bbox 1701 5283 1874 5341; x_wconf 81' lang='lat' dir='ltr'>quam</span> <span class='ocrx_word' id='word_1_330' title='bbox 1898 5267 2064 5346; x_wconf 85' lang='lat' dir='ltr'>filia.</span> <span class='ocrx_word' id='word_1_331' title='bbox 2113 5269 2187 5329; x_wconf 90' lang='lat' dir='ltr'>Et</span> <span class='ocrx_word' id='word_1_332' title='bbox 2217 5269 2379 5349; x_wconf 87' lang='lat' dir='ltr'>quod</span> 
     </span>
     <span class='ocr_line' id='line_1_52' title="bbox 832 5347 2384 5442; baseline 0.012 -35"><span class='ocrx_word' id='word_1_333' title='bbox 832 5347 1103 5412; x_wconf 83' lang='lat' dir='ltr'>Vitricus</span> <span class='ocrx_word' id='word_1_334' title='bbox 1149 5369 1215 5412; x_wconf 87' lang='lat' dir='ltr'>se</span> <span class='ocrx_word' id='word_1_335' title='bbox 1260 5351 1480 5416; x_wconf 85' lang='lat' dir='ltr'>habeat</span> <span class='ocrx_word' id='word_1_336' title='bbox 1520 5354 1651 5417; x_wconf 88' lang='lat' dir='ltr'>loco</span> <span class='ocrx_word' id='word_1_337' title='bbox 1696 5357 1927 5434; x_wconf 84' lang='lat' dir='ltr'>Patris,</span> <span class='ocrx_word' id='word_1_338' title='bbox 1985 5361 2256 5442; x_wconf 90' lang='lat' dir='ltr'>adeoque</span> <span class='ocrx_word' id='word_1_339' title='bbox 2282 5382 2384 5425; x_wconf 87' lang='lat' dir='ltr'>ea·</span> 
     </span>
    </p>
   </div>
   <div class='ocr_carea' id='block_1_5' title="bbox 838 5440 2383 5537">
    <p class='ocr_par' dir='ltr' id='par_1_12' title="bbox 838 5440 2383 5537">
     <span class='ocr_line' id='line_1_53' title="bbox 838 5440 2383 5537; baseline 0.013 -35"><span class='ocrx_word' id='word_1_340' title='bbox 838 5440 1000 5517; x_wconf 82' lang='lat' dir='ltr'>dem,</span> <span class='ocrx_word' id='word_1_341' title='bbox 1026 5460 1186 5525; x_wconf 81' lang='lat' dir='ltr'>quae</span> <span class='ocrx_word' id='word_1_342' title='bbox 1210 5448 1568 5527; x_wconf 83' lang='lat' dir='ltr'>parentibus</span> <span class='ocrx_word' id='word_1_343' title='bbox 1600 5450 1898 5528; x_wconf 83' lang='lat' dir='ltr'>debetur,</span> <span class='ocrx_word' id='word_1_344' title='bbox 1948 5453 2049 5517; x_wconf 79' lang='lat' dir='ltr'>his</span> <span class='ocrx_word' id='word_1_345' title='bbox 2072 5457 2383 5537; x_wconf 78' lang='lat' dir='ltr'>personis,</span> 
     </span>
    </p>
   </div>
   <div class='ocr_carea' id='block_1_6' title="bbox 2026 475 2865 565">
    <p class='ocr_par' dir='ltr' id='par_1_13' title="bbox 2026 475 2865 565">
     <span class='ocr_line' id='line_1_54' title="bbox 2026 475 2865 565; baseline -0.002 -18"><span class='ocrx_word' id='word_1_346' title='bbox 2026 475 2477 565; x_wconf 64' lang='lat' dir='ltr'>&#39;ottmsrtouns</span> <span class='ocrx_word' id='word_1_347' title='bbox 2507 493 2865 558; x_wconf 58' lang='lat' dir='ltr'>canonica</span> 
     </span>
    </p>
   </div>
   <div class='ocr_carea' id='block_1_7' title="bbox 2454 644 4013 2334">
    <p class='ocr_par' dir='ltr' id='par_1_14' title="bbox 2455 644 4001 897">
     <span class='ocr_line' id='line_1_55' title="bbox 2455 644 4001 728; baseline 0.001 -21"><span class='ocrx_word' id='word_1_348' title='bbox 2455 666 2614 728; x_wconf 90' lang='lat' dir='ltr'>quae</span> <span class='ocrx_word' id='word_1_349' title='bbox 2639 645 2770 708; x_wconf 92' lang='lat' dir='ltr'>loco</span> <span class='ocrx_word' id='word_1_350' title='bbox 2803 654 3120 727; x_wconf 86' lang='lat' dir='ltr'>parentum</span> <span class='ocrx_word' id='word_1_351' title='bbox 3148 652 3320 717; x_wconf 84' lang='lat' dir='ltr'>sunt,</span> <span class='ocrx_word' id='word_1_352' title='bbox 3362 644 3703 707; x_wconf 82' lang='lat' dir='ltr'>exhibenda</span> <span class='ocrx_word' id='word_1_353' title='bbox 3728 645 3805 707; x_wconf 79' lang='lat' dir='ltr'>sit</span> <span class='ocrx_word' id='word_1_354' title='bbox 3829 665 4001 709; x_wconf 80' lang='lat' dir='ltr'>reve-</span> 
     </span>
     <span class='ocr_line' id='line_1_56' title="bbox 2456 739 4000 821; baseline 0.001 -20"><span class='ocrx_word' id='word_1_355' title='bbox 2456 740 2684 813; x_wconf 87' lang='lat' dir='ltr'>rentia.</span> <span class='ocrx_word' id='word_1_356' title='bbox 2736 741 2805 803; x_wconf 93' lang='lat' dir='ltr'>L.</span> <span class='ocrx_word' id='word_1_357' title='bbox 2843 739 3000 816; x_wconf 85' lang='lat' dir='ltr'>Quia</span> <span class='ocrx_word' id='word_1_358' title='bbox 3035 742 3290 821; x_wconf 78' lang='lat' dir='ltr'>parentis</span> <span class='ocrx_word' id='word_1_359' title='bbox 3324 744 3416 801; x_wconf 79' lang='lat'>16.</span> <span class='ocrx_word' id='word_1_360' title='bbox 3464 740 3527 800; x_wconf 85' lang='lat' dir='ltr'>ff.</span> <span class='ocrx_word' id='word_1_361' title='bbox 3560 740 3756 801; x_wconf 85' lang='lat' dir='ltr'>soluto</span> <span class='ocrx_word' id='word_1_362' title='bbox 3789 743 4000 803; x_wconf 85' lang='lat' dir='ltr'>matri-</span> 
     </span>
     <span class='ocr_line' id='line_1_57' title="bbox 2462 835 2684 897; baseline 0.01 -2"><span class='ocrx_word' id='word_1_363' title='bbox 2462 835 2684 897; x_wconf 89' lang='lat' dir='ltr'>monio.</span> 
     </span>
    </p>

    <p class='ocr_par' dir='ltr' id='par_1_15' title="bbox 2455 928 4011 1577">
     <span class='ocr_line' id='line_1_58' title="bbox 2576 928 3996 1010; baseline -0.001 -19"><span class='ocrx_word' id='word_1_364' title='bbox 2576 931 2734 1003; x_wconf 91' lang='lat' dir='ltr'>Non,</span> <span class='ocrx_word' id='word_1_365' title='bbox 2758 929 3008 1010; x_wconf 90' lang='lat' dir='ltr'>inquam</span> <span class='ocrx_word' id='word_1_366' title='bbox 3045 928 3248 999; x_wconf 86' lang='lat' dir='ltr'>refert,</span> <span class='ocrx_word' id='word_1_367' title='bbox 3298 928 3465 1007; x_wconf 88' lang='lat' dir='ltr'>quia,</span> <span class='ocrx_word' id='word_1_368' title='bbox 3511 937 3578 990; x_wconf 90' lang='lat' dir='ltr'>ut</span> <span class='ocrx_word' id='word_1_369' title='bbox 3616 928 3702 990; x_wconf 91' lang='lat' dir='ltr'>ait</span> <span class='ocrx_word' id='word_1_370' title='bbox 3748 928 3996 991; x_wconf 81' lang='lat' dir='ltr'>Gonzal.</span> 
     </span>
     <span class='ocr_line' id='line_1_59' title="bbox 2462 1022 4000 1104; baseline 0 -20"><span class='ocrx_word' id='word_1_371' title='bbox 2462 1027 2560 1084; x_wconf 85' lang='lat' dir='ltr'>lib.</span> <span class='ocrx_word' id='word_1_372' title='bbox 2600 1028 2658 1085; x_wconf 69' lang='grc'>4.</span> <span class='ocrx_word' id='word_1_373' title='bbox 2693 1024 2973 1085; x_wconf 82' lang='lat' dir='ltr'>Decretat.</span> <span class='ocrx_word' id='word_1_374' title='bbox 3004 1022 3117 1084; x_wconf 86' lang='lat' dir='ltr'>Tit.</span> <span class='ocrx_word' id='word_1_375' title='bbox 3160 1027 3251 1083; x_wconf 70' lang='lat' dir='ltr'>ts.</span> <span class='ocrx_word' id='word_1_376' title='bbox 3290 1024 3355 1082; x_wconf 81' lang='lat' dir='ltr'>de</span> <span class='ocrx_word' id='word_1_377' title='bbox 3388 1022 3675 1101; x_wconf 75' lang='lat' dir='ltr'>Consanq&#39;.</span> <span class='ocrx_word' id='word_1_378' title='bbox 3701 1034 3750 1083; x_wconf 86' lang='lat' dir='ltr'>et</span> <span class='ocrx_word' id='word_1_379' title='bbox 3776 1023 4000 1104; x_wconf 80' lang='lat' dir='ltr'>Affinit.</span> 
     </span>
     <span class='ocr_line' id='line_1_60' title="bbox 2457 1117 4004 1193; baseline 0.003 -15"><span class='ocrx_word' id='word_1_380' title='bbox 2457 1117 2595 1179; x_wconf 87' lang='lat' dir='ltr'>talis</span> <span class='ocrx_word' id='word_1_381' title='bbox 2643 1117 2981 1180; x_wconf 87' lang='lat' dir='ltr'>reverentia</span> <span class='ocrx_word' id='word_1_382' title='bbox 3029 1137 3147 1180; x_wconf 91' lang='lat' dir='ltr'>non</span> <span class='ocrx_word' id='word_1_383' title='bbox 3170 1117 3351 1179; x_wconf 86' lang='lat' dir='ltr'>habet</span> <span class='ocrx_word' id='word_1_384' title='bbox 3371 1119 3622 1179; x_wconf 85' lang='lat' dir='ltr'>eandem</span> <span class='ocrx_word' id='word_1_385' title='bbox 3652 1119 3888 1191; x_wconf 81' lang='lat' dir='ltr'>vim‚ac</span> <span class='ocrx_word' id='word_1_386' title='bbox 3909 1139 4004 1193; x_wconf 88' lang='lat' dir='ltr'>ea,</span> 
     </span>
     <span class='ocr_line' id='line_1_61' title="bbox 2457 1212 4009 1293; baseline 0.003 -22"><span class='ocrx_word' id='word_1_387' title='bbox 2457 1230 2642 1292; x_wconf 87' lang='lat' dir='ltr'>quam</span> <span class='ocrx_word' id='word_1_388' title='bbox 2693 1212 2805 1273; x_wconf 86' lang='lat' dir='ltr'>filii</span> <span class='ocrx_word' id='word_1_389' title='bbox 2866 1220 3146 1274; x_wconf 81' lang='lat' dir='ltr'>tenentur</span> <span class='ocrx_word' id='word_1_390' title='bbox 3195 1212 3485 1274; x_wconf 83' lang='lat' dir='ltr'>exhibere</span> <span class='ocrx_word' id='word_1_391' title='bbox 3511 1214 3888 1293; x_wconf 78' lang='lat' dir='ltr'>parentibuS,</span> <span class='ocrx_word' id='word_1_392' title='bbox 3938 1234 4009 1276; x_wconf 87' lang='lat' dir='ltr'>ac</span> 
     </span>
     <span class='ocr_line' id='line_1_62' title="bbox 2456 1307 4008 1388; baseline 0.001 -22"><span class='ocrx_word' id='word_1_393' title='bbox 2456 1307 2712 1386; x_wconf 87' lang='lat' dir='ltr'>proinde</span> <span class='ocrx_word' id='word_1_394' title='bbox 2751 1328 2890 1369; x_wconf 83' lang='lat' dir='ltr'>curn</span> <span class='ocrx_word' id='word_1_395' title='bbox 2918 1308 2993 1369; x_wconf 91' lang='lat' dir='ltr'>ad</span> <span class='ocrx_word' id='word_1_396' title='bbox 3039 1307 3497 1369; x_wconf 89' lang='lat' dir='ltr'>similitudinem</span> <span class='ocrx_word' id='word_1_397' title='bbox 3520 1308 3722 1379; x_wconf 89' lang='lat' dir='ltr'>detur,</span> <span class='ocrx_word' id='word_1_398' title='bbox 3755 1327 3874 1369; x_wconf 91' lang='lat' dir='ltr'>non</span> <span class='ocrx_word' id='word_1_399' title='bbox 3900 1328 4008 1388; x_wconf 88' lang='lat' dir='ltr'>po-</span> 
     </span>
     <span class='ocr_line' id='line_1_63' title="bbox 2459 1401 4011 1475; baseline 0.001 -12"><span class='ocrx_word' id='word_1_400' title='bbox 2459 1410 2571 1463; x_wconf 88' lang='lat' dir='ltr'>test</span> <span class='ocrx_word' id='word_1_401' title='bbox 2598 1401 2702 1463; x_wconf 86' lang='lat' dir='ltr'>illa</span> <span class='ocrx_word' id='word_1_402' title='bbox 2727 1402 3061 1464; x_wconf 78' lang='lat' dir='ltr'>reverentia</span> <span class='ocrx_word' id='word_1_403' title='bbox 3085 1401 3579 1465; x_wconf 89' lang='lat' dir='ltr'>similitudinaria</span> <span class='ocrx_word' id='word_1_404' title='bbox 3610 1402 3876 1475; x_wconf 89' lang='lat' dir='ltr'>irritare,</span> <span class='ocrx_word' id='word_1_405' title='bbox 3904 1411 4011 1465; x_wconf 90' lang='lat' dir='ltr'>aut</span> 
     </span>
     <span class='ocr_line' id='line_1_64' title="bbox 2455 1494 3276 1577; baseline 0 -22"><span class='ocrx_word' id='word_1_406' title='bbox 2455 1494 2754 1577; x_wconf 87' lang='lat' dir='ltr'>impedire</span> <span class='ocrx_word' id='word_1_407' title='bbox 2781 1496 3240 1558; x_wconf 85' lang='lat' dir='ltr'>matrimonium</span> <span class='ocrx_word' id='word_1_408' title='bbox 3260 1539 3276 1555; x_wconf 99' lang='lat'>.</span> 
     </span>
    </p>

    <p class='ocr_par' dir='ltr' id='par_1_16' title="bbox 2454 1588 4013 2334">
     <span class='ocr_line' id='line_1_65' title="bbox 2578 1588 4010 1671; baseline -0.001 -19"><span class='ocrx_word' id='word_1_409' title='bbox 2578 1591 2890 1671; x_wconf 81' lang='lat' dir='ltr'>Quidquid</span> <span class='ocrx_word' id='word_1_410' title='bbox 2911 1599 3113 1652; x_wconf 86' lang='lat' dir='ltr'>autem</span> <span class='ocrx_word' id='word_1_411' title='bbox 3136 1591 3210 1651; x_wconf 91' lang='lat' dir='ltr'>de</span> <span class='ocrx_word' id='word_1_412' title='bbox 3230 1591 3261 1650; x_wconf 86' lang='lat' dir='ltr'>J</span> <span class='ocrx_word' id='word_1_413' title='bbox 3269 1588 3377 1651; x_wconf 74' lang='lat' dir='ltr'>ure</span> <span class='ocrx_word' id='word_1_414' title='bbox 3398 1589 3577 1651; x_wconf 80' lang='lat' dir='ltr'>Civili</span> <span class='ocrx_word' id='word_1_415' title='bbox 3601 1589 3703 1663; x_wconf 89' lang='lat' dir='ltr'>sit,</span> <span class='ocrx_word' id='word_1_416' title='bbox 3726 1590 4010 1652; x_wconf 88' lang='lat' dir='ltr'>standum</span> 
     </span>
     <span class='ocr_line' id='line_1_66' title="bbox 2457 1685 4011 1766; baseline -0.003 -18"><span class='ocrx_word' id='word_1_417' title='bbox 2457 1693 2546 1748; x_wconf 88' lang='lat' dir='ltr'>est</span> <span class='ocrx_word' id='word_1_418' title='bbox 2565 1686 2598 1745; x_wconf 89' lang='lat' dir='ltr'>J</span> <span class='ocrx_word' id='word_1_419' title='bbox 2606 1685 2697 1747; x_wconf 89' lang='lat' dir='ltr'>uri</span> <span class='ocrx_word' id='word_1_420' title='bbox 2731 1685 3036 1748; x_wconf 83' lang='lat' dir='ltr'>Canonico</span> <span class='ocrx_word' id='word_1_421' title='bbox 3058 1685 3123 1746; x_wconf 92' lang='lat' dir='ltr'>in</span> <span class='ocrx_word' id='word_1_422' title='bbox 3154 1685 3272 1754; x_wconf 86' lang='lat' dir='ltr'>his,</span> <span class='ocrx_word' id='word_1_423' title='bbox 3295 1686 3743 1766; x_wconf 72' lang='lat' dir='ltr'>quae&#39;spectant</span> <span class='ocrx_word' id='word_1_424' title='bbox 3772 1686 3845 1746; x_wconf 86' lang='lat' dir='ltr'>ad</span> <span class='ocrx_word' id='word_1_425' title='bbox 3870 1704 4011 1765; x_wconf 91' lang='lat' dir='ltr'>pro-</span> 
     </span>
     <span class='ocr_line' id='line_1_67' title="bbox 2458 1778 4011 1863; baseline 0 -23"><span class='ocrx_word' id='word_1_426' title='bbox 2458 1780 2721 1860; x_wconf 88' lang='lat' dir='ltr'>positum</span> <span class='ocrx_word' id='word_1_427' title='bbox 2746 1800 2974 1841; x_wconf 85' lang='lat' dir='ltr'>casum.</span> <span class='ocrx_word' id='word_1_428' title='bbox 3003 1780 3208 1853; x_wconf 87' lang='lat' dir='ltr'>Quare</span> <span class='ocrx_word' id='word_1_429' title='bbox 3231 1778 3366 1847; x_wconf 84' lang='lat' dir='ltr'>licet</span> <span class='ocrx_word' id='word_1_430' title='bbox 3401 1798 3554 1863; x_wconf 86' lang='lat' dir='ltr'>uxor</span> <span class='ocrx_word' id='word_1_431' title='bbox 3577 1779 3845 1860; x_wconf 85' lang='lat' dir='ltr'>Privigni</span> <span class='ocrx_word' id='word_1_432' title='bbox 3875 1779 4011 1841; x_wconf 87' lang='lat' dir='ltr'>vul-</span> 
     </span>
     <span class='ocr_line' id='line_1_68' title="bbox 2454 1864 4012 1958; baseline 0 -22"><span class='ocrx_word' id='word_1_433' title='bbox 2454 1896 2531 1958; x_wconf 78' lang='lat' dir='ltr'>go</span> <span class='ocrx_word' id='word_1_434' title='bbox 2567 1875 2803 1937; x_wconf 74' lang='lat' dir='ltr'>dicatur</span> <span class='ocrx_word' id='word_1_435' title='bbox 2831 1894 3046 1945; x_wconf 90' lang='lat' dir='ltr'>nurus,</span> <span class='ocrx_word' id='word_1_436' title='bbox 3084 1884 3144 1935; x_wconf 88' lang='lat' dir='ltr'>et</span> <span class='ocrx_word' id='word_1_437' title='bbox 3168 1864 3469 1957; x_wconf 73' lang='lat' dir='ltr'>habea-tur</span> <span class='ocrx_word' id='word_1_438' title='bbox 3506 1884 3573 1935; x_wconf 90' lang='lat' dir='ltr'>ut</span> <span class='ocrx_word' id='word_1_439' title='bbox 3606 1874 3768 1947; x_wconf 80' lang='lat' dir='ltr'>filia3</span> <span class='ocrx_word' id='word_1_440' title='bbox 3805 1894 4012 1936; x_wconf 73' lang='lat' dir='ltr'>revera</span> 
     </span>
     <span class='ocr_line' id='line_1_69' title="bbox 2461 1968 4013 2032; baseline 0 -1"><span class='ocrx_word' id='word_1_441' title='bbox 2461 1979 2662 2032; x_wconf 89' lang='lat' dir='ltr'>tamen</span> <span class='ocrx_word' id='word_1_442' title='bbox 2691 1978 2777 2031; x_wconf 86' lang='lat' dir='ltr'>cst</span> <span class='ocrx_word' id='word_1_443' title='bbox 2801 1968 2998 2030; x_wconf 84' lang='lat' dir='ltr'>affinis</span> <span class='ocrx_word' id='word_1_444' title='bbox 3023 1969 3260 2030; x_wconf 85' lang='lat' dir='ltr'>Vitrico</span> <span class='ocrx_word' id='word_1_445' title='bbox 3301 1970 3620 2031; x_wconf 82' lang='lat' dir='ltr'>dumtaxat</span> <span class='ocrx_word' id='word_1_446' title='bbox 3658 1969 3720 2029; x_wconf 92' lang='lat' dir='ltr'>in</span> <span class='ocrx_word' id='word_1_447' title='bbox 3751 1969 4013 2031; x_wconf 84' lang='lat' dir='ltr'>secundo</span> 
     </span>
     <span class='ocr_line' id='line_1_70' title="bbox 2461 2056 4008 2147; baseline -0.001 -21"><span class='ocrx_word' id='word_1_448' title='bbox 2461 2056 2702 2147; x_wconf 82' lang='lat' dir='ltr'>genere,</span> <span class='ocrx_word' id='word_1_449' title='bbox 2761 2084 2831 2127; x_wconf 91' lang='lat' dir='ltr'>ac</span> <span class='ocrx_word' id='word_1_450' title='bbox 2860 2064 3121 2144; x_wconf 84' lang='lat' dir='ltr'>proinde</span> <span class='ocrx_word' id='word_1_451' title='bbox 3152 2073 3342 2143; x_wconf 86' lang='lat' dir='ltr'>potest</span> <span class='ocrx_word' id='word_1_452' title='bbox 3373 2063 3463 2124; x_wconf 87' lang='lat' dir='ltr'>illi</span> <span class='ocrx_word' id='word_1_453' title='bbox 3497 2063 3660 2125; x_wconf 89' lang='lat' dir='ltr'>licite</span> <span class='ocrx_word' id='word_1_454' title='bbox 3690 2063 3961 2144; x_wconf 89' lang='lat' dir='ltr'>copulari</span> <span class='ocrx_word' id='word_1_455' title='bbox 3991 2107 4008 2124; x_wconf 98' lang='lat'>.</span> 
     </span>
     <span class='ocr_line' id='line_1_71' title="bbox 2464 2156 4013 2239; baseline -0.002 -18"><span class='ocrx_word' id='word_1_456' title='bbox 2464 2160 2989 2235; x_wconf 77' lang='lat' dir='ltr'>Quemadmodum</span> <span class='ocrx_word' id='word_1_457' title='bbox 3037 2158 3204 2219; x_wconf 87' lang='lat' dir='ltr'>filius</span> <span class='ocrx_word' id='word_1_458' title='bbox 3257 2156 3473 2219; x_wconf 87' lang='lat' dir='ltr'>Vitrici</span> <span class='ocrx_word' id='word_1_459' title='bbox 3514 2167 3704 2239; x_wconf 88' lang='lat' dir='ltr'>potest</span> <span class='ocrx_word' id='word_1_460' title='bbox 3740 2158 4013 2238; x_wconf 87' lang='lat' dir='ltr'>copulari</span> 
     </span>
     <span class='ocr_line' id='line_1_72' title="bbox 2461 2252 4013 2334; baseline -0.003 -18"><span class='ocrx_word' id='word_1_461' title='bbox 2461 2255 2627 2318; x_wconf 89' lang='lat' dir='ltr'>filiae</span> <span class='ocrx_word' id='word_1_462' title='bbox 2674 2257 3004 2326; x_wconf 80' lang='lat' dir='ltr'>Novercae;</span> <span class='ocrx_word' id='word_1_463' title='bbox 3037 2253 3317 2334; x_wconf 84' lang='lat' dir='ltr'>quamvis</span> <span class='ocrx_word' id='word_1_464' title='bbox 3370 2254 3537 2314; x_wconf 87' lang='lat' dir='ltr'>filius</span> <span class='ocrx_word' id='word_1_465' title='bbox 3559 2254 3780 2314; x_wconf 74' lang='lat' dir='ltr'>vitrici</span> <span class='ocrx_word' id='word_1_466' title='bbox 3831 2252 4013 2334; x_wconf 80' lang='lat' dir='ltr'>vulgo</span> 
     </span>
    </p>
   </div>
   <div class='ocr_carea' id='block_1_8' title="bbox 2432 2342 4012 2434">
    <p class='ocr_par' dir='ltr' id='par_1_17' title="bbox 2432 2342 4012 2434">
     <span class='ocr_line' id='line_1_73' title="bbox 2432 2342 4012 2434; baseline -0.003 -22"><span class='ocrx_word' id='word_1_467' title='bbox 2432 2432 2436 2434; x_wconf 11' lang='lat' dir='ltr'>V</span> <span class='ocrx_word' id='word_1_468' title='bbox 2463 2351 2699 2412; x_wconf 85' lang='lat' dir='ltr'>dicatur</span> <span class='ocrx_word' id='word_1_469' title='bbox 2723 2342 2913 2412; x_wconf 82' lang='lat' dir='ltr'>frater</span> <span class='ocrx_word' id='word_1_470' title='bbox 2939 2348 3105 2411; x_wconf 86' lang='lat' dir='ltr'>filiae</span> <span class='ocrx_word' id='word_1_471' title='bbox 3139 2350 3465 2422; x_wconf 87' lang='lat' dir='ltr'>Novercae‚</span> <span class='ocrx_word' id='word_1_472' title='bbox 3493 2357 3561 2410; x_wconf 90' lang='lat' dir='ltr'>ut</span> <span class='ocrx_word' id='word_1_473' title='bbox 3579 2348 3837 2409; x_wconf 85' lang='lat' dir='ltr'>habetur</span> <span class='ocrx_word' id='word_1_474' title='bbox 3865 2348 4012 2409; x_wconf 81' lang='lat' dir='ltr'>Can.</span> 
     </span>
    </p>
   </div>
   <div class='ocr_carea' id='block_1_9' title="bbox 2468 2436 3771 2619">
    <p class='ocr_par' dir='ltr' id='par_1_18' title="bbox 2468 2436 3771 2619">
     <span class='ocr_line' id='line_1_74' title="bbox 2468 2436 3771 2533; baseline -0.002 -29"><span class='ocrx_word' id='word_1_475' title='bbox 2468 2443 2633 2520; x_wconf 72' lang='lat' dir='ltr'>Quod</span> <span class='ocrx_word' id='word_1_476' title='bbox 2657 2450 2825 2533; x_wconf 78' lang='lat' dir='ltr'>super</span> <span class='ocrx_word' id='word_1_477' title='bbox 2853 2436 2965 2515; x_wconf 63' lang='lat' dir='ltr'>his,</span> <span class='ocrx_word' id='word_1_478' title='bbox 3004 2437 3078 2505; x_wconf 83' lang='lat' dir='ltr'>de</span> <span class='ocrx_word' id='word_1_479' title='bbox 3100 2443 3398 2525; x_wconf 85' lang='lat' dir='ltr'>Consang.</span> <span class='ocrx_word' id='word_1_480' title='bbox 3434 2452 3494 2504; x_wconf 90' lang='lat' dir='ltr'>et</span> <span class='ocrx_word' id='word_1_481' title='bbox 3522 2442 3737 2504; x_wconf 87' lang='lat' dir='ltr'>affinit.</span> <span class='ocrx_word' id='word_1_482' title='bbox 3765 2481 3771 2488; x_wconf 86' lang='lat'><strong>·</strong></span> 
     </span>
     <span class='ocr_line' id='line_1_75' title="bbox 2473 2536 3561 2619; baseline -0.005 -18"><span class='ocrx_word' id='word_1_483' title='bbox 2473 2568 2480 2575; x_wconf 52' lang='grc'><em>’</em></span> <span class='ocrx_word' id='word_1_484' title='bbox 2586 2541 2676 2601; x_wconf 89' lang='lat' dir='ltr'>Ita</span> <span class='ocrx_word' id='word_1_485' title='bbox 2703 2557 2937 2612; x_wconf 88' lang='lat' dir='ltr'>censeo,</span> <span class='ocrx_word' id='word_1_486' title='bbox 2970 2536 3140 2619; x_wconf 83' lang='lat' dir='ltr'>salvo</span> <span class='ocrx_word' id='word_1_487' title='bbox 3173 2536 3413 2598; x_wconf 87' lang='lat' dir='ltr'>meliori</span> <span class='ocrx_word' id='word_1_488' title='bbox 3446 2545 3561 2599; x_wconf 87' lang='lat' dir='ltr'>etc.</span> 
     </span>
    </p>
   </div>
   <div class='ocr_carea' id='block_1_10' title="bbox 2468 2706 4020 2996">
    <p class='ocr_par' dir='ltr' id='par_1_19' title="bbox 2468 2706 4020 2996">
     <span class='ocr_line' id='line_1_76' title="bbox 2468 2706 4020 2799; baseline -0.001 -14"><span class='ocrx_word' id='word_1_489' title='bbox 2468 2706 2872 2788; x_wconf 68' lang='lat' dir='ltr'>Adnotationes</span> <span class='ocrx_word' id='word_1_490' title='bbox 2907 2726 3173 2787; x_wconf 72' lang='lat' dir='ltr'>Auctoris</span> <span class='ocrx_word' id='word_1_491' title='bbox 3220 2724 3620 2799; x_wconf 74' lang='lat' dir='ltr'>sanctissimi,</span> <span class='ocrx_word' id='word_1_492' title='bbox 3658 2736 3792 2785; x_wconf 86' lang='lat' dir='ltr'>tune</span> <span class='ocrx_word' id='word_1_493' title='bbox 3820 2723 4020 2785; x_wconf 76' lang='lat' dir='ltr'>Secre-</span> 
     </span>
     <span class='ocr_line' id='line_1_77' title="bbox 2541 2819 4020 2901; baseline -0.003 -20"><span class='ocrx_word' id='word_1_494' title='bbox 2541 2823 2692 2883; x_wconf 75' lang='lat' dir='ltr'>tarii</span> <span class='ocrx_word' id='word_1_495' title='bbox 2749 2841 2823 2882; x_wconf 75' lang='lat' dir='ltr'>ex</span> <span class='ocrx_word' id='word_1_496' title='bbox 2876 2819 3025 2882; x_wconf 85' lang='lat' dir='ltr'>Jure</span> <span class='ocrx_word' id='word_1_497' title='bbox 3070 2823 3393 2901; x_wconf 80' lang='lat' dir='ltr'>desumptae</span> <span class='ocrx_word' id='word_1_498' title='bbox 3439 2823 3592 2881; x_wconf 83' lang='lat' dir='ltr'>circa</span> <span class='ocrx_word' id='word_1_499' title='bbox 3644 2821 4020 2901; x_wconf 82' lang='lat' dir='ltr'>quaestionem</span> 
     </span>
     <span class='ocr_line' id='line_1_78' title="bbox 2545 2918 2915 2996; baseline -0.003 -21"><span class='ocrx_word' id='word_1_500' title='bbox 2545 2918 2915 2996; x_wconf 81' lang='lat' dir='ltr'>propositam.</span> 
     </span>
    </p>
   </div>
   <div class='ocr_carea' id='block_1_11' title="bbox 2475 3087 4024 3374">
    <p class='ocr_par' dir='ltr' id='par_1_20' title="bbox 2475 3087 4024 3374">
     <span class='ocr_line' id='line_1_79' title="bbox 2475 3087 4024 3185; baseline -0.003 -19"><span class='ocrx_word' id='word_1_501' title='bbox 2475 3105 2572 3166; x_wconf 83' lang='lat' dir='ltr'>An</span> <span class='ocrx_word' id='word_1_502' title='bbox 2608 3105 2856 3167; x_wconf 77' lang='lat' dir='ltr'>Vitricus</span> <span class='ocrx_word' id='word_1_503' title='bbox 2882 3087 3087 3184; x_wconf 83' lang='lat' dir='ltr'>absque</span> <span class='ocrx_word' id='word_1_504' title='bbox 3124 3106 3247 3165; x_wconf 86' lang='lat' dir='ltr'>ullo</span> <span class='ocrx_word' id='word_1_505' title='bbox 3273 3104 3688 3185; x_wconf 82' lang='lat' dir='ltr'>impedimenta,</span> <span class='ocrx_word' id='word_1_506' title='bbox 3729 3102 4024 3182; x_wconf 74' lang='lat' dir='ltr'>velaffini-</span> 
     </span>
     <span class='ocr_line' id='line_1_80' title="bbox 2553 3197 4024 3293; baseline -0.002 -33"><span class='ocrx_word' id='word_1_507' title='bbox 2553 3204 2709 3293; x_wconf 74' lang='lat' dir='ltr'>tatis,</span> <span class='ocrx_word' id='word_1_508' title='bbox 2736 3203 2820 3260; x_wconf 74' lang='lat' dir='ltr'>vet</span> <span class='ocrx_word' id='word_1_509' title='bbox 2843 3201 3098 3279; x_wconf 85' lang='lat' dir='ltr'>publicae</span> <span class='ocrx_word' id='word_1_510' title='bbox 3113 3200 3414 3260; x_wconf 83' lang='lat' dir='ltr'>honestatis</span> <span class='ocrx_word' id='word_1_511' title='bbox 3440 3201 3637 3290; x_wconf 76' lang='lat' dir='ltr'>ducere</span> <span class='ocrx_word' id='word_1_512' title='bbox 3663 3201 3836 3278; x_wconf 84' lang='lat' dir='ltr'>possit</span> <span class='ocrx_word' id='word_1_513' title='bbox 3861 3197 4024 3258; x_wconf 72' lang='lat' dir='ltr'>Uxo-</span> 
     </span>
     <span class='ocr_line' id='line_1_81' title="bbox 2551 3293 3821 3374; baseline -0.002 -20"><span class='ocrx_word' id='word_1_514' title='bbox 2551 3315 2669 3354; x_wconf 86' lang='lat' dir='ltr'>rem</span> <span class='ocrx_word' id='word_1_515' title='bbox 2698 3315 2841 3366; x_wconf 83' lang='lat' dir='ltr'>eam,</span> <span class='ocrx_word' id='word_1_516' title='bbox 2874 3312 3016 3374; x_wconf 83' lang='lat' dir='ltr'>quae</span> <span class='ocrx_word' id='word_1_517' title='bbox 3045 3295 3158 3374; x_wconf 81' lang='lat' dir='ltr'>fuit</span> <span class='ocrx_word' id='word_1_518' title='bbox 3194 3293 3358 3356; x_wconf 70' lang='lat' dir='ltr'>Uoe‘or</span> <span class='ocrx_word' id='word_1_519' title='bbox 3401 3294 3670 3373; x_wconf 77' lang='lat' dir='ltr'>Priviqni</span> <span class='ocrx_word' id='word_1_520' title='bbox 3709 3295 3821 3353; x_wconf 83' lang='lat' dir='ltr'>sui.</span> 
     </span>
    </p>
   </div>
   <div class='ocr_carea' id='block_1_12' title="bbox 2475 3427 4031 4127">
    <p class='ocr_par' dir='ltr' id='par_1_21' title="bbox 2475 3427 4031 4127">
     <span class='ocr_line' id='line_1_82' title="bbox 2477 3427 4026 3562; baseline -0.001 -20"><span class='ocrx_word' id='word_1_521' title='bbox 2477 3427 2799 3553; x_wconf 82' lang='lat' dir='ltr'>Videtur,</span> <span class='ocrx_word' id='word_1_522' title='bbox 2831 3481 2992 3562; x_wconf 90' lang='lat' dir='ltr'>quod</span> <span class='ocrx_word' id='word_1_523' title='bbox 3020 3481 3291 3543; x_wconf 85' lang='lat' dir='ltr'>Vitricus</span> <span class='ocrx_word' id='word_1_524' title='bbox 3321 3482 3539 3542; x_wconf 89' lang='lat' dir='ltr'>ducere</span> <span class='ocrx_word' id='word_1_525' title='bbox 3570 3499 3693 3540; x_wconf 93' lang='lat' dir='ltr'>non</span> <span class='ocrx_word' id='word_1_526' title='bbox 3723 3476 3907 3559; x_wconf 88' lang='lat' dir='ltr'>possit</span> <span class='ocrx_word' id='word_1_527' title='bbox 3960 3477 4026 3540; x_wconf 91' lang='lat' dir='ltr'>in</span> 
     </span>
     <span class='ocr_line' id='line_1_83' title="bbox 2476 3573 4029 3657; baseline -0.001 -20"><span class='ocrx_word' id='word_1_528' title='bbox 2476 3596 2728 3637; x_wconf 82' lang='lat' dir='ltr'>uxorem</span> <span class='ocrx_word' id='word_1_529' title='bbox 2759 3596 2915 3647; x_wconf 85' lang='lat' dir='ltr'>eam,</span> <span class='ocrx_word' id='word_1_530' title='bbox 2952 3596 3110 3657; x_wconf 86' lang='lat' dir='ltr'>quae</span> <span class='ocrx_word' id='word_1_531' title='bbox 3138 3575 3254 3637; x_wconf 86' lang='lat' dir='ltr'>fuit</span> <span class='ocrx_word' id='word_1_532' title='bbox 3273 3594 3428 3635; x_wconf 82' lang='lat' dir='ltr'>uxor</span> <span class='ocrx_word' id='word_1_533' title='bbox 3458 3573 3730 3653; x_wconf 86' lang='lat' dir='ltr'>Privigni</span> <span class='ocrx_word' id='word_1_534' title='bbox 3760 3574 3889 3634; x_wconf 86' lang='lat' dir='ltr'>sui:</span> <span class='ocrx_word' id='word_1_535' title='bbox 3917 3575 4029 3636; x_wconf 87' lang='lat' dir='ltr'>Te·</span> 
     </span>
     <span class='ocr_line' id='line_1_84' title="bbox 2475 3667 4029 3733; baseline 0 -2"><span class='ocrx_word' id='word_1_536' title='bbox 2475 3679 2616 3731; x_wconf 84' lang='lat' dir='ltr'>xtus</span> <span class='ocrx_word' id='word_1_537' title='bbox 2646 3670 2808 3731; x_wconf 89' lang='lat' dir='ltr'>enim</span> <span class='ocrx_word' id='word_1_538' title='bbox 2853 3683 2941 3732; x_wconf 89' lang='lat' dir='ltr'>est</span> <span class='ocrx_word' id='word_1_539' title='bbox 2983 3671 3183 3733; x_wconf 88' lang='lat' dir='ltr'>clarus</span> <span class='ocrx_word' id='word_1_540' title='bbox 3217 3670 3280 3731; x_wconf 93' lang='lat' dir='ltr'>in</span> <span class='ocrx_word' id='word_1_541' title='bbox 3313 3671 3379 3730; x_wconf 82' lang='lat' dir='ltr'>L.</span> <span class='ocrx_word' id='word_1_542' title='bbox 3414 3688 3665 3730; x_wconf 84' lang='lat' dir='ltr'>uxorem</span> <span class='ocrx_word' id='word_1_543' title='bbox 3706 3672 3802 3728; x_wconf 87' lang='grc'>15.</span> <span class='ocrx_word' id='word_1_544' title='bbox 3838 3668 3901 3728; x_wconf 84' lang='lat' dir='ltr'>ff.</span> <span class='ocrx_word' id='word_1_545' title='bbox 3951 3667 4029 3731; x_wconf 87' lang='lat' dir='ltr'>de</span> 
     </span>
     <span class='ocr_line' id='line_1_85' title="bbox 2478 3753 4030 3845; baseline -0.001 -21"><span class='ocrx_word' id='word_1_546' title='bbox 2478 3753 3007 3845; x_wconf 38' lang='lat' dir='ltr'>ritu‘nuptiarum,</span> <span class='ocrx_word' id='word_1_547' title='bbox 3065 3764 3148 3824; x_wconf 84' lang='lat' dir='ltr'>ibi</span> <span class='ocrx_word' id='word_1_548' title='bbox 3179 3784 3194 3824; x_wconf 73' lang='grc' dir='ltr'><strong><em>ε</em></strong></span> <span class='ocrx_word' id='word_1_549' title='bbox 3241 3764 3487 3826; x_wconf 79' lang='lat' dir='ltr'>Uxorem</span> <span class='ocrx_word' id='word_1_550' title='bbox 3517 3762 3800 3842; x_wconf 83' lang='lat' dir='ltr'>quondam</span> <span class='ocrx_word' id='word_1_551' title='bbox 3837 3762 4030 3823; x_wconf 75' lang='lat' dir='ltr'>Privi-</span> 
     </span>
     <span class='ocr_line' id='line_1_86' title="bbox 2475 3858 4031 3937; baseline 0.001 -21"><span class='ocrx_word' id='word_1_552' title='bbox 2475 3862 2576 3936; x_wconf 78' lang='lat' dir='ltr'>9ni</span> <span class='ocrx_word' id='word_1_553' title='bbox 2602 3861 2868 3937; x_wconf 76' lang='lat' dir='ltr'>eonjunqi</span> <span class='ocrx_word' id='word_1_554' title='bbox 2892 3861 3253 3920; x_wconf 84' lang='lat' dir='ltr'>matrimonio</span> <span class='ocrx_word' id='word_1_555' title='bbox 3295 3858 3499 3918; x_wconf 84' lang='lat' dir='ltr'>Vitriei</span> <span class='ocrx_word' id='word_1_556' title='bbox 3516 3861 3628 3916; x_wconf 81' lang='lat' dir='ltr'>no&#39;n</span> <span class='ocrx_word' id='word_1_557' title='bbox 3651 3867 3884 3937; x_wconf 82' lang='lat' dir='ltr'>oportet.</span> <span class='ocrx_word' id='word_1_558' title='bbox 3916 3859 4031 3918; x_wconf 88' lang='lat' dir='ltr'>Te-</span> 
     </span>
     <span class='ocr_line' id='line_1_87' title="bbox 2478 3937 4026 4026; baseline 0 -14"><span class='ocrx_word' id='word_1_559' title='bbox 2478 3963 2618 4013; x_wconf 84' lang='lat' dir='ltr'>xtus</span> <span class='ocrx_word' id='word_1_560' title='bbox 2653 3953 2853 4014; x_wconf 85' lang='lat' dir='ltr'>autem</span> <span class='ocrx_word' id='word_1_561' title='bbox 2887 3937 3003 4014; x_wconf 58' lang='lat' dir='ltr'>,hic</span> <span class='ocrx_word' id='word_1_562' title='bbox 3053 3972 3172 4012; x_wconf 91' lang='lat' dir='ltr'>non</span> <span class='ocrx_word' id='word_1_563' title='bbox 3224 3951 3466 4013; x_wconf 82' lang='lat' dir='ltr'>videtur</span> <span class='ocrx_word' id='word_1_564' title='bbox 3516 3952 4026 4026; x_wconf 78' lang='lat' dir='ltr'>contemnenduS,</span> 
     </span>
     <span class='ocr_line' id='line_1_88' title="bbox 2480 4046 4029 4127; baseline 0.001 -22"><span class='ocrx_word' id='word_1_565' title='bbox 2480 4047 2702 4111; x_wconf 90' lang='lat' dir='ltr'>nedum</span> <span class='ocrx_word' id='word_1_566' title='bbox 2728 4046 2988 4126; x_wconf 73' lang='lat' dir='ltr'>quia‘est</span> <span class='ocrx_word' id='word_1_567' title='bbox 3027 4046 3290 4108; x_wconf 87' lang='lat' dir='ltr'>insertus</span> <span class='ocrx_word' id='word_1_568' title='bbox 3340 4047 3401 4106; x_wconf 91' lang='lat' dir='ltr'>in</span> <span class='ocrx_word' id='word_1_569' title='bbox 3433 4046 3699 4127; x_wconf 86' lang='lat' dir='ltr'>Corpore</span> <span class='ocrx_word' id='word_1_570' title='bbox 3732 4046 3898 4107; x_wconf 84' lang='lat' dir='ltr'>Juris</span> <span class='ocrx_word' id='word_1_571' title='bbox 3930 4046 4029 4109; x_wconf 84' lang='lat' dir='ltr'>Ci-</span> 
     </span>
    </p>
   </div>
   <div class='ocr_carea' id='block_1_13' title="bbox 2459 4140 4031 4223">
    <p class='ocr_par' dir='ltr' id='par_1_22' title="bbox 2459 4140 4031 4223">
     <span class='ocr_line' id='line_1_89' title="bbox 2459 4140 4031 4223; baseline -0.001 -20"><span class='ocrx_word' id='word_1_572' title='bbox 2459 4140 2641 4214; x_wconf 79' lang='lat' dir='ltr'>·vilis,</span> <span class='ocrx_word' id='word_1_573' title='bbox 2669 4142 2772 4216; x_wconf 84' lang='lat' dir='ltr'>sed</span> <span class='ocrx_word' id='word_1_574' title='bbox 2792 4142 2972 4202; x_wconf 88' lang='lat' dir='ltr'>etiam</span> <span class='ocrx_word' id='word_1_575' title='bbox 3002 4141 3505 4222; x_wconf 71' lang='lat' dir='ltr'>quia‘Authorem</span> <span class='ocrx_word' id='word_1_576' title='bbox 3532 4141 3716 4202; x_wconf 88' lang='lat' dir='ltr'>habet</span> <span class='ocrx_word' id='word_1_577' title='bbox 3753 4140 4031 4223; x_wconf 87' lang='lat' dir='ltr'>Papinia-</span> 
     </span>
    </p>
   </div>
   <div class='ocr_carea' id='block_1_14' title="bbox 2478 4231 4042 5541">
    <p class='ocr_par' dir='ltr' id='par_1_23' title="bbox 2478 4231 4042 5541">
     <span class='ocr_line' id='line_1_90' title="bbox 2481 4231 4032 4317; baseline 0.001 -22"><span class='ocrx_word' id='word_1_578' title='bbox 2481 4255 2651 4306; x_wconf 88' lang='lat' dir='ltr'>num,</span> <span class='ocrx_word' id='word_1_579' title='bbox 2686 4236 2762 4297; x_wconf 90' lang='lat' dir='ltr'>de</span> <span class='ocrx_word' id='word_1_580' title='bbox 2792 4256 2913 4317; x_wconf 91' lang='lat' dir='ltr'>quo</span> <span class='ocrx_word' id='word_1_581' title='bbox 2944 4237 3340 4316; x_wconf 81' lang='lat' dir='ltr'>Imperatores</span> <span class='ocrx_word' id='word_1_582' title='bbox 3367 4231 3772 4308; x_wconf 77' lang='lat' dir='ltr'>TheodosiuS,</span> <span class='ocrx_word' id='word_1_583' title='bbox 3819 4245 3878 4297; x_wconf 89' lang='lat' dir='ltr'>et</span> <span class='ocrx_word' id='word_1_584' title='bbox 3908 4235 4032 4297; x_wconf 76' lang='lat' dir='ltr'>Va-</span> 
     </span>
     <span class='ocr_line' id='line_1_91' title="bbox 2480 4329 4034 4414; baseline -0.001 -24"><span class='ocrx_word' id='word_1_585' title='bbox 2480 4330 2625 4391; x_wconf 88' lang='lat' dir='ltr'>lenti</span> <span class='ocrx_word' id='word_1_586' title='bbox 2636 4334 2851 4391; x_wconf 90' lang='lat' dir='ltr'>nianus</span> <span class='ocrx_word' id='word_1_587' title='bbox 2876 4333 2940 4390; x_wconf 87' lang='lat' dir='ltr'>in</span> <span class='ocrx_word' id='word_1_588' title='bbox 2969 4329 3033 4391; x_wconf 85' lang='lat' dir='ltr'>L.</span> <span class='ocrx_word' id='word_1_589' title='bbox 3065 4334 3255 4414; x_wconf 85' lang='lat' dir='ltr'>prima</span> <span class='ocrx_word' id='word_1_590' title='bbox 3287 4331 3351 4402; x_wconf 80' lang='lat' dir='ltr'>de</span> <span class='ocrx_word' id='word_1_591' title='bbox 3374 4330 3672 4411; x_wconf 81' lang='lat' dir='ltr'>Responsis</span> <span class='ocrx_word' id='word_1_592' title='bbox 3691 4331 4034 4410; x_wconf 82' lang='lat' dir='ltr'>prudentum</span> 
     </span>
     <span class='ocr_line' id='line_1_92' title="bbox 2482 4421 4034 4486; baseline 0 -3"><span class='ocrx_word' id='word_1_593' title='bbox 2482 4427 2548 4483; x_wconf 87' lang='lat' dir='ltr'>in</span> <span class='ocrx_word' id='word_1_594' title='bbox 2571 4421 2638 4485; x_wconf 83' lang='lat' dir='ltr'>C.</span> <span class='ocrx_word' id='word_1_595' title='bbox 2661 4425 3035 4485; x_wconf 80' lang='lat' dir='ltr'>Theodosiana</span> <span class='ocrx_word' id='word_1_596' title='bbox 3062 4425 3208 4486; x_wconf 85' lang='lat' dir='ltr'>haec</span> <span class='ocrx_word' id='word_1_597' title='bbox 3225 4424 3479 4486; x_wconf 85' lang='lat' dir='ltr'>habent:</span> <span class='ocrx_word' id='word_1_598' title='bbox 3507 4428 3609 4484; x_wconf 81' lang='lat' dir='ltr'>ubi</span> <span class='ocrx_word' id='word_1_599' title='bbox 3628 4426 3877 4485; x_wconf 76' lang='lat' dir='ltr'>diversae</span> <span class='ocrx_word' id='word_1_600' title='bbox 3906 4443 4034 4483; x_wconf 84' lang='lat' dir='ltr'>sen-</span> 
     </span>
     <span class='ocr_line' id='line_1_93' title="bbox 2484 4517 4034 4599; baseline -0.001 -21"><span class='ocrx_word' id='word_1_601' title='bbox 2484 4522 2690 4580; x_wconf 86' lang='lat' dir='ltr'>tentiae</span> <span class='ocrx_word' id='word_1_602' title='bbox 2712 4521 3080 4599; x_wconf 79' lang='lat' dir='ltr'>proferuntur</span> <span class='ocrx_word' id='word_1_603' title='bbox 3096 4565 3114 4593; x_wconf 89' lang='lat'>,</span> <span class='ocrx_word' id='word_1_604' title='bbox 3156 4523 3342 4599; x_wconf 86' lang='lat' dir='ltr'>potius</span> <span class='ocrx_word' id='word_1_605' title='bbox 3371 4540 3638 4579; x_wconf 84' lang='lat' dir='ltr'>numerus</span> <span class='ocrx_word' id='word_1_606' title='bbox 3667 4521 3856 4579; x_wconf 84' lang='lat' dir='ltr'>vincat</span> <span class='ocrx_word' id='word_1_607' title='bbox 3905 4517 4034 4576; x_wconf 81' lang='lat' dir='ltr'>Au-</span> 
     </span>
     <span class='ocr_line' id='line_1_94' title="bbox 2483 4613 4036 4692; baseline -0.001 -18"><span class='ocrx_word' id='word_1_608' title='bbox 2483 4623 2722 4683; x_wconf 86' lang='lat' dir='ltr'>ctorum,</span> <span class='ocrx_word' id='word_1_609' title='bbox 2761 4616 2920 4674; x_wconf 78' lang='lat' dir='ltr'>celsi</span> <span class='ocrx_word' id='word_1_610' title='bbox 2961 4634 3229 4674; x_wconf 85' lang='lat' dir='ltr'>numerus</span> <span class='ocrx_word' id='word_1_611' title='bbox 3258 4616 3513 4692; x_wconf 83' lang='lat' dir='ltr'>aequalis</span> <span class='ocrx_word' id='word_1_612' title='bbox 3543 4615 3641 4686; x_wconf 87' lang='lat' dir='ltr'>sit,</span> <span class='ocrx_word' id='word_1_613' title='bbox 3692 4614 3808 4690; x_wconf 84' lang='lat' dir='ltr'>ejus</span> <span class='ocrx_word' id='word_1_614' title='bbox 3849 4613 4036 4691; x_wconf 81' lang='lat' dir='ltr'>partis</span> 
     </span>
     <span class='ocr_line' id='line_1_95' title="bbox 2478 4706 4035 4787; baseline -0.001 -22"><span class='ocrx_word' id='word_1_615' title='bbox 2478 4708 2737 4786; x_wconf 84' lang='lat' dir='ltr'>procedat</span> <span class='ocrx_word' id='word_1_616' title='bbox 2761 4710 3095 4777; x_wconf 80' lang='lat' dir='ltr'>auctoritas,</span> <span class='ocrx_word' id='word_1_617' title='bbox 3119 4709 3184 4767; x_wconf 88' lang='lat' dir='ltr'>in</span> <span class='ocrx_word' id='word_1_618' title='bbox 3214 4729 3330 4787; x_wconf 79' lang='lat' dir='ltr'>qua</span> <span class='ocrx_word' id='word_1_619' title='bbox 3358 4708 3680 4768; x_wconf 77' lang='lat' dir='ltr'>excellentis</span> <span class='ocrx_word' id='word_1_620' title='bbox 3706 4706 3922 4784; x_wconf 74' lang='lat' dir='ltr'>inqenii</span> <span class='ocrx_word' id='word_1_621' title='bbox 3943 4706 4035 4764; x_wconf 84' lang='lat' dir='ltr'>vir</span> 
     </span>
     <span class='ocr_line' id='line_1_96' title="bbox 2489 4787 3924 4881; baseline 0.003 -22"><span class='ocrx_word' id='word_1_622' title='bbox 2489 4801 2851 4881; x_wconf 81' lang='lat' dir='ltr'>Papinianus</span> <span class='ocrx_word' id='word_1_623' title='bbox 2879 4788 3140 4862; x_wconf 76' lang='lat' dir='ltr'>emineat.</span> <span class='ocrx_word' id='word_1_624' title='bbox 3511 4813 3520 4830; x_wconf 86' lang='lat'>&#39;</span> <span class='ocrx_word' id='word_1_625' title='bbox 3919 4787 3924 4794; x_wconf 44' lang='grc'><strong><em>’</em></strong></span> 
     </span>
     <span class='ocr_line' id='line_1_97' title="bbox 2606 4891 4035 4976; baseline -0.004 -19"><span class='ocrx_word' id='word_1_626' title='bbox 2606 4894 2878 4957; x_wconf 87' lang='lat' dir='ltr'>Secundo</span> <span class='ocrx_word' id='word_1_627' title='bbox 2906 4896 3074 4976; x_wconf 89' lang='lat' dir='ltr'>quia,</span> <span class='ocrx_word' id='word_1_628' title='bbox 3105 4895 3153 4956; x_wconf 89' lang='lat' dir='ltr'>si</span> <span class='ocrx_word' id='word_1_629' title='bbox 3178 4895 3329 4976; x_wconf 87' lang='lat' dir='ltr'>quid</span> <span class='ocrx_word' id='word_1_630' title='bbox 3374 4894 3576 4956; x_wconf 85' lang='lat' dir='ltr'>favere</span> <span class='ocrx_word' id='word_1_631' title='bbox 3601 4899 3793 4973; x_wconf 88' lang='lat' dir='ltr'>posset</span> <span class='ocrx_word' id='word_1_632' title='bbox 3817 4891 4035 4954; x_wconf 88' lang='lat' dir='ltr'>matri-</span> 
     </span>
     <span class='ocr_line' id='line_1_98' title="bbox 2489 4985 4040 5065; baseline 0.001 -18"><span class='ocrx_word' id='word_1_633' title='bbox 2489 4989 2870 5050; x_wconf 90' lang='lat' dir='ltr'>moniointer</span> <span class='ocrx_word' id='word_1_634' title='bbox 2898 4990 3222 5061; x_wconf 72' lang='lat' dir='ltr'>vitricum,</span> <span class='ocrx_word' id='word_1_635' title='bbox 3258 4999 3318 5051; x_wconf 89' lang='lat' dir='ltr'>et</span> <span class='ocrx_word' id='word_1_636' title='bbox 3354 5007 3604 5049; x_wconf 82' lang='lat' dir='ltr'>uxorem</span> <span class='ocrx_word' id='word_1_637' title='bbox 3638 4985 3911 5065; x_wconf 86' lang='lat' dir='ltr'>Privigni</span> <span class='ocrx_word' id='word_1_638' title='bbox 3949 4994 4040 5048; x_wconf 85' lang='lat' dir='ltr'>est</span> 
     </span>
     <span class='ocr_line' id='line_1_99' title="bbox 2489 5079 4038 5163; baseline -0.002 -18"><span class='ocrx_word' id='word_1_639' title='bbox 2489 5083 2714 5145; x_wconf 81' lang='lat' dir='ltr'>Textus</span> <span class='ocrx_word' id='word_1_640' title='bbox 2741 5086 2804 5142; x_wconf 90' lang='lat' dir='ltr'>in</span> <span class='ocrx_word' id='word_1_641' title='bbox 2828 5083 2971 5163; x_wconf 86' lang='lat' dir='ltr'>Cap.</span> <span class='ocrx_word' id='word_1_642' title='bbox 3000 5104 3114 5143; x_wconf 82' lang='lat' dir='ltr'>non</span> <span class='ocrx_word' id='word_1_643' title='bbox 3135 5086 3284 5145; x_wconf 80' lang='lat' dir='ltr'>debet</span> <span class='ocrx_word' id='word_1_644' title='bbox 3319 5085 3383 5143; x_wconf 81' lang='lat' dir='ltr'>de</span> <span class='ocrx_word' id='word_1_645' title='bbox 3408 5101 3671 5160; x_wconf 76' lang='lat' dir='ltr'>consanq.</span> <span class='ocrx_word' id='word_1_646' title='bbox 3696 5092 3746 5141; x_wconf 91' lang='lat' dir='ltr'>et</span> <span class='ocrx_word' id='word_1_647' title='bbox 3774 5079 3931 5159; x_wconf 80' lang='lat' dir='ltr'>affin.</span> <span class='ocrx_word' id='word_1_648' title='bbox 3970 5080 4038 5142; x_wconf 87' lang='lat' dir='ltr'>in</span> 
     </span>
     <span class='ocr_line' id='line_1_100' title="bbox 2489 5174 4040 5258; baseline -0.001 -22"><span class='ocrx_word' id='word_1_649' title='bbox 2489 5196 2612 5257; x_wconf 88' lang='lat' dir='ltr'>quo</span> <span class='ocrx_word' id='word_1_650' title='bbox 2641 5177 2971 5257; x_wconf 86' lang='lat' dir='ltr'>prohibitio</span> <span class='ocrx_word' id='word_1_651' title='bbox 2997 5179 3351 5258; x_wconf 84' lang='lat' dir='ltr'>nuptiarum</span> <span class='ocrx_word' id='word_1_652' title='bbox 3388 5182 3725 5238; x_wconf 86' lang='lat' dir='ltr'>coarctatur</span> <span class='ocrx_word' id='word_1_653' title='bbox 3776 5176 3852 5236; x_wconf 91' lang='lat' dir='ltr'>ad</span> <span class='ocrx_word' id='word_1_654' title='bbox 3910 5174 4040 5254; x_wconf 90' lang='lat' dir='ltr'>pri-</span> 
     </span>
     <span class='ocr_line' id='line_1_101' title="bbox 2492 5267 4042 5351; baseline -0.001 -22"><span class='ocrx_word' id='word_1_655' title='bbox 2492 5289 2657 5330; x_wconf 89' lang='lat' dir='ltr'>mum</span> <span class='ocrx_word' id='word_1_656' title='bbox 2682 5290 2871 5351; x_wconf 82' lang='lat' dir='ltr'>genus</span> <span class='ocrx_word' id='word_1_657' title='bbox 2893 5270 3223 5340; x_wconf 51' lang='lat' dir='ltr'>affinitati&amp;</span> <span class='ocrx_word' id='word_1_658' title='bbox 3246 5269 3484 5332; x_wconf 86' lang='lat' dir='ltr'>sublato</span> <span class='ocrx_word' id='word_1_659' title='bbox 3526 5268 3589 5329; x_wconf 90' lang='lat' dir='ltr'>in</span> <span class='ocrx_word' id='word_1_660' title='bbox 3623 5275 3816 5328; x_wconf 87' lang='lat' dir='ltr'>totum</span> <span class='ocrx_word' id='word_1_661' title='bbox 3848 5267 4042 5347; x_wconf 89' lang='lat' dir='ltr'>impe-</span> 
     </span>
     <span class='ocr_line' id='line_1_102' title="bbox 2491 5359 4041 5447; baseline -0.001 -24"><span class='ocrx_word' id='word_1_662' title='bbox 2491 5363 2782 5435; x_wconf 88' lang='lat' dir='ltr'>dimento,</span> <span class='ocrx_word' id='word_1_663' title='bbox 2808 5364 2972 5444; x_wconf 89' lang='lat' dir='ltr'>quod</span> <span class='ocrx_word' id='word_1_664' title='bbox 3002 5363 3149 5426; x_wconf 88' lang='lat' dir='ltr'>olim</span> <span class='ocrx_word' id='word_1_665' title='bbox 3177 5363 3441 5447; x_wconf 76' lang='lat' dir='ltr'>vigebat,</span> <span class='ocrx_word' id='word_1_666' title='bbox 3472 5360 3744 5435; x_wconf 87' lang='lat' dir='ltr'>secundi,</span> <span class='ocrx_word' id='word_1_667' title='bbox 3788 5369 3850 5423; x_wconf 88' lang='lat' dir='ltr'>et</span> <span class='ocrx_word' id='word_1_668' title='bbox 3881 5359 4041 5424; x_wconf 86' lang='lat' dir='ltr'>tertii</span> 
     </span>
     <span class='ocr_line' id='line_1_103' title="bbox 2490 5452 3844 5541; baseline -0.004 -20"><span class='ocrx_word' id='word_1_669' title='bbox 2490 5457 2731 5541; x_wconf 67' lang='lat' dir='ltr'>generis</span> <span class='ocrx_word' id='word_1_670' title='bbox 2757 5457 3088 5522; x_wconf 79' lang='lat' dir='ltr'>affinitatis.</span> <span class='ocrx_word' id='word_1_671' title='bbox 3225 5452 3229 5456; x_wconf 71' lang='grc'><strong>’</strong></span> <span class='ocrx_word' id='word_1_672' title='bbox 3838 5485 3844 5491; x_wconf 88' lang='grc'><em>·</em></span> 
     </span>
    </p>
   </div>
  </div>
 </body>
</html>
