4393 6299
942 525 1049 578 372

761 697 829 742 aa
859 676 1152 741 remansit
1172 676 1237 739 in
1263 675 1532 741 custodia
1550 675 1834 740 Duc-issae
1854 675 1930 738 de
1954 675 2311 747 Bransvlch,

761 792 921 855 quae
945 782 1088 834 tunc
1107 780 1238 834 erat
1264 770 1479 851 hospes
1511 770 1691 833 Ducis
1726 771 2033 832 Mutinae.

883 867 1177 946 Tempore
1205 863 1578 926 matrimonii
1610 864 1727 927 hoc
1759 863 1934 925 modo
1973 862 2262 927 contracti
2296 909 2313 937 ,

766 971 1009 1042 propter
1036 959 1401 1022 extrinsecas
1426 959 1721 1040 quasdam
1744 960 2025 1020 subortas
2055 958 2316 1022 difficul-

767 1065 916 1119 tates
937 1104 955 1129 ‚
1000 1064 1061 1118 et
1093 1055 1402 1138 signanter
1442 1055 1602 1118 circa
1637 1054 1988 1117 mandatum
2020 1054 2320 1116 Procurae

765 1149 1157 1232 requisitum,
1203 1159 1271 1211 ut
1300 1148 1535 1211 habens
1573 1148 1852 1212 Officium
1909 1149 2318 1212 Lauretanum

765 1255 961 1326 posset
988 1244 1140 1307 illud
1165 1246 1268 1308 Co.
1302 1244 1652 1306 Alexandro
1681 1244 1971 1315 vendere,
2006 1241 2321 1305 ludultum

768 1338 1063 1401 retinendi
1096 1339 1419 1401 Pensiones
1442 1337 1503 1399 in
1532 1348 1692 1401 statu
1717 1337 2064 1421 conjugali,
2090 1337 2255 1420 quod
2284 1357 2319 1400 a

765 1431 924 1496 dicto
971 1433 1203 1496 Comite
1256 1432 1618 1495 credebatur
1660 1433 2009 1512 expeditum
2039 1478 2057 1505 ,
2107 1450 2322 1495 revera

764 1526 1114 1607 expeditum
1139 1546 1259 1589 non
1288 1534 1460 1600 erat,
1488 1546 1598 1588 nec
1618 1528 1749 1610 ejus
1775 1527 2079 1607 expeditio
2110 1526 2320 1591 habita

766 1630 855 1682 est
879 1666 899 1696 ,
927 1620 1043 1683 nisi
1074 1623 1165 1683 die
1197 1627 1292 1682 18.
1325 1622 1704 1701 subsequentis
1730 1624 1933 1683 mensis
1952 1619 2320 1701 Septembris,-

767 1732 1030 1795 cumque
1056 1715 1264 1777 habita
1291 1732 1329 1776 a
1348 1714 1584 1779 Comite
1605 1714 1909 1777 Ranuccio
1933 1715 2135 1776 Scotto
2160 1714 2320 1778 noti-

768 1806 853 1869 tia
876 1807 1245 1870 matrimonii
1266 1827 1301 1870 a
1322 1806 1639 1878 Comitissa
1657 1807 1857 1869 Scotta
1879 1827 1988 1870 sua
2009 1807 2139 1872 tilia
2161 1808 2323 1870 clan-

768 1901 1000 1965 destine
1047 1902 1334 1966 contracti
1392 1921 1533 1964 cum
1580 1900 1813 1965 Comite
1864 1902 2214 1965 Alexandro
2247 1903 2324 1964 de

771 1996 1110 2060 Marsciano
1126 2043 1144 2071 ,
1172 1997 1299 2079 ipoe
1321 2016 1432 2079 pro
1469 1996 1919 2078 comprobanda
1941 1996 2325 2076 illiusznulli-

770 2097 894 2154 tate
921 2109 1231 2153 recursum
1257 2089 1570 2152 habuisset
1601 2089 1679 2152 ad
1712 2088 1872 2152 hauc
1888 2091 2021 2153 Sac.
2060 2090 2328 2172 Congre-

771 2183 1098 2267 gationem,
1117 2184 1396 2266 aliaeque
1411 2194 1658 2247 exortae
1676 2184 1928 2247 fuissent
1945 2179 2327 2248 difficultates

772 2277 932 2339 circa
954 2277 1374 2359 probationem
1405 2284 1597 2340 status
1623 2276 1800 2340 liberi
1837 2288 2202 2343 memoratae
2224 2279 2330 2340 Co-

773 2369 1038 2434 mitissae
1058 2417 1077 2447 ,
1106 2373 1197 2434 dis
1218 2372 1444 2435 undem
1465 2376 1524 2433 3.
1557 2371 1862 2434 Februarii
1885 2379 2060 2435 1716.
2088 2374 2331 2455 Episco-

770 2483 886 2547 pus
918 2465 1281 2529 Mutinensis
1307 2485 1417 2547 pro
1445 2474 1751 2529 contracto
1784 2468 2175 2531 matrimonio
2202 2467 2333 2531 sine

773 2557 995 2623 debitis
1005 2555 1514 2634 solemnitatibus,
1531 2559 1856 2624 nonnullas
1875 2561 2162 2642 imposuit
2181 2562 2332 2625 Con·

768 2651 1020 2735 jugibus
1046 2651 1446 2733 poenitentias
1467 2698 1486 2727 ,
1511 2654 1874 2736 eosdemque
1898 2675 1935 2718 a
1968 2656 2329 2738 publicatio·

777 2745 964 2809 nibus
982 2745 1357 2827 dispensavit
1381 2794 1399 2818 ,
1428 2756 1490 2809 et
1508 2748 1813 2812 licentiam
1835 2750 2037 2824 dedit,
2072 2758 2140 2814 ut
2182 2751 2331 2814 insi-

776 2839 907 2903 mul
939 2839 1407 2913 cohabitarent,
1428 2851 1489 2903 et
1508 2841 1599 2902 dic
1626 2848 1685 2904 6.
1717 2843 1990 2908 Ροὸνυαν.
2021 2847 2334 2928 suppletae

783 2932 1038 2997 fuerunt
1062 2932 1471 2998 solemnitates
1507 2937 1763 3000 omissae
1784 2984 1804 3012 ,
1843 2940 1934 3001 uti
1959 2939 2221 3005 habetur
2257 2964 2334 3006 ex

776 3026 1155 3091 attoetatioue
1177 3029 1456 3101 Paroehi,
1479 3032 1532 3091 si
1548 3033 1738 3111 suppli
1760 3052 1859 3111 por
1875 3053 1959 3095 mc
1982 3036 2338 3113 infrascritto

779 3121 896 3184 elle
917 3119 1236 3185 Cei-imonis
1257 3142 1456 3186 omaso
1478 3126 1568 3188 dcl
1590 3125 1971 3189 Matrimonio
1991 3132 2089 3209 yid
2107 3133 2335 3195 valida-

779 3225 962 3278 mente
987 3226 1271 3280 contrane
1296 3229 1390 3280 tra
1428 3220 1469 3279 Γ
1483 3214 1879 3283 Illustrissimo
1914 3221 2132 3304 Siqnor
2161 3224 2340 3289 Cento

781 3309 1126 3373 Alsssandro
1154 3311 1247 3373 dol
1273 3314 1371 3391 qia
1398 3319 1577 3376 conte
1603 3313 1886 3379 Ludovico
1911 3318 1975 3378 di
2000 3320 2339 3384 Manciam

785 3402 994 3468 Nobile
1014 3404 1292 3478 Romano,
1314 3427 1344 3467 s
1373 3408 1413 3467 Γ
1428 3405 1828 3472 Illustrissima
1855 3410 2109 3492 siquam
2133 3415 2341 3482 Βοηω

789 3496 981 3561 Rosea
1005 3500 1174 3581 fiqtia
1194 3499 1747 3565 dolt'lumriaimo
1770 3502 1989 3586 δίψιοι·
2014 3506 2193 3573 Conte
2218 3511 2343 3576 Ra-

786 3593 987 3655 ssoeio
1015 3591 1201 3655 Suom·
1227 3593 1419 3657 Dama
1444 3594 1650 3659 Nubite
1674 3596 2034 3666 piamina.

910 3684 1116 3761 Facile
1147 3684 1267 3749 fuit
1289 3686 1505 3751 Comiti
1544 3689 1889 3756 Alexandro
1908 3715 2198 3778 superare
2226 3699 2340 3762 dit-

792 3777 1091 3842 ficultates
1112 3798 1227 3843 suo
1248 3782 1637 3847 matrimonio
1653 3786 2060 3863 adversantes,
2080 3793 2187 3856 aed
2217 3812 2341 3857 non
2383 3782 2388 3789 ⁸

793 3873 879 3937 ita
904 3872 1083 3937 facile
1111 3873 1229 3938 fuit
1250 3876 1625 3941 -Pensionem
1650 3889 1958 3946 scutorum
1985 3891 2123 3949 500.
2160 3905 2345 3970 super

793 3967 1005 4032 Henna
1025 3968 1303 4052 Regieusi
1327 3971 1667 4053 impositam
1687 3976 1952 4060 exigere,
1971 3998 2090 4043 non
2105 3983 2345 4047 obstan·

795 4068 857 4125 te
887 4060 1138 4126 ludulto
1167 4064 1421 4127 eandem
1442 4065 1766 4144 retinendi,
1796 4070 1886 4134 uti
1905 4091 2092 4154 supra
2114 4076 2342 4141 dictum

796 4153 917 4218 suit
936 4201 956 4233 ,
985 4155 1172 4220 etiam
1197 4157 1261 4220 in
1292 4166 1450 4221 statu
1481 4163 1784 4246 conjugali
1815 4186 1835 4241 ς
1876 4165 2211 4251 habitoque
2251 4171 2347 4235 id-

795 4247 958 4311 circo
976 4268 1225 4314 recursu
1242 4253 1321 4314 ad
1341 4272 1473 4315 san.
1500 4276 1678 4319 mem.
1702 4258 2067 4326 Clementem
2094 4264 2206 4327 xl.
2236 4256 2347 4348 pro

800 4342 995 4423 gratia
1046 4343 1544 4425 revalidationis,
1595 4351 1926 4435 eodemque
1973 4358 2222 4422 remisso
2270 4360 2349 4424 ad

799 4435 1181 4500 Cardinalem
1203 4438 1624 4504 Prodatarium
1648 4489 1666 4517 ,
1695 4452 1758 4509 et
1781 4447 2000 4513 deinde
2027 4453 2117 4514 ob
2136 4472 2349 4535 super-

785 4532 1044 4593 'ventam
1098 4532 1534 4614 oppositionem
1586 4536 1863 4621 Episcopi
1915 4544 2225 4625 Regiensis
2272 4550 2348 4613 ad

800 4620 960 4688 hanc
996 4624 1240 4689 Sacram
1282 4626 1864 4712 congregationem,
1916 4635 2348 4719 disputandum

802 4717 870 4781 in
920 4721 1215 4802 praesenti
1248 4724 1610 4805 proponitur
1636 4726 1892 4790 dubium
1925 4730 2002 4794 de
2026 4735 2223 4816 gratia
2253 4757 2351 4801 sa-

806 4814 1039 4875 natoris
1061 4859 1081 4889 ,
1130 4833 1238 4877 seu
1283 4818 1515 4896 perinde
1566 4820 1751 4883 velers
1795 4826 2173 4892 concedenda
2198 4875 2217 4905 ,
2256 4833 2351 4894 vel

806 4922 931 4967 nou
954 4906 1362 4971 concedenda.
2225 4972 2228 4981 ,

925 5000 1259 5064 Praemisso
1282 5008 1508 5078 autem,
1538 5006 1702 5086 quod
1725 5008 1940 5073 Pensio
1957 5012 2351 5082 ecclesiastica

806 5101 980 5157 vacat
1020 5094 1150 5176 ipso
1176 5095 1317 5178 jure
1366 5117 1474 5178 per
1514 5110 1891 5166 contractum
1932 5110 2349 5189 matrimonii,

808 5188 1038 5269 absque
1062 5189 1189 5252 ulla
1234 5192 1609 5272 praecedenti
1643 5199 1972 5262 monitione
1997 5204 2179 5281 juxta
2208 5209 2347 5286 yios.

806 5284 874 5343 is
888 5302 940 5344 c.
962 5283 1132 5365 fimet
1146 5286 1214 5346 in
1236 5288 1399 5348 verbo
1415 5289 1688 5351 rediet-int
1714 5294 1780 5354 de
1810 5293 2047 5359 Cla-icis
2069 5320 2181 5361 non
2209 5305 2352 5364 resi-

809 5376 1065 5436 dentibus
1087 5421 1107 5449 ,
1136 5376 1259 5440 ibi:
1285 5398 1455 5462 super
1493 5383 1593 5444 hoc
1628 5394 1816 5447 temen
1855 5388 2143 5471 delinquo
2168 5442 2184 5466 ,
2217 5398 2357 5473 quia

808 5469 1386 5543 esthabetssccluia
1417 5493 1674 5560 cumpro
1707 5481 2012 5558 derelicto,
2059 5498 2163 5549 aut
2198 5509 2350 5566 non,

1931 522 2379 591 Qussss‘rnomzs
2417 523 2775 582 cmomcffi

2420 683 2471 741 si
2503 680 2664 741 habet
2691 699 2816 741 eum
2841 699 2946 762 pro
2979 678 3240 742 derelicto
3265 723 3284 752 ,
3326 688 3470 761 puta
3512 681 3651 761 quia
3678 676 3976 742 contraxit

2425 776 2850 835 iteatrimonium
2875 821 2891 845 ,
2922 775 3009 835 ccl
3033 775 3219 853 factus
3244 783 3326 835 cst
3373 772 3550 836 Miles
3596 784 3700 836 stc.
3736 791 3866 835 rum
3906 775 3974 836 ds

2424 870 2522 930 hoc
2541 871 2849 930 constiterit
2869 916 2885 940 ,
2918 868 3228 949 Episcopus
3243 870 3440 931 statim
3463 879 3637 951 potest
3658 868 3975 932 Ecclesiam

2423 966 2591 1026 illem
2623 966 2761 1026 aliis
2794 966 3043 1044 conferre
3063 972 3165 1026 stc.
3191 983 3215 1031 .·
3243 964 3298 1024 si
3330 982 3458 1027 vcro
3482 983 3598 1025 non
3641 964 3803 1026 habet
3850 983 3978 1026 cum

2425 1079 2530 1141 pro
2551 1060 2811 1122 derelicto
2837 1106 2857 1131 ,
2900 1059 3203 1121 ”temdus
3226 1068 3339 1127 cst.-
3379 1058 3543 1139 quod
3580 1058 3731 1122 adeo
3764 1078 3978 1122 verum

2426 1173 2553 1216 esse
2576 1151 2988 1235 praetenditur
3010 1197 3029 1226 ,
3061 1160 3131 1214 ut
3157 1152 3443 1214 Doctores
3462 1151 3666 1214 minus
3691 1150 3977 1234 probabi-

2429 1246 2569 1309 liter
2622 1245 2935 1329 loqueutes
2956 1290 2976 1320 ,
3022 1253 3085 1309 et
3127 1245 3489 1308 sustinentes
3514 1291 3531 1321 ,
3583 1245 3977 1308 monitionem

2426 1362 2554 1406 esse
2576 1340 2969 1405 necessariam
2996 1387 3014 1416 ,
3044 1342 3121 1406 ad
3150 1342 3427 1405 effectum
3452 1386 3470 1413 ,
3499 1350 3571 1403 ut
3595 1348 3841 1421 propter
3884 1361 3975 1402 as·

2427 1435 2831 1516 sumptionem
2868 1434 3147 1508 Militiae,
3178 1433 3394 1496 Pensio
3434 1433 3845 1497 Ecclesiastica
3869 1453 3979 1495 ex-

2432 1531 2742 1612 tinguatur
2767 1576 2785 1603 ,
2814 1529 3244 1593 extinctionem
3273 1536 3477 1592 tamen
3503 1529 3633 1609 ipso
3654 1529 3796 1612 jure
3834 1549 3980 1590 con-

2427 1626 2641 1692 cedant
2659 1625 2727 1686 in
2743 1631 3051 1686 contractu
3074 1622 3532 1696 matrimoniali,
3556 1630 3762 1703 utpote
3780 1630 3980 1684 actum

2430 1719 2930 1782 irretractabilem
2979 1716 3329 1798 involvente
3350 1707 3384 1790 ,'
3421 1722 3598 1800 juxta
3648 1714 3983 1778 Tuon-sca·-

2430 1813 2696 1877 Floriani
2719 1817 2961 1877 rotonam
2987 1834 3086 1894 per
3110 1811 3354 1892 Iauoleno
3375 1813 3631 1894 incepit.
3665 1822 3734 1872 ut
3760 1811 3985 1873 amul-

2434 1910 2642 1970 tatiom'
2664 1929 2824 1969 num.
2858 1912 2917 1969 4.
2943 1908 3010 1967 de
3036 1907 3276 1969 Cla-icis
3314 1907 3630 1985 conjugatis
3654 1953 3671 1977 ,
3692 1911 3755 1967 et
3785 1903 3990 1985 sequi·

2434 2012 2535 2067 tur
2562 2002 2743 2068 card.
2774 2003 2840 2064 ds
2873 2000 3033 2081 Luqo
3064 2003 3165 2063 lib.
3214 2007 3273 2063 5.
3304 2021 3549 2083 respons.
3598 1999 3805 2062 moral.
3851 2000 3989 2061 deb.

2436 2101 2536 2159 22.
2557 2118 2621 2159 a.
2648 2102 2709 2160 8.
2736 2096 2965 2160 Car-em
2988 2097 3219 2158 recolet.
3253 2102 3347 2158 11.
3373 2117 3437 2158 π.
3467 2083 3574 2156 23.
3598 2103 3649 2155 ot
3676 2114 3837 2155 num.
3881 2096 3983 2156 29.

2435 2194 2701 2254 Antenoi.
2741 2193 2807 2258 de
2825 2193 3010 2270 jurib.
3040 2203 3093 2254 et
3115 2189 3377 2254 oneribus
3403 2191 3757 2256 clm-icarum
3792 2190 3894 2250 tib.
3927 2194 3986 2251 1.

2434 2308 2565 2371 par.
2600 2294 2659 2351 3.
2692 2310 2740 2350 c.
2775 2292 2874 2350 41.
2904 2294 3050 2350 ms.
3083 2298 3134 2349 ct
3162 2294 3220 2350 6.
3250 2307 3367 2349 non
3402 2288 3682 2351 obstante
3706 2284 3990 2348 nullitate

2438 2381 2809 2445 matrimonii
2833 2381 3204 2455 ,dummodo
3236 2380 3485 2444 nullitas
3512 2400 3634 2441 non
3671 2377 3993 2462 proveniat

2437 2497 2514 2540 ex
2538 2477 2770 2541 defectu
2797 2495 3120 2540 cousensus
3146 2523 3164 2550 ,
3209 2485 3270 2538 et
3327 2475 3521 2540 multo
3571 2474 3773 2536 minus
3802 2521 3818 2546 ‚
3868 2492 3994 2536 nou

2441 2572 2716 2634 obstante
2744 2590 2862 2632 non
2892 2571 3411 2634 consummatione
3434 2569 3805 2633 matrimonii
3833 2615 3851 2641 ,
3902 2568 3993 2632 uti

2439 2664 2561 2728 late
2580 2665 2840 2728 habetur
2879 2667 2995 2728 dec.
3030 2671 3128 2728 30.
3164 2686 3224 2726 n.
3265 2670 3360 2727 12.
3391 2676 3444 2727 ct
3476 2669 3574 2726 13.
3612 2665 3677 2725 in
3697 2662 3900 2725 Addit.
3923 2683 3993 2723 n.

2441 2763 2540 2821 54.
2569 2780 2685 2821 cor.
2719 2762 2844 2820 bon.
2877 2781 3040 2822 mess.
3071 2760 3366 2823 Ambio.

2558 2852 2878 2917 Contendit
2894 2853 3223 2937 Episcopus
3251 2853 3499 2936 Region.
3526 2852 3846 2936 suffragari
3869 2870 3997 2913 non

2445 2968 2613 3031 pesse
2662 2949 2880 3012 Comiti
2917 2949 3263 3013 Alexandro
3299 2949 3636 3013 'Indultum
3670 2944 3999 3010 'retinendi

2443 3044 2765 3107 Pensiones
2795 3043 2857 3106 iu
2895 3052 3055 3107 statu
3089 3043 3392 3128 conjugali
3417 3089 3436 3118 ,
3471 3051 3601 3106 tum
3629 3041 3775 3124 quia
3805 3040 4002 3123 privi-

2444 3136 2673 3219 legium
2706 3137 2963 3201 Militiae
3013 3138 3390 3202 Lauretanae
3441 3136 3685 3220 prodest
3727 3134 3857 3217 hisp,
3889 3132 4002 3216 qul

2445 3243 2587 3297 ante
2607 3240 2979 3299 contractum
3012 3232 3468 3296 matrimonium
3508 3231 3663 3294 illud
3707 3229 3993 3293 obtinue-

2447 3337 2632 3401 runt,
2660 3347 2828 3391 secus
2853 3322 3055 3390 autem
3083 3373 3102 3402 ,
3140 3327 3395 3409 'quando
3419 3371 3437 3400 ,
3466 3333 3648 3408 prout
3693 3324 3793 3387 hie
3818 3370 3838 3395 ,
3877 3340 4003 3386 non

2447 3420 2564 3482 fuit
2590 3419 2744 3483 illud
2780 3420 3141 3495 obtentum,
3189 3410 3303 3503 nisi
3346 3427 3479 3503 post
3529 3416 3991 3482 matrimonium

2446 3522 2819 3577 contractum
2843 3561 2859 3588 ,
2904 3524 2965 3576 et
3017 3514 3103 3577 sic
3137 3522 3267 3595 post
3308 3512 3638 3577 extinctam
3691 3511 3824 3593 ipso
3856 3510 4003 3593 jure

2450 3609 2805 3672 pensionem
2831 3656 2849 3684 ,
2898 3617 3027 3672 tum
3053 3608 3201 3690 quia
3252 3608 3316 3671 in
3362 3608 3611 3672 Indulto
3658 3626 3695 3669 a
3743 3605 3998 3667 Summo

2451 3705 2742 3768 Pontifice
2769 3705 3087 3786 impetrato
3117 3701 3489 3767 matrimonii
3506 3699 3801 3771 ,contracti
3838 3717 4005 3760 men·

2451 3798 2535 3862 tio
2566 3799 2721 3863 facta
2750 3819 2868 3861 non
2902 3797 3041 3871 ruit,
3066 3788 3261 3879 nedue
3287 3797 3532 3859 demum
3559 3815 3688 3858 esse
3716 3813 3886 3875 pwe
3906 3792 3995 3855 lo·

2450 3913 2587 3977 ctum
2633 3886 3006 3964 senatoriae,
3058 3910 3164 3954 seu
3212 3890 3442 3974 gratiae
3491 3891 3722 3971 perinde
3764 3889 3952 3951 valere
3978 3933 4001 3961 ,

2450 4007 2588 4052 cum
2616 3986 2981 4070 dispensatio
3003 3984 3298 4049 retinendi
3328 3984 3683 4048 Pensionem
3708 3981 3774 4044 in
3828 3988 3994 4044 statu

2453 4081 2711 4144 inhabili
2737 4100 2854 4143 non
2876 4079 3236 4143 concedatur
3259 4087 3392 4160 post
3408 4086 3669 4141 secutam
3690 4071 4005 4138 Pensiouis

2453 4174 2915 4248 extinctionem,
2943 4172 3091 4255 quia
3131 4172 3245 4234 boc
3287 4179 3438 4234 esset
3490 4189 3708 4246 novam
3757 4167 4006 4229 Pensio-

2456 4272 2595 4331 nem
2621 4316 2638 4340 ‚
2667 4275 2727 4331 et
2755 4287 2978 4330 novum
3011 4278 3335 4350 gravamen
3362 4284 3440 4327 ex
3469 4264 3703 4346 integro
3729 4260 4006 4343 impone-

2457 4381 2544 4435 re,
2580 4360 2760 4425 θανά.
2783 4362 2849 4423 do
2878 4359 3035 4422 Licca
3062 4360 3128 4420 dc
3155 4357 3528 4420 Pcnsiouibus
3547 4358 3687 4417 disc.
3713 4358 3811 4416 45.
3837 4375 3999 4416 nutu.

2458 4461 2518 4517 7.
2546 4465 2759 4518 etcum
2785 4454 2918 4518 siue
2942 4472 3231 4535 consensu
3258 4452 3549 4514 Titularis
3584 4469 3703 4512 uon
3731 4449 3810 4511 sit
3841 4448 4006 4511 loeus

2458 4550 2797 4612 sanatoriae
2817 4594 2835 4621 ,
2860 4568 2965 4611 seu
2992 4547 3353 4627 cuicumque
3370 4544 3545 4607 alteri
3578 4544 3811 4627 gratiae
3839 4561 4007 4607 reva-

2458 4642 2773 4706 lidatoriae
2815 4640 3126 4704 Pensionis
3148 4688 3165 4712 ,
3223 4638 3339 4700 nisi
3389 4639 3676 4700 Summus
3725 4635 4004 4699 Pontifex

2460 4746 2623 4821 motu
2652 4735 2895 4818 proprio
2920 4781 2937 4809 ,
2968 4743 3030 4797 et
3056 4729 3413 4816 'derogando
3459 4732 3706 4815 regulae
3724 4730 3800 4794 de
3830 4751 4005 4811 prae-

2457 4831 2671 4893 stando
2692 4827 2983 4893 consensu
3006 4875 3023 4903 ,
3060 4837 3120 4892 et
3158 4828 3604 4910 quodammodo
3625 4827 3701 4889 de
3741 4824 4008 4908 plenitu-

2460 4924 2601 4987 dine
2632 4923 2937 5007 potestatis
2962 4922 3263 5006 procedat,
3292 4932 3422 4983 testo
3443 4922 3749 5003 ἫΑηιιιίιὶιιι.
3776 4922 3842 4980 ds
3861 4921 4012 5000 stylo

2463 5019 2738 5083 Datur-iac
2776 5022 2874 5081 lib.
2907 5023 3118 5099 1.·σαρ.
3151 5023 3246 5080 14.
3279 5010 3495 5097 quaese.
3544 5021 3604 5077 ’1.
3635 5036 3794 5076 num.
3828 5018 3928 5077 40.
3954 5024 4010 5076 st

2462 5119 2560 5177 41.
2611 5113 2709 5177 cui
2741 5114 2973 5198 gratiae
3005 5112 3335 5194 Episcopus
3379 5110 3584 5192 inquit
3633 5109 3831 5172 locum
3881 5127 4009 5171 esse

2464 5227 2583 5270 non
2615 5228 2783 5289 posse
2826 5208 2892 5270 in
2935 5207 3028 5270 sui
3056 5252 3075 5283 ,
3127 5224 3393 5288 suaeque
3441 5203 3721 5287 pauperis
3769 5202 4012 5266 Mensae

2465 5302 2923 5385 praejudicium.
3191 5304 3194 5307 ’

2577 5398 2791 5460 Comes
2815 5418 2852 5460 e
2870 5403 3078 5459 contra
3101 5393 3441 5456 Alexander
3465 5391 3686 5472 excipit
3701 5438 3718 5466 ,
3755 5400 3815 5456 et
3851 5410 4012 5455 asse-

2459 5493 2564 5568 rit,
2594 5491 2919 5555 extinctam
2940 5509 3060 5553 uon
3081 5489 3344 5572 potuisse
3364 5485 3480 5550 dici
3507 5486 3859 5549 Pensionem
3882 5487 4014 5570 ipso
