4393 6299
1644 565 2329 639 oc.1·:s'r10xxn.
3334 571 3403 626 aa

854 723 1227 800 QUAESTIO.
1268 724 1474 786 xxn.

358 916 455 1007 ιΙιι
485 914 677 977 Causa
706 914 1043 976 Florentina
1070 913 1688 986 Praeeminentr'arstm,
1723 912 1812 972 die
1834 914 1933 971 26.

968 1009 1154 1070 Mart.
1202 1014 1372 1069 ¹718.

389 1146 773 1260 Occasione
800 1216 923 1277 qua
962 1198 1226 1259 Joannes
1263 1196 1568 1258 Guerinus
1604 1192 1942 1258 Canonicus

385 1292 752 1373 Collegiatae
784 1291 1084 1353 Ecclesiae
1111 1293 1310 1354 Sancti
1335 1291 1645 1353 Laurentii
1668 1287 1942 1352 Civitatis

387 1386 776 1449 Florentinae
796 1385 1215 1467 Coadjutorem
1243 1405 1278 1447 a
1299 1386 1449 1447 Sede
1469 1385 1806 1466 Apostolica
1828 1384 1938 1443 ob-

386 1482 589 1550 tinuit,
623 1481 785 1540 inter
816 1481 1038 1560 ipsum,
1065 1480 1340 1561 aliosque
1374 1480 1705 1541 Canonicos
1729 1488 1940 1541 exorta

383 1585 471 1638 est
499 1574 916 1638 controversia
950 1574 1150 1655 quoad
1188 1573 1527 1636 functiones
1552 1618 1570 1646 ,
1614 1593 1774 1655 quae
1799 1583 1942 1635 sunt

380 1671 455 1733 de
480 1670 879 1733 Hebdomada
896 1718 912 1741 ,
944 1678 1003 1732 et
1030 1672 1260 1740 Turno,
1292 1689 1449 1750 quae
1482 1670 1807 1731 Paratur-ae
1830 1688 1937 1731 vo-

382 1774 621 1840 cantur,
654 1786 733 1827 an
760 1765 985 1827 scilicet
1015 1765 1352 1827 Canonicus
1374 1764 1688 1846 coadjutus
1713 1783 1815 1826 eas
1833 1783 1940 1844 per

386 1880 450 1923 se
476 1860 676 1941 ipsum
723 1859 970 1940 explere
996 1859 1197 1921 valeat
1222 1904 1239 1932 ,
1273 1877 1394 1919 non
1422 1859 1697 1920 obstante
1718 1904 1739 1931 ,
1773 1858 1937 1938 quod

383 1956 604 2017 babeat
627 1954 1053 2036 coadjutorem
1080 2000 1096 2027 ,
1122 1962 1288 2015 etan
1336 1953 1624 2033 impedito
1646 1999 1663 2026 ,
1703 1953 1799 2014 vel
1827 1972 1934 2015 no-

384 2052 550 2113 lente
565 2050 867 2112 Canonico
905 2048 1207 2130 coadjuto,
1225 2049 1326 2130 jus
1343 2068 1443 2109 eas
1467 2047 1787 2129 peragendi
1811 2066 1939 2128 per-

391 2147 582 2209 tineat
612 2146 691 2208 ad
724 2143 1098 2206 Canonicum
1125 2143 1534 2225 coadjutorem
1554 2188 1572 2216 ,
1611 2142 1704 2203 vel
1744 2143 1941 2223 potius

391 2241 468 2304 ad
494 2240 861 2303 Canonicum
882 2238 945 2300 in
972 2240 1179 2298 Turno
1199 2238 1635 2305 succedentem,
1659 2237 1939 2298 commis·

386 2356 571 2417 saque
598 2336 820 2397 harum
855 2335 1404 2396 controversiarum
1425 2332 1725 2394 decisione
1749 2334 1939 2393 Reve-

391 2432 648 2493 rendiss.
680 2429 1144 2509 Arcbiepiscopo
1182 2427 1535 2489 Florentino
1566 2472 1583 2500 ,
1630 2435 1939 2507 tamquam

382 2524 740 2588 arbitraturi
759 2570 776 2597 ,
807 2533 868 2585 et
894 2522 1197 2585 amicabili
1222 2521 1630 2603 compositori,
1662 2520 1780 2583 fuit
1807 2520 1938 2582 lau-

382 2623 530 2682 dum
559 2621 641 2681 ab
668 2620 776 2680 illo
804 2618 1139 2699 prolatum,
1171 2617 1235 2678 in
1265 2637 1389 2698 quo
1414 2615 1745 2678 declaravit
1784 2634 1940 2676 com-

383 2717 629 2797 petiisse
660 2763 673 2784 ,
704 2722 763 2776 et
785 2721 1123 2793 competere
1150 2711 1453 2775 Canonico
1495 2710 1763 2772 Guerino
1789 2711 1937 2772 Coa-

380 2812 555 2891 djuto
590 2812 693 2891 jus
720 2818 778 2869 et
802 2807 1146 2870 facultatem
1176 2804 1458 2886 explendi
1483 2850 1500 2878 ,
1533 2812 1594 2866 et
1619 2803 1936 2866 exercendi

379 2927 485 2987 per
513 2926 580 2966 se
604 2905 800 2983 ipsum
822 2949 838 2974 ,
878 2912 1177 2982 quatenus
1205 2900 1387 2971 velit,
1421 2909 1525 2962 aut
1556 2899 1771 2979 possit,
1807 2918 1937 2958 om-

385 3020 523 3072 nes,
564 3008 628 3061 et
672 3017 1087 3079 quascumque
1132 2995 1471 3057 functiones
1510 2992 1887 3056 canonicales
1919 3041 1934 3064 ‚

382 3114 535 3174 quas
567 3093 763 3156 facere
788 3139 805 3167 ,
846 3103 904 3153 et
945 3090 1189 3172 explere
1220 3098 1497 3172 poterat,
1531 3096 1858 3170 antequam
1903 3106 1937 3151 a

384 3191 536 3252 Sede
571 3188 909 3270 Apostolica
940 3186 1360 3267 Coadjutorem
1401 3185 1801 3260 obtinuisset,
1834 3183 1936 3243 sed

384 3305 453 3344 eo
486 3283 733 3344 nolente
758 3328 775 3355 ,
827 3289 931 3343 aut
958 3281 1110 3343 alias
1135 3299 1253 3340 non
1288 3278 1657 3361 adimplente
1679 3278 1938 3340 functio·

384 3399 487 3439 nes
509 3425 526 3451 ,
553 3380 657 3459 jus
694 3396 798 3439 eas
827 3376 1082 3438 faciendi
1130 3374 1388 3437 transire
1434 3374 1653 3436 debere
1686 3373 1759 3434 ad
1790 3372 1942 3436 alios

384 3474 721 3536 Canonicos
770 3475 831 3533 in
861 3472 1079 3532 ordine
1103 3470 1481 3532 succedentes
1500 3515 1517 3540 ‚
1554 3478 1615 3530 et
1639 3468 1765 3529 illis
1795 3486 1938 3547 sup-

381 3570 553 3650 plere
571 3567 749 3629 nolen
759 3566 941 3637 tibus,
966 3565 1311 3627 facultatem
1333 3563 1571 3626 devolvi
1593 3563 1673 3624 ad
1688 3562 1939 3643 Coadju-

384 3673 579 3724 tnrem
610 3708 626 3733 ,
661 3668 722 3723 et
748 3680 870 3721 non
905 3660 1084 3722 aliter
1112 3705 1129 3732 ,
1161 3678 1270 3721 nec
1317 3658 1439 3719 alio
1482 3656 1660 3718 modo
1682 3702 1699 3728 ,
1748 3666 1817 3719 ut
1863 3676 1941 3717 ex

381 3769 592 3819 tenore
624 3755 787 3818 laudi
814 3804 832 3827 ‚
864 3754 1027 3837 quod
1054 3774 1091 3817 a
1116 3752 1421 3816 Canonieo
1452 3750 1724 3813 Guerino
1765 3750 1939 3812 exbi-

383 3853 583 3915 betur.

541 3945 707 4008 Huic
722 3943 904 4006 laudo
923 3942 1259 4005 Canonicus
1269 3941 1575 4005 Guarinus
1596 3939 1943 4003 nullatenus

387 4040 697 4122 acquievit
723 4040 784 4100 in
809 4058 878 4101 ea
899 4045 1092 4120 parte,
1117 4056 1279 4117 quae
1303 4036 1606 4098 Canonico
1628 4033 1944 4096 Dominico

382 4135 704 4198 Cianfonio
724 4153 835 4195 suo
860 4132 1206 4214 Coadjutori
1230 4140 1319 4192 est
1341 4129 1811 4212 praejudicialis,
1837 4129 1943 4191 ha·

383 4232 638 4311 bitoque
657 4249 769 4311 pro
789 4228 959 4290 illius
979 4225 1407 4288 reformatione
1431 4243 1673 4287 recursu
1693 4224 1765 4285 ad
1784 4223 1945 4290 hanc

379 4326 626 4388 Sacram
650 4321 1212 4404 Congregationem,
1245 4319 1628 4399 remissisque
1661 4320 1943 4398 precibus

382 4439 498 4501 pro
526 4417 957 4480 informatione
976 4416 1051 4478 ad
1081 4415 1340 4477 eundem
1373 4413 1787 4476 Reverendiss.
1826 4416 1940 4475 Ar-

378 4512 829 4593 cbiepiscopum
864 4508 1327 4580 Florentinum,
1362 4506 1570 4568 retulit
1619 4506 1746 4587 ipse
1791 4526 1831 4568 a
1874 4525 1938 4568 se

378 4606 567 4668 fuisse
618 4605 924 4686 prolatum
972 4603 1222 4665 laudum
1280 4600 1736 4681 supradictum,
1778 4608 1841 4663 et
1869 4618 1945 4663 se

378 4699 642 4763 ulterius
667 4700 998 4762 terminum
1023 4694 1373 4777 praefixisse
1401 4695 1681 4776 Capitulo
1708 4694 1785 4757 ad
1797 4695 1939 4777 jura

382 4814 493 4857 sua
513 4793 865 4856 deducenda
894 4792 958 4853 in
987 4791 1100 4853 hac
1127 4791 1308 4852 Sacra
1327 4790 1804 4870 congregatione
1823 4833 1841 4861 ,
1882 4795 1944 4850 et

382 4908 423 4952 a
465 4888 744 4971 Capitulo
772 4886 955 4948 fuisse
996 4886 1380 4967 consignatas
1421 4882 1755 4944 nonnullas
1779 4883 1940 4945 Scri·-

381 4994 627 5068 ptum,
654 4984 716 5044 in
740 4982 968 5062 quibus
1004 4990 1125 5042 tota
1154 4979 1292 5041 facti
1339 4978 1526 5040 series
1572 4977 1898 5057 exponitur
1920 5021 1938 5050 ‚

378 5099 520 5143 cum
549 5077 836 5139 instantia
858 5120 877 5148 ‚
905 5082 974 5136 ut
1008 5074 1149 5136 illae
1171 5073 1248 5134 ad
1298 5073 1422 5133 EE.
1455 5071 1592 5133 VV.
1626 5070 1937 5132 transmit-

384 5181 662 5236 terentur
686 5217 704 5243 ,
757 5179 820 5231 et
861 5189 999 5230 cum
1048 5166 1456 5230 declaratione
1481 5211 1499 5239 ,
1554 5165 1719 5247 quod
1755 5164 1942 5227 aliam

383 5276 620 5350 partem
652 5266 769 5326 bac
798 5264 862 5324 in
886 5282 952 5324 re
976 5261 1172 5324 facere
1194 5260 1457 5323 nolebat.

507 5361 578 5423 In
623 5356 954 5438 Scripturis
979 5364 1182 5417 autern
1206 5374 1242 5416 a
1272 5352 1551 5434 Capitulo
1576 5352 1944 5415 transmissis

389 5454 732 5516 continetur
755 5449 1102 5529 Capitulare
1129 5449 1448 5509 Decretum
1470 5446 1696 5509 factum
1720 5445 1818 5508 die
1841 5450 1935 5506 15.

391 5548 610 5614 mensis
647 5543 1024 5630 Septembris
1068 5560 1230 5606 anno
1280 5544 1454 5604 1702.
1506 5541 1571 5603 in
1619 5558 1744 5625 quo
1782 5536 1945 5603 inter

2042 731 2279 784 caetera
2311 728 2584 784 cavetur-2
2606 722 2703 784 che
2726 725 2775 785 il
2805 723 2858 784 T
2853 743 2997 784 urna
3016 724 3106 785 dcl
3142 720 3309 793 coro,
3357 726 3510 787 circa
3538 725 3596 786 la

2046 820 2428 878 celebrazione
2453 818 2605 878 della
2634 816 2824 879 Sama
2845 817 3037 878 Messa
3056 863 3073 888 ‚
3104 819 3244 878 delle
3277 817 3593 891 Paratur-s,

2044 932 2074 972 e
2124 915 2394 990 vaneoqqi
2437 913 2882 973 dell'ebdomada
2923 914 2979 971 (Γ
2997 915 3285 990 auqmenti
3307 957 3324 985 ,
3361 913 3428 972 ed
3453 914 3598 974 altri

2046 1009 2404 1066 emolumenti
2435 1009 2522 1067 sia
2546 1009 2846 1067 solamente
2880 1007 2969 1067 del
3006 1006 3346 1085 coadjutore
3373 1008 3466 1067 nel
3496 1026 3600 1068 sua

2051 1104 2233 1179 luoqo,
2260 1122 2288 1160 e
2317 1121 2427 1160 non
2454 1103 2543 1161 dcl
2569 1100 2869 1179 Coadjuto,
2894 1114 3128 1181 reputor
3149 1103 3440 1162 docendosi
3460 1118 3596 1181 que·

2046 1211 2131 1257 sto
2151 1217 2299 1258 come
2330 1217 2444 1255 non
2489 1199 2890 1257 interveniente
2927 1200 2990 1256 in
3031 1200 3164 1275 oqui
3205 1216 3362 1267 caso,
3405 1198 3507 1258 che
3546 1199 3599 1257 si

2048 1295 2215 1353 tratti
2236 1294 2297 1350 di
2320 1295 2471 1353 detta
2509 1294 2905 1364 celebrazionc,
2932 1292 2996 1351 ed
3022 1293 3172 1352 altro
3189 1336 3205 1361 ,
3234 1311 3382 1352 come
3403 1310 3594 1372 sopra,

2044 1389 2316 1448 ancorche
2342 1387 2478 1467 fosse
2498 1397 2779 1465 presente:
2811 1394 2871 1448 et
2915 1405 2992 1447 ex
3016 1384 3132 1448 boc
3163 1388 3412 1447 Decreta
3445 1384 3599 1447 infe-

2046 1490 2190 1543 runt
2217 1481 2535 1551 Canonici,
2581 1482 2741 1561 quod
2778 1480 3107 1561 Coadjutus
3152 1499 3259 1561 per
3294 1499 3358 1542 se
3400 1479 3599 1560 ipsum
3682 1526 3688 1537 ,

2044 1576 2291 1656 explere
2317 1576 2530 1656 nequit
2561 1576 2898 1637 functiones
2930 1582 3304 1655 nuncupatas
3326 1574 3401 1635 de
3431 1573 3598 1637 Heb-

2046 1671 2304 1734 domada
2332 1718 2347 1742 ‚
2378 1681 2438 1735 et
2479 1673 2718 1743 Turno,
2744 1679 2803 1732 et
2834 1670 3025 1732 multo
3048 1670 3241 1752 magis
3262 1715 3282 1742 ,
3317 1688 3456 1732 cum
3484 1669 3600 1732 Ca-

2047 1766 2301 1826 nonicus
2323 1764 2632 1826 GuerInus
2653 1764 2742 1825 illi
2777 1766 3026 1826 Decreto
3047 1784 3110 1825 se
3129 1763 3552 1845 subscripserit
3574 1809 3594 1839 ,

2045 1860 2290 1939 quando
2332 1858 2554 1920 factum
2584 1867 2668 1920 est
2690 1907 2704 1927 ,
2736 1858 3010 1939 illudque
3038 1854 3224 1921 fuerit
3249 1858 3591 1921 executioni

2048 1954 2402 2015 mandatum
2426 1973 2463 2015 a
2487 1954 2789 2016 Canonico
2816 1952 2890 2015 de
2913 1953 3156 2034 Zipolis,
3189 1952 3294 2034 qui
3328 1952 3392 2014 in
3415 1951 3600 2015 Coad-

2039 2048 2307 2128 jutorem
2330 2047 2678 2110 obtinuerat
2703 2047 3073 2108 Canonicum
3095 2045 3447 2109 Bruscolum
3465 2092 3482 2118 ,
3508 2048 3603 2127 ju·

2048 2152 2153 2204 xta
2179 2143 2610 2205 documentum
2644 2163 2679 2205 a
2711 2141 2988 2222 Capitulo
3014 2142 3454 2204 transmissum.
3479 2143 3601 2204 Ad·

2047 2236 2201 2297 dunt
2223 2237 2405 2298 iidem
2438 2236 2720 2299 Canonici
2747 2284 2764 2309 ,
2789 2238 2953 2317 quod
2972 2283 2988 2309 ,
3020 2235 3330 2317 impedito,
3360 2244 3465 2298 aut
3502 2255 3603 2299 no-

2049 2329 2211 2392 lente
2242 2332 2532 2412 Coadjuto
2559 2377 2575 2403 ,
2620 2331 2957 2392 functiones
2979 2331 3062 2411 de,
3082 2330 3456 2394 hebdomada
3491 2350 3595 2411 pe-

2052 2416 2182 2506 ragi
2224 2444 2342 2487 non
2372 2427 2593 2505 debent
2614 2426 2693 2488 ab
2716 2426 2845 2507 ejus
2876 2427 3255 2507 coadjutore,
3290 2426 3392 2487 sed
3421 2444 3455 2486 a
3486 2425 3599 2487 Ca-

2051 2519 2286 2579 nonicis
2316 2518 2589 2599 proxime
2629 2519 3084 2580 succedentibus
3103 2564 3121 2592 ,
3172 2518 3265 2579 vel
3320 2518 3467 2598 quia
3514 2519 3601 2583 ita

2049 2612 2167 2674 fert
2188 2613 2557 2675 consuetudo
2584 2612 3090 2692 Metropolitanae
3120 2612 3417 2675 Ecclesiae
3459 2612 3601 2674 Flo-

2047 2707 2343 2777 rentinae‚
2369 2708 2444 2769 de
2465 2712 2587 2787 qua
2614 2715 2863 2769 testatur
2886 2707 3166 2788 Magister
3190 2707 3601 2770 caeremonia-

2044 2821 2209 2873 rum;
2246 2800 2339 2863 vel
2371 2801 2515 2881 quia
2541 2801 2689 2863 baec
2731 2810 2819 2868 est
2853 2801 3192 2864 differentia
3221 2800 3379 2864 inter
3408 2801 3598 2865 Coad-

2042 2898 2275 2979 jutores
2311 2896 2686 2977 Dignitatum
2712 2943 2728 2966 ,
2760 2904 2821 2957 et
2853 2895 3245 2976 CoadJ'utores
3272 2896 3600 2959 Canonico-

2047 3010 2182 3052 rum
2208 3038 2224 3061 ,
2275 2991 2438 3071 quod
2474 2989 2653 3071 primi
2685 3035 2702 3063 ,
2752 2990 2838 3051 uti
2888 2989 3157 3050 sedentes
3199 2990 3262 3051 in
3291 2988 3466 3052 stallo
3494 2990 3601 3052 Di-

2045 3085 2344 3166 gnitatum
2375 3084 2617 3239 explere
2645 3084 2868 3146 debent
2894 3082 3232 3146 functiones
3269 3094 3600 3165 spectantes

2046 3179 2119 3241 ad
2152 3180 2455 3260 Dignitate
2545 3179 2913 3260 coadjutamss
2940 3180 3100 3260 quod
3125 3180 3445 3260 procedere
3469 3200 3591 3240 non

2045 3281 2238 3352 potest
2263 3265 2331 3334 ‘in
2364 3273 2828 3355 Coadjutoribus
2861 3273 3302 3335 Canonicorum
3324 3318 3342 3347 ,
3372 3274 3478 3353 qui
3514 3274 3597 3334 si-

2046 3368 2167 3429 cuti
2213 3368 2419 3429 sedent
2449 3378 2578 3448 post
2608 3367 2816 3428 omnes
2843 3363 3195 3440 canonicos,
3223 3367 3305 3429 ita
3333 3387 3453 3427 non
3487 3369 3595 3429 ad-

2046 3461 2371 3524 mittuntur
2422 3462 2500 3523 ad
2550 3461 2906 3523 bouorarias
2962 3460 3298 3523 functiones
3322 3506 3340 3534 ,
3383 3460 3433 3521 si
3481 3460 3591 3523 alii

2046 3555 2246 3618 adsint
2282 3555 2601 3628 Canonici,
2632 3557 2809 3636 juxta
2849 3555 3070 3617 tradita
3111 3575 3215 3636 per
3250 3554 3591 3635 Piqnattell.

2045 3653 2262 3713 consul.
2291 3655 2425 3712 185.
2457 3670 2615 3710 num.
2647 3655 2704 3711 3.
2730 3660 2784 3710 et
2805 3653 2864 3710 4.
2899 3661 3030 3710 tom.
3077 3653 3136 3711 4.
3169 3648 3596 3730 ponderando,

2047 3744 2211 3825 quod
2239 3744 2633 3806 resolutiones
2650 3744 3144 3825 Congregationis
3156 3744 3480 3806 Sacrorum
3502 3744 3602 3807 Ri-

2047 3846 2221 3899 tuum
2249 3838 2313 3899 in
2352 3838 2641 3901 Patavina
2686 3841 2783 3899 14.
2834 3838 3152 3900 Februarii
3205 3842 3378 3898 1615.
3425 3847 3486 3899 et
3537 3842 3596 3899 3.

2050 3933 2331 3994 Decemb.
2368 3937 2541 3994 1616.
2589 3931 2741 3993 etin
2782 3932 3129 4002 Neritonen.
3191 3936 3285 3992 12.
3321 3931 3601 3994 Octobris

2056 4031 2234 4088 1619.
2274 4046 2431 4107 quae
2457 4073 2474 4099 ,
2517 4026 2807 4107 impedito
2841 4026 3168 4107 Coadjuto,
3215 4025 3462 4088 firmant
3503 4028 3604 4109 jus

2047 4121 2385 4183 functiones
2414 4120 2733 4203 peragendi
2766 4119 3000 4184 devolvi
3036 4121 3113 4184 ad
3134 4121 3556 4202 Coadjutorem
3577 4165 3595 4193 ,

2047 4225 2107 4278 et
2132 4235 2252 4277 non
2267 4216 2354 4278 ad
2382 4215 2753 4277 Canonicum
2791 4214 2851 4275 in
2897 4217 3105 4276 Turno
3142 4214 3552 4277 succedentem
3579 4260 3597 4288 ,

2046 4309 2396 4390 loquuntur
2424 4310 2485 4370 in
2529 4308 2801 4371 terminis
2837 4308 3270 4392 Coadjutorum
3322 4308 3600 4390 Dignita-

2048 4412 2179 4464 tum
2207 4448 2223 4473 ,
2257 4412 2317 4464 et
2350 4422 2471 4462 non
2501 4401 2963 4463 Canonicorum.

2166 4497 2469 4558 Adversus
2489 4496 2635 4557 baec
2655 4495 2890 4575 reponit
2909 4495 3245 4558 Canonicus
3270 4495 3598 4570 Guarinus,

2050 4610 2113 4652 se
2139 4610 2312 4672 posse
2332 4590 2577 4671 explere
2597 4590 2936 4652 functiones
2956 4610 3236 4671 nuncupa
3245 4598 3331 4652 tas
3348 4591 3425 4652 de
3444 4591 3601 4652 Heb-

2048 4686 2327 4758 domada,
2361 4694 2421 4747 et
2446 4687 2676 4756 Turno,
2710 4703 2829 4744 non
2866 4684 3163 4755 obstante,
3187 4685 3350 4765 quod
3381 4684 3602 4747 habeat

2049 4777 2470 4862 Coadjutorem
2498 4800 2516 4853 ς
2553 4779 2616 4839 in
2655 4778 2831 4840 Bulla
2851 4777 3154 4859 siquidem
3179 4776 3603 4860 Coadjutoriae

2045 4875 2195 4937 haec
2219 4875 2544 4944 habentur,
2568 4876 2724 4933 toties
2746 4876 2960 4953 quoties
2977 4875 3160 4934 dictas
3183 4873 3433 4934 loannes
3456 4871 3603 4934 Gus-

2046 4972 2213 5031 rimes
2237 4970 2520 5040 noluerit,
2544 4977 2648 5029 aut
2674 4986 2788 5027 non
2810 4969 3059 5046 potuerit
3079 4986 3195 5046 per
3217 4987 3271 5027 se
3297 4969 3484 5046 ipsum
3508 4961 3601 5025 diss

2045 5073 2166 5124 ctae
2194 5063 2480 5123 Ecclesiae
2504 5107 2520 5133 ‚
2546 5062 2767 5122 ratione
2801 5059 3205 5131 canonicatus,
3242 5081 3309 5122 ac
3327 5062 3600 5141 praeben-

2046 5157 2150 5218 dae
2177 5156 2498 5234 hujusmodi
2525 5156 2818 5225 damin,
2847 5157 2928 5214 sic
2948 5157 3097 5225 vice,
3118 5166 3170 5216 et
3196 5157 3310 5215 loco
3336 5154 3476 5214 dicti
3497 5154 3602 5215 Jo-

2046 5254 2216 5314 anm's
2248 5249 2495 5312 Guerint'
2518 5298 2536 5322 ,
2572 5259 2862 5330 tamquam
2885 5250 3066 5311 dictae
3091 5249 3377 5310 Ecclesiae
3408 5248 3601 5311 Cano-

2045 5350 2209 5408 nicus
2224 5394 2242 5416 ,
2266 5347 2363 5406 illi
2386 5347 2449 5405 in
2472 5346 2681 5420 divinis
2699 5389 2717 5417 ‚
2739 5364 2805 5406 ac
2829 5345 2979 5406 alias
3007 5346 3279 5404 deservire
3301 5355 3406 5404 erc.
3449 5331 3605 5425 quo-¹

2049 5461 2186 5504 rum
2213 5449 2385 5502 tenor
2417 5441 2740 5502 verborum
2775 5433 3096 5520 importat,
3142 5446 3208 5500 ut
3235 5437 3601 5521 Coadjutus,

2048 5537 2097 5599 si
2133 5534 2314 5614 velit,
2356 5533 2692 5602 functione·
2726 5532 2970 5620 explere
3003 5533 3242 5604 valeat,
3274 5542 3334 5596 et
3384 5534 3602 5619 possin
