4393 6299
1657 530 1704 601 Q
1730 531 1852 585 ωε
1879 530 1913 584 s
1941 530 1990 584 ‘r
2016 530 2113 585 ιο
2169 529 2370 587 cxcu.

374 689 576 744 torum
608 684 707 744 30.
759 690 1139 756 annuet-unu
1171 699 1431 763 cumque
1469 683 1727 745 subinde
1757 701 1925 765 prae-

3296 530 3398 583 251

2156 684 2340 746 Aliud
2402 692 2602 746 tamen
2647 683 2928 747 subditur
2977 703 3103 746 esse
3150 682 3467 746 dicendum
3518 682 3580 742 in

372 775 569 837 dictus
615 775 924 838 Galeatius
955 773 1136 836 fuerit
1171 795 1209 837 a
1254 775 1641 837 Sanctissimo
1672 776 1929 837 Domino
2039 779 2315 840 terminis
2360 778 2652 859 Equitum
2694 778 2844 840 levis
2885 789 3269 850 armaturae,
3306 778 3410 856 qui
3461 796 3580 836 non

344 868 590 931 'Nostro
617 870 955 950 adscriptus
993 869 1153 930 inter
1195 869 1444 951 Equites
1472 869 1622 932 levis
1659 880 1925 933 armatu-

2042 880 2184 933 sunt
2218 872 2477 934 instituti
2525 871 2598 934 ad
2633 871 3026 953 pugnandum
3055 916 3072 945 ,
3108 872 3208 932 sed
3249 872 3323 931 ad
3351 869 3584 949 simpli-

371 980 521 1036 rae,
576 971 634 1025 et
689 960 947 1025 ulterius
990 962 1345 1043 cogitaverit
1402 962 1478 1024 de
1519 964 1928 1025 contrahendo
2036 983 2165 1026 cem
2210 965 2539 1026 custodiam
2567 965 2849 1045 Corporis
2877 963 3199 1037 Pontificii,
3232 964 3462 1044 quique
3494 962 3584 1021 id·

375 1055 799 1131 matrimonio‚
865 1056 1173 1117 indultum
1228 1077 1390 1119 anno
1449 1061 1620 1118 1718.
1665 1058 1929 1119 obtinuit
2037 1057 2196 1118 circo
2225 1058 2285 1117 in
2320 1058 2531 1119 litteris
2557 1057 2958 1137 patentalibus
2984 1057 3407 1141 appellantur:
3442 1055 3587 1116 Gen·

375 1151 674 1212 retinendi
730 1150 1097 1232 praedictam
1148 1152 1490 1231 pensionem
1516 1198 1532 1225 ,
1563 1151 1794 1215 etiamsi
1826 1154 1931 1216 'Ca-

374 1254 499 1307 stra
526 1254 912 1326 sequeretur,
950 1255 1010 1306 et
1035 1263 1154 1306 non
1178 1245 1475 1308 incederet
1506 1245 1570 1306 iu
1605 1246 1843 1319 habitu,
1873 1258 1933 1310 et

373 1344 620 1399 tonsura
643 1382 661 1410 ‚
713 1346 774 1399 et
839 1337 1295 1400 matrimonium
1353 1339 1734 1401 contraheret
1795 1360 1931 1401 cum

372 1431 647 1512 qualibet
676 1432 932 1493 muliere
952 1430 1134 1494 etiam
1167 1431 1370 1493 vidua.

494 1525 564 1586 ln
597 1526 841 1587 Indulto
885 1544 1025 1586 mox
1081 1534 1414 1586 memorato
1461 1545 1582 1589 non
1617 1526 1734 1589 suit
1780 1526 1930 1606 facta

376 1619 640 1692 mentio,
666 1620 828 1701 qnod
855 1619 1194 1694 Galeatius‚
1225 1629 1492 1701 tempore
1531 1621 1890 1683 intermedio
1916 1670 1930 1692 ,

379 1713 491 1775 boc
539 1722 629 1775 est
664 1732 702 1777 a
753 1712 1151 1775 translatione
1205 1713 1510 1794 pensionis
1558 1715 1632 1776 ad
1669 1716 1932 1798 ejusdem

380 1806 611 1869 Indulti
659 1807 1100 1869 concessionem
1146 1806 1343 1870 fuerat
1390 1808 1727 1890 adscriptus
1778 1809 1938 1871 inter

379 1902 630 1985 Equites
676 1902 825 1965 levis
853 1904 1239 1977 armaturae;
1292 1922 1552 1985 cumque
1593 1904 1933 1979 Galeatius,

380 1997 471 2058 uti
519 1996 633 2057 Vir
682 1997 948 2078 probus,
995 2015 1061 2059 se
1104 1997 1466 2060 abstinuerit
1514 2000 1594 2063 ab
1627 1999 1938 2061 exactione

381 2088 690 2171 pensionis
707 2135 727 2163 ,
750 2088 1233 2169 etSanctissimo
1262 2091 1438 2152 Domi
1448 2112 1525 2153 no
1551 2094 1768 2155 Nostro
1794 2111 1937 2175 sup-

382 2184 700 2267 plicaverit
735 2202 847 2266 pro
871 2185 1251 2248 concessione
1278 2186 1486 2249 Brevis
1516 2187 1893 2250 declarator-ii
1917 2234 1935 2262 ‚

371 2288 440 2341 et
460 2287 762 2360 quatenns
794 2298 946 2360 opus
972 2288 1124 2341 esset
1146 2326 1162 2353 ,
1193 2300 1306 2362 pro
1354 2282 1548 2364 gratia
1579 2283 1811 2364 perinde
1836 2303 1938 2345 vn-

384 2374 528 2447 lere,
565 2379 628 2435 et
652 2390 689 2435 a
715 2370 1043 2435 Sanctitate
1070 2374 1192 2436 Sua
1219 2373 1448 2436 suerint
1475 2394 1678 2457 preces
1727 2374 1937 2438 remis·

382 2484 484 2529 sae
507 2465 585 2529 ad
612 2465 772 2528 banc
803 2465 1047 2529 Sacram
1077 2466 1614 2549 Congregationem
1640 2514 1656 2541 ‚
1686 2468 1940 2531 suerunt

381 2560 626 2624 eaedem
676 2559 829 2623 alias
878 2561 1172 2642 perlectae
1220 2562 1382 2624 inter
1414 2563 1715 2645 simplices
1737 2564 1942 2626 restri-

381 2664 544 2727 ctus,
569 2661 632 2716 et
648 2654 954 2717 emanavit
980 2675 1331 2737 responsum
1357 2702 1376 2732 ,
1403 2660 1549 2739 quod
1583 2657 1777 2720 Causa
1802 2678 1939 2740 pro-

381 2757 682 2827 poneretur
701 2750 765 2808 in
788 2749 944 2827 folio.
1800 2810 1801 2813 ,

502 2843 595 2904 Ad
647 2841 917 2904 tramites
981 2842 1165 2925 hujus
1231 2845 1501 2927 responsi
1528 2892 1545 2920 ,
1605 2845 1940 2928 subscripta

382 2933 633 2997 fuerunt
662 2936 850 2997 dubia
877 2936 1039 2999 infra
1088 2940 1490 3015 recensenda;
1521 2960 1781 3023 cumque
1826 2952 1944 3004 tres

383 3029 505 3091 sint
525 3030 852 3092 dubiorum
879 3041 1110 3112 partes,
1134 3030 1462 3115 anscilicet
1478 3036 1741 3111 officium
1760 3037 1941 3117 Equi·

385 3124 463 3187 tis
492 3125 640 3187 levis
663 3135 1010 3189 armaturae
1036 3127 1229 3191 obstet
1270 3131 1592 3192 retentioni
1641 3132 1944 3213 pensionis

382 3217 841 3293 ecclesiasticae,
884 3239 961 3282 an
1005 3221 1065 3281 in
1113 3220 1477 3304 hypothesi,
1509 3225 1571 3285 in
1604 3245 1725 3306 qua
1751 3227 1944 3288 obstet

388 3313 700 3376 lndultum
722 3316 849 3395 jam
879 3316 1194 3378 obtentum
1238 3319 1601 3400 suffragetur
1628 3320 1899 3383 Galeatio
1923 3367 1939 3394 ,

387 3419 446 3470 et
486 3428 564 3470 an
620 3407 881 3488 denique
930 3409 990 3469 in
1043 3429 1282 3471 omnem
1318 3411 1708 3475 durissimum
1739 3435 1942 3476 casum

390 3521 517 3564 esse
565 3502 761 3563 valeat
810 3501 973 3563 locus
1017 3495 1247 3585 gratiae
1296 3508 1533 3587 perinde
1596 3511 1823 3581 vater-s,
1868 3512 1942 3572 de

392 3615 760 3678 unaquaque
789 3609 956 3678 parte
979 3617 1131 3679 opus
1170 3610 1259 3661 est
1288 3603 1531 3663 brevem
1562 3602 1790 3664 habere
1818 3624 1941 3665 ser·

397 3709 659 3754 monem.

505 3786 719 3861 Quoad
758 3786 1017 3866 primam
1045 3787 1254 3868 itaque
1277 3791 1579 3851 contendit
1613 3792 1941 3868 Galeatins,

395 3882 558 3963 quod
593 3880 854 3942 officium
885 3881 1121 3962 Equitis
1149 3881 1299 3944 levis
1326 3894 1668 3947 armaturae
1699 3907 1818 3948 nou
1841 3890 1944 3949 ob-

392 3984 507 4039 stet
537 3975 856 4038 retentioni
904 3976 1208 4057 pensionis
1250 3977 1678 4052 ecclesiasticae
1706 4029 1721 4054 ‚
1766 3983 1944 4063 quid-

389 4070 537 4151 quid
561 4069 722 4131 enim
754 4068 869 4141 sit,
918 4089 994 4148 an
1043 4070 1251 4151 regula
1291 4073 1590 4152 generalis
1632 4075 1947 4137 adstruens

384 4159 1016 4245 incompatibilitatem
1047 4162 1205 4226 inter
1233 4165 1519 4229 Militiam
1547 4215 1563 4241 ,
1599 4178 1657 4229 et
1686 4170 1944 4233 Clerica-

391 4267 517 4322 tum
545 4304 562 4331 ,
598 4267 657 4320 et
697 4258 782 4319 sic
806 4258 967 4319 inter
997 4258 1276 4320 Militiam
1299 4306 1316 4333 ,
1348 4270 1407 4323 et
1460 4263 1803 4341 pensionem
1850 4286 1944 4327 ec-

391 4352 777 4417 clesiasticam
801 4397 818 4424 ,
874 4372 990 4411 non
1045 4354 1323 4416 obstante
1353 4357 1514 4435 qnod
1551 4356 1725 4419 Miles
1766 4379 1829 4420 se
1881 4360 1943 4422 in

391 4447 585 4510 saevis
610 4465 727 4507 non
757 4446 1095 4507 exercuerit
1120 4492 1137 4519 ,
1168 4456 1229 4509 et
1274 4448 1410 4511 licet
1454 4469 1572 4511 non
1607 4451 1787 4514 fuerit
1818 4474 1944 4515 mo-

393 4542 578 4612 nitus,
612 4540 890 4622 procedat
912 4542 974 4601 in
1007 4541 1305 4603 Militibus
1338 4552 1569 4605 tantum
1595 4547 1943 4627 Principum

390 4634 826 4704 saecularium,
858 4633 952 4694 vel
983 4634 1162 4696 etiam
1189 4654 1252 4697 se
1295 4639 1581 4700 extendat
1606 4640 1681 4701 ad
1724 4641 1947 4704 Milites

393 4728 625 4791 Summi
650 4726 986 4801 Pontificis,
1011 4746 1132 4808 qua
1158 4729 1220 4789 in
1245 4749 1310 4790 re
1336 4733 1610 4812 negative
1631 4737 1947 4813 respondet

396 4822 730 4884 Cardinalis
754 4822 818 4880 de
838 4820 997 4883 Luca
1033 4824 1098 4882 de
1113 4827 1468 4903 pensionibus
1492 4826 1627 4887 disc.
1658 4831 1753 4886 46.
1780 4848 1939 4890 num.

390 4922 452 4978 Β.
488 4927 540 4976 et
581 4936 729 4995 seqq.
776 4927 833 4976 et
865 4916 1285 4978 affirmativam
1314 4919 1569 4980 sustinet
1597 4920 1943 5000 opinionem

392 5010 577 5071 flocco
619 5011 1068 5089 disputationum
1106 5008 1274 5072 Jurt's
1305 5031 1430 5090 cap.
1481 5017 1613 5072 191.
1657 5033 1717 5073 n.
1750 5019 1849 5076 25.
1894 5026 1945 5076 et

393 5124 543 5184 seqq.
581 5122 765 5183 quam
794 5104 975 5164 etiam
1019 5103 1297 5183 amplexa
1325 5114 1411 5166 est
1454 5106 1597 5168 Rota
1623 5109 1787 5169 decis.
1842 5115 1941 5171 69.

393 5199 510 5260 dec.
542 5203 681 5258 216.
720 5218 909 5258 coram
954 5196 1131 5258 cant.
1169 5197 1328 5259 Celso
1354 5247 1368 5269 ,
1421 5211 1472 5259 ot
1503 5203 1567 5260 in
1593 5221 1790 5261 earum
1815 5224 1947 5263 con-

395 5296 715 5377 firmatoria
752 5298 806 5353 1.
844 5293 1000 5353 Jutii
1033 5298 1206 5353 1665.
1243 5314 1431 5355 coram
1460 5297 1585 5354 bon.
1630 5317 1790 5356 mem.
1840 5299 1948 5357 At-

388 5391 655 5466 ὑηῃαεο,
705 5399 756 5446 et
785 5388 1077 5446 novissime
1104 5390 1167 5445 in
1198 5386 1480 5449 Perusina
1523 5389 1816 5450 pensionis
1849 5395 1942 5451 11.

392 5482 555 5562 Najt
589 5487 759 5543 1716.
776 5501 874 5561 per
893 5491 1068 5543 totam
1091 5502 1279 5542 coram
1293 5482 1365 5543 R.
1386 5482 1457 5542 P.
1477 5483 1550 5544 D.
1578 5486 1642 5544 de
1657 5483 1934 5546 Hert-era.

796 5603 998 5642 sasso.
1043 5607 1154 5644 xiv.
1193 5605 1319 5644 ‘rom
1379 5592 1488 5649 ΧΙΙ.

2040 1154 2329 1211 tiluomini
2352 1154 2492 1212 delle
2516 1152 2774 1213 (inarato
2798 1154 2861 1212 di
2888 1152 3098 1213 Nostro
3122 1151 3382 1231 Siqno're.

2156 1246 2453 1325 Exemplo
2473 1247 2725 1308 deducto
2752 1248 2832 1308 ab
2874 1246 3084 1307 Officio
3118 1245 3343 1327 Capitis
3378 1245 3586 1327 Regio-

2042 1339 2137 1400 nis
2169 1341 2352 1401 Urbis
2382 1343 2604 1402 Romae
2626 1387 2642 1412 ,
2673 1341 2833 1420 quod
2867 1360 2987 1401 non
3022 1349 3109 1401 est
3139 1330 3590 1420 incompatibile

2042 1453 2177 1495 cum
2206 1434 2504 1496 clericatu
2531 1483 2547 1506 ‚
2593 1456 2700 1497 nec
2722 1454 2857 1496 cum
2888 1434 3278 1515 pensionibus
3313 1433 3587 1495 ccclesia-

2042 1529 2208 1590 sticis
2235 1575 2253 1601 ,
2291 1548 2365 1589 ex
2408 1548 2532 1609 quo
2561 1529 2786 1592 dictum
2812 1526 3088 1591 Officium
3130 1536 3402 1590 versatur
3431 1526 3589 1588 circa

2042 1624 2371 1685 custodiam
2402 1623 2674 1686 Civitatis
2697 1669 2715 1697 ‚
2753 1643 2859 1685 nec
2884 1633 2972 1686 est
2999 1624 3339 1685 institutum
3369 1622 3443 1682 ad
3472 1620 3592 1681 bel-

2043 1716 2292 1778 landum
2318 1763 2333 1790 ‚
2368 1718 2454 1779 uti
2479 1718 2735 1780 habetur
2757 1720 2822 1779 in
2845 1720 3010 1779 decis.
3047 1723 3142 1778 13.
3168 1728 3288 1798 post
3312 1715 3591 1777 Constan-

2046 1815 2156 1871 τίη.
2186 1814 2264 1873 od
2287 1812 2587 1873 Statutum
2613 1812 2812 1883 Urbis,
2847 1824 2896 1872 et
2923 1815 2989 1871 in
3010 1812 3129 1890 ejus
3170 1812 3591 1892 confirmatoria

2052 1910 2144 1966 12.
2180 1905 2486 1967 Februarii
2533 1909 2707 1966 1694.
2745 1905 2811 1991 §-
2848 1907 3018 1986 finali
3047 1925 3236 1966 coram
3265 1906 3390 1964 bon.
3427 1924 3585 1964 mem.

2046 1998 2176 2061 Pio.
2955 2020 2958 2025 ’
3463 2024 3466 2025 ’

2100 2112 2103 2115 “
2163 2096 2410 2176 Absque
2453 2113 2524 2156 eo
2552 2094 2714 2175 quod
2742 2094 3079 2175 quidquam
3128 2092 3348 2155 referat
3379 2140 3394 2165 ‚
3429 2093 3592 2175 quod

2047 2188 2228 2251 Sacra
2258 2189 2411 2250 baec
2450 2184 2845 2269 congregatio
2870 2186 3033 2249 auno
3065 2192 3238 2248 1693.
3287 2187 3595 2267 dispensa·-

2048 2283 2273 2344 tionem
2295 2282 2664 2343 consuluerit
2691 2301 2816 2342 esse
2840 2282 2982 2342 bon.
3017 2300 3194 2341 metu.
3219 2280 3440 2341 Jarobo
3458 2280 3594 2340 Sor-

2047 2376 2307 2458 bolongo
2330 2377 2589 2437 dandam
2617 2422 2633 2445 ,
2671 2383 2737 2436 ut
2768 2376 3089 2436 Pensiones
3114 2374 3373 2435 retinere
3399 2381 3592 2453 posset

2046 2490 2183 2532 cum
2215 2470 2425 2532 Officio
2459 2468 2802 2530 vexilliferi
2836 2468 3128 2548 Equitum
3159 2467 3307 2528 levis
3328 2477 3597 2528 armatu-

2053 2584 2158 2626 rae
2194 2564 2425 2625 Summi
2471 2550 2811 2632 pontificis,
2846 2582 2967 2643 quo
3013 2560 3230 2641 Sacrae
3260 2562 3597 2643 Cotigrega·

2050 2659 2231 2721 tionis
2259 2659 2546 2739 rescripto
2589 2659 2736 2718 Rota
2765 2659 2828 2717 in
2861 2659 3109 2735 allegata
3136 2656 3418 2717 Perusina
3460 2657 3598 2716 Pen-

2049 2757 2222 2814 siom's
2259 2774 2446 2815 coram
2471 2753 2543 2814 R.
2581 2743 2653 2811 Ρ.
2700 2751 2773 2812 D.
2822 2753 2886 2811 de
2931 2748 3186 2812 Heri-era
3209 2796 3226 2823 ,
3252 2771 3358 2812 usa
3404 2762 3492 2813 est
3520 2751 3596 2812 ad

2052 2850 2326 2911 effectum
2357 2846 2647 2911 suadendi
2689 2846 3311 2927 incompatibilitatem
3339 2846 3599 2908 Clerica-

2051 2952 2147 3005 tus
2174 2942 2482 3015 Beneficii,
2503 2942 2898 3023 etPensionis
2925 2961 3061 3002 cum
3091 2960 3453 3021 quacunque
3485 2941 3601 3001 Mi-

2052 3034 2181 3099 litia
2207 3085 2222 3107 ,
2248 3035 2481 3097 etiamsi
2519 3035 2622 3096 illa
2651 3037 2725 3096 sit
2757 3034 2976 3096 Militia
3007 3033 3238 3094 Sunuui
3272 3034 3598 3107 pontificis,

2052 3149 2187 3193 cum
2243 3130 2390 3192 haec
2438 3128 2744 3210 responsio
2788 3128 3085 3190 referatur
3131 3128 3206 3189 ad
3256 3129 3601 3208 petitionem

2051 3225 2455 3308 Sorboloughi
2487 3246 2503 3298 ;
2532 3224 2636 3304 qui
2667 3215 3013 3285 instantiam
3045 3223 3347 3302 promovit
3373 3243 3481 3303 pro
3509 3222 3603 3282 di-

2051 3320 2433 3401 spensatione
2462 3364 2478 3392 ,
2504 3331 2563 3380 et
2606 3317 2879 3379 insistere
2917 3318 3108 3379 noluit
3143 3318 3305 3399 juris
3349 3316 3604 3398 disposi-

2057 3416 2225 3476 tioni.
2625 3473 2626 3476 Ἴ

2170 3507 2564 3569 'l'ranseundo
2591 3505 2664 3567 ad
2693 3505 3013 3566 secundam
3048 3515 3279 3584 partem
3311 3553 3327 3577 ‚
3364 3516 3604 3566 couten-

2053 3603 2141 3665 dit
2185 3602 2532 3673 Galeatius,
2577 3601 2738 3681 quod
2784 3600 3094 3661 lndultum
3128 3601 3441 3660 obtentum
3486 3598 3602 3660 sibi

2054 3699 2421 3778 suffragetur
2453 3696 2527 3757 ad
2570 3695 2845 3756 effectum
2874 3693 3170 3756 retinendi
3202 3695 3553 3755 pensionem
3584 3716 3602 3768 ς

2052 3793 2099 3854 si
2130 3792 2353 3854 etenim
2398 3790 2708 3852 lndultum
2739 3791 3050 3851 obtentum
3095 3788 3338 3869 respicit
3379 3798 3602 3850 statum

2054 3883 2272 3956 verae,
2310 3891 2371 3946 et
2411 3880 2691 3964 propriae
2733 3880 3027 3954 Militiae,
3063 3901 3172 3942 nec
3219 3901 3335 3942 non
3383 3890 3605 3944 statum

2054 3977 2431 4060 conjugalem
2460 4022 2477 4051 ,
2515 3996 2589 4038 ex
2622 3973 2950 4036 verosimili
2982 3973 3192 4054 utique
3231 3974 3606 4035 concedentis

2053 4072 2390 4134 intentione
2409 4068 2918 4150 comprehendere
2935 4067 3253 4129 dicendum
3276 4075 3361 4129 est
3372 4086 3508 4127 casu
3518 4088 3601 4139 tn,

2056 4167 2132 4228 de
2160 4185 2283 4246 quo
2306 4184 2465 4226 nunc
2492 4165 2716 4244 agitur,
2749 4161 3115 4241 impropriae
3143 4159 3418 4221 videlicet
3447 4158 3604 4220 Mili·

2056 4263 2212 4334 tiae‚
2267 4269 2326 4322 et
2372 4258 2563 4319 multo
2613 4256 2802 4338 magis
2855 4273 2991 4316 curu
3035 4253 3215 4315 suerit
3258 4273 3603 4315 concessum

2056 4357 2238 4438 paulo
2269 4361 2399 4435 post
2429 4353 2741 4442 obtentum
2761 4348 3038 4411 Officium
3063 4347 3301 4428 Equitis
3323 4347 3471 4408 levis
3502 4366 3603 4408 ar-

2057 4460 2330 4512 maturae
2354 4494 2370 4519 ,
2405 4455 2463 4508 et
2509 4446 2572 4506 in
2614 4444 2810 4525 specie
2837 4462 2947 4525 pro
2976 4443 3289 4504 retinenda
3310 4442 3603 4502 Pensione

2055 4544 2130 4605 ad
2164 4543 2257 4605 sui
2291 4542 2556 4603 savorem
2585 4538 2870 4601 translata
2901 4538 2979 4598 ab
3009 4535 3392 4597 EminentisS.
3421 4535 3599 4596 Card.

2052 4639 2428 4700 Marescotto‘.
2789 4656 2794 4662 ·

2114 4784 2121 4791 ,
2171 4732 2352 4792 Haud
2389 4738 2638 4810 urgente
2668 4775 2684 4798 ‚
2710 4725 2870 4807 quod
2896 4744 3013 4785 non
3036 4723 3148 4785 fnit
3173 4723 3421 4784 Summo
3445 4723 3604 4783 Pon-

2055 4825 2198 4887 tifici
2225 4824 2534 4886 lndultum
2562 4819 2905 4884 concedenti
2931 4817 3287 4899 expositum,
3313 4817 3473 4897 quod
3499 4837 3604 4897 per

2052 4918 2513 4999 adscriptionem
2556 4916 2713 4976 inter
2759 4913 3007 4992 Equites
3051 4911 3200 4972 levis
3261 4920 3605 4971 armaturae

2056 5013 2266 5076 Pensio
2314 5018 2681 5073 remanserat
2721 5008 3005 5076 extincta,
3058 5005 3199 5067 hinc
3244 5003 3556 5065 inferendo
3583 5050 3601 5078 ‚

2055 5107 2217 5190 quod
2247 5106 2557 5168 lndultum
2582 5101 2896 5183 suffragari
2927 5120 3044 5160 non
3081 5109 3267 5180 potest
3288 5144 3306 5172 ‚
3335 5098 3603 5179 quando-

2056 5202 2303 5282 quidem
2331 5218 2407 5261 ex
2443 5195 2715 5260 adductis
2738 5215 2772 5256 a
2797 5192 3210 5255 Scribentibus
3242 5210 3349 5271 pro
3388 5191 3606 5253 Galea-

2060 5297 2143 5357 tio
2168 5341 2185 5369 ,
2220 5303 2362 5355 tunc
2383 5291 2671 5354 extinctio
2705 5287 3013 5349 Pensionis
3037 5284 3299 5346 adfuisse
3329 5285 3444 5345 dici
3469 5304 3603 5366 pos-

2059 5400 2141 5450 set
2168 5388 2413 5468 quando
2435 5385 2666 5447 clarum
2690 5392 2872 5454 esset,
2903 5389 2962 5441 et
2985 5390 3153 5441 extra
3179 5398 3607 5460 quamcunque

2061 5483 2377 5564 ambagem
2393 5529 2412 5554 ,
2439 5480 2601 5562 quod
2622 5486 2810 5541 status
2831 5475 3069 5557 Equitis
3092 5473 3240 5535 levis
3262 5481 3607 5535 armaturae

3105 5585 3173 5635 33
