4393 6299
956 483 1064 542 182

897 636 1115 718 Quoad
1150 631 1478 708 Beneficia,
1503 637 1564 695 et
1589 624 2319 713 DignitatesEcclesiasti·

2011 467 2456 543 Qnssss'rionzs
2490 463 2849 524 cmomcffi

2429 620 2620 704 legem
2639 636 2843 699 preces
2862 611 3195 680 Matutinae
3211 661 3227 683 ,
3250 620 3311 676 et
3333 608 3568 674 Laudes
3586 606 3744 672 circa
3771 616 3975 694 ortum

779 754 881 802 cas
906 742 1140 800 certum
1179 737 1299 804 est,
1329 730 1719 792 Doctoratum
1755 744 1879 788 non
1921 728 2229 802 receptum
2257 721 2323 781 in
2429 715 2604 788 solis,
2630 722 2688 776 et
2716 723 2981 793 tempore
3003 706 3272 792 hyemali
3295 724 3419 769 una
3442 704 3595 766 hora
3622 712 3754 784 post
3772 705 3974 767 ortum

777 829 1026 914 publica
1047 821 1447 890 universitate
1462 839 1586 883 non
1605 817 1919 901 suffragari
1941 862 1959 890 ‚
1974 817 2158 895 juxto
2178 813 2326 875 Con-

780 927 1129 989 ornationem
1153 925 1252 983 60.
1283 918 1355 981 S.
1385 917 1489 979 Pie·
1522 914 1588 978 V.
1622 913 1859 975 Bullor.
1891 921 2022 973 tom.
2053 914 2113 970 2.
2144 917 2205 969 et
2232 926 2327 969 re·

780 1016 1141 1082 solutionem
1177 1012 1361 1096 hujus
1388 1010 1521 1073 Sac.
1565 1004 2056 1089 Congregationis
2094 1000 2319 1066 confir-

782 1119 1009 1176 matam
1033 1127 1072 1171 a
1091 1106 1394 1171 Clemente
1413 1104 1495 1165 X.
1519 1110 1581 1165 et
1604 1101 1854 1185 relatam
1878 1118 1983 1179 per
2006 1104 2322 1160 extensum

782 1203 946 1288 apud
974 1203 1116 1266 bon.
1149 1219 1327 1262 mem.
1355 1200 1429 1260 R.
1461 1198 1530 1259 P.
1561 1199 1636 1258 D.
1668 1195 1743 1258 de
1768 1191 1968 1257 Zaulis
1994 1192 2069 1255 ad
2097 1192 2318 1254 Statut.

783 1299 1035 1362 Pavent.
1075 1296 1173 1356 tib.
1211 1298 1268 1356 1.
1297 1294 1427 1355 nb.
1458 1296 1557 1354 20.
1584 1310 1744 1352 num.
1779 1293 1875 1350 10.

903 1391 985 1454 At
1016 1390 1155 1453 licet
1178 1387 1280 1450 bic
1318 1406 1440 1449 non
1483 1393 1697 1470 agatur
1728 1382 1805 1446 de
1843 1381 2185 1465 nignitate,
2224 1377 2323 1441 vel

784 1485 1085 1552 Beneficio
1106 1480 1547 1555 Ecclesiastico,
1578 1477 1884 1543 contendit
1913 1484 2112 1539 tamen
2140 1479 2327 1557 Zaga-

783 1580 1004 1655 rellus,
1034 1598 1156 1642 non
1182 1595 1351 1658 posse
1374 1574 1664 1658 Dionysio
1690 1571 2007 1654 suffragari
2035 1572 2325 1632 Doctora-

784 1683 917 1739 tum
936 1692 1057 1736 non
1079 1681 1382 1752 receptum
1402 1669 1468 1730 in
1488 1668 1729 1749 publica
1751 1664 2171 1738 Universitate,
2195 1673 2327 1726 tum

787 1768 936 1852 quia
977 1764 1313 1830 consimilia
1337 1765 1691 1827 Doctoratus
1722 1759 2080 1842 Privilegia,
2122 1764 2330 1844 utpote

787 1866 920 1927 sine
942 1861 1221 1926 examine
1244 1876 1517 1921 concessa
1543 1875 1664 1918 non
1694 1855 2087 1919 attenduntur
2105 1902 2121 1924 ,
2152 1845 2329 1937 juxta

789 1959 957 2021 decis.
997 1960 1135 2019 846.
1176 1973 1336 2015 num.
1385 1957 1444 2015 3.
1484 1970 1672 2013 coram
1698 1949 1946 2011 Emerisc
1972 1948 2116 2011 Jem.
2142 1996 2158 2019 ,
2203 1956 2333 2010 tum

790 2051 936 2134 quia
976 2049 1382 2129 maximopere
1417 2043 1728 2117 convenit,
1772 2050 1843 2105 ut
1870 2042 2118 2124 collegii
2150 2060 2329 2120 supe-

790 2144 1033 2209 rioritas
1058 2142 1361 2206 deferatur
1381 2137 1621 2202 Doctori
1655 2135 1930 2218 publicae
1957 2134 2328 2198 Universita-

795 2241 903 2314 tis,
929 2258 1069 2302 cum
1094 2235 1425 2318 Collegium
1461 2232 1539 2295 sit
1575 2231 1916 2294 institutum
1939 2230 2018 2293 ad
2043 2228 2330 2292 erudien-

792 2334 903 2398 dos
915 2334 1175 2396 Juvenes
1194 2349 1305 2411 pro
1320 2326 1735 2409 consequenda
1755 2327 1987 2387 Laurea
2007 2322 2333 2396 Doctorali,

792 2437 855 2496 et
883 2427 1122 2491 tandem
1150 2423 1296 2505 quia
1334 2441 1368 2485 a
1397 2420 1692 2503 principio
1733 2438 1925 2501 usque
1959 2418 2024 2481 in
2054 2435 2333 2498 praesens

793 2519 1043 2602 collegii
1068 2515 1458 2598 superioritas
1477 2532 1711 2596 semper
1735 2512 1852 2574 fuit
1873 2510 2069 2574 delata
2092 2508 2331 2573 Doctori

792 2614 1072 2696 publicae
1103 2609 1551 2683 Universitatis,
1596 2614 1841 2688 excepto
1887 2605 2101 2668 ultimo
2139 2603 2294 2666 Casu
2312 2648 2332 2677 ,

797 2708 907 2791 qui
940 2726 1048 2770 nec
1074 2705 1191 2768 fuit
1215 2702 1526 2787 pacificus,
1553 2722 1692 2764 cum
1723 2710 1917 2762 motae
1938 2697 2168 2761 fuerint
2199 2715 2338 2759 con-

800 2800 1126 2865 troversiae
1162 2807 1371 2861 contra
1418 2798 1732 2858 Ductorem
1773 2813 1848 2856 ex
1893 2790 2242 2874 privilegio,
2267 2796 2339 2853 ‹et

801 2894 1114 2978 ignoretur
1131 2937 1149 2965 ‚
1199 2910 1321 2973 qua
1350 2891 1427 2953 de
1453 2907 1632 2953 causa
1655 2906 1828 2951 suam
1871 2883 2344 2967 prosecutionem

803 3009 927 3053 non
952 2985 1301 3050 habuerint.

919 3080 1160 3163 Excipit
1179 3098 1214 3141 e
1233 3087 1440 3142 contra
1456 3074 1781 3161 Dionysius
1801 3092 1865 3137 se
1886 3074 2111 3137 babere
2129 3070 2337 3135 omnia

801 3175 1093 3259 requisita
1124 3193 1232 3255 pro
1256 3170 1580 3235 obtinenda
1606 3167 2055 3251 superioritate,
2100 3185 2239 3229 cum
2265 3165 2344 3228 sit

805 3269 1115 3352 antiquior
1141 3267 1297 3330 inter
1333 3264 1749 3337 consiliarios,
1777 3271 1838 3326 et
1876 3262 1956 3325 sit
1996 3264 2216 3325 Doctor
2236 3306 2254 3335 ,
2283 3267 2343 3322 et

793 3364 1061 3429 ulterius
1100 3362 1375 3444 pluribus
1404 3359 1542 3423 aliis
1570 3356 1923 3421 muneribus
1962 3355 2202 3418 functus
2233 3353 2343 3428 sit,

807 3479 930 3523 non
969 3467 1197 3523 attento
1227 3458 1548 3519 Doctoratu
1575 3472 1651 3516 ex
1679 3450 2028 3533 privilegio,
2057 3469 2194 3512 cum
2224 3448 2341 3509 im-

808 3553 1105 3617 mediatus
1157 3550 1575 3613 Praedecessor
1624 3546 1810 3610 fuerit
1861 3549 2080 3609 Doctor
2135 3544 2344 3607 eodem

808 3647 1012 3723 modo,
1031 3655 1091 3709 et
1111 3643 1395 3708 fundator
1416 3662 1538 3707 000
1559 3640 1944 3725 requisiverit
1959 3642 2346 3703 Doctoratum

814 3739 1251 3806 universitatis.

927 3834 1043 3900 Bis
1065 3824 1394 3907 stantibus,
1422 3830 1775 3914 quaeritur:

927 3930 1026 3994 Aa
1048 3931 1125 3992 sit
1152 3929 1449 4000 standum,
1476 3927 1564 3988 vel
1586 3924 1944 3988 recedendum
1969 3944 2009 3987 a
2033 3924 2254 3985 decisis.

916 4124 1070 4177 Sum
1094 4120 1292 4191 Congr.
1323 4118 1413 4173 die
1432 4116 1524 4172 20.
1549 4117 1690 4173 lunii
1722 4115 1879 4170 1728.
1906 4113 2212 4184 respondit:

993 4208 1232 4263 Pmeoio
1268 4224 1476 4262 reema
1511 4224 1549 4261 a
1582 4203 1776 4260 decisis
1803 4201 2243 4276 superioritatem
2267 4200 2355 4254 de·

810 4295 932 4351 beri
951 4295 1245 4367 Dionysio.

1169 4471 1529 4550 QUAESTIO
1568 4469 1998 4535 CCCXXXIV.

820 4664 895 4728 10
924 4661 1117 4727 cam
1143 4661 1363 4725 Montis
1390 4660 1702 4732 Politioni,
1730 4660 1821 4720 die
1846 4663 1944 4719 26.
1977 4657 2151 4720 Iunii
2180 4662 2354 4720 1723.

820 4793 1246 4915 Venerabilis
1283 4849 1392 4913 Dei
1427 4849 1649 4913 Servus
1686 4847 2023 4912 cardinalis
2064 4848 2363 4910 Robertus

819 4943 1226 5010 Bellarminus
1265 4944 1331 5006 in
1358 4942 1926 5017 constitutionibus,
1961 4961 2113 5023 quas
2138 4942 2358 5015 edidit,

822 5059 936 5124 pro
972 5037 1267 5121 regimine
1310 5056 1499 5100 novae
1525 5036 1897 5100 Catbedralis
1933 5036 2156 5098 Montis
2199 5035 2357 5097 Poli-

824 5135 976 5199 tiani
994 5177 1013 5207 ,
1044 5151 1322 5215 quaeque
1346 5131 1602 5195 subinde
1627 5132 1996 5194 Auctoritate
2023 5133 2066 5193 Α
2076 5131 2359 5212 postolica

824 5228 1074 5293 fuerunt
1113 5225 1530 5296 confirmatae,
1576 5224 1867 5299 decrevit,
1899 5232 1969 5286 ut
1998 5224 2359 5287 matutinum

826 5321 1102 5386 Officium
1130 5320 1193 5381 in
1225 5326 1524 5401 posterum
1552 5317 1850 5381 diceretur
1878 5336 2054 5381 mane
2076 5318 2235 5380 circa
2262 5334 2361 5378 or·

2433 809 2577 871 solis
2606 806 2886 869 recitatae
2911 809 3073 865 sunt.

2553 903 2646 963 Ita
2667 920 2761 962 res
2782 919 2844 961 se
2859 896 3076 960 babuit
3094 913 3285 975 usque
3306 893 3380 955 ad
3403 909 3632 955 annum
3656 895 3831 952 1616.
3854 908 3977 971 quo

2435 996 2819 1063 decurrente,
2849 1011 2985 1054 cum
3019 989 3302 1053 canonici
3331 985 3740 1068 capitulariter
3780 985 3934 1046 uniti
3955 1029 3974 1059 ,

2436 1089 2739 1153 communi
2769 1086 3035 1160 calculo,
3072 1083 3333 1166 exceptis
3360 1082 3596 1144 duobus
3615 1128 3631 1151 ,
3662 1079 3977 1141 resolutio-

2439 1203 2578 1247 nem
2622 1183 2898 1245 fecissent
2934 1181 3010 1244 de
3047 1177 3325 1241 habendo
3352 1194 3597 1239 recursu
3615 1220 3633 1248 ‚
3663 1184 3841 1255 prout
3866 1174 3980 1237 ha·

2439 1279 2746 1351 buerunt,
2790 1276 2868 1339 ad
2917 1274 3073 1336 banc
3114 1274 3356 1335 Sacram
3400 1268 3929 1352 congregationem
3956 1310 3977 1343 ,

2438 1389 2552 1453 pro
2580 1370 2912 1432 mutatione
2941 1368 3128 1430 borae
3155 1362 3436 1428 Matutini
3454 1408 3473 1437 ,
3504 1362 3618 1424 boc
3646 1369 3737 1424 est
3760 1381 3869 1442 pro
3894 1360 3982 1426 fa·

2437 1464 2659 1527 cultate
2685 1463 2842 1526 illud
2883 1459 3175 1524 recitandi
3208 1460 3284 1522 de
3309 1477 3473 1531 sero,
3505 1475 3540 1519 0
3568 1455 3856 1518 Kalendis
3886 1455 3982 1517 vi-

2441 1557 2655 1620 delicet
2679 1553 3038 1619 Novembris
3074 1552 3153 1616 ad
3194 1558 3386 1614 totum
3430 1569 3695 1612 mensem
3723 1547 3979 1629 Aprilis,

2439 1670 2564 1713 non
2589 1652 2894 1721 obstante,
2927 1647 3091 1729 quod
3134 1645 3312 1708 aliter
3350 1652 3641 1708 statutum
3684 1642 3892 1705 fuisset
3916 1641 3982 1704 in

2442 1744 2982 1809 Constitutionibus
3031 1739 3355 1823 apostolica
3409 1736 3764 1801 auctoritate
3807 1736 3987 1798 robo-

2442 1839 2623 1912 ratis,
2657 1837 2744 1900 uti
2780 1842 3218 1918 exposuerunt,
3246 1832 3422 1896 datae
3460 1836 3606 1893 sunt
3631 1829 3869 1892 litterae
3886 1830 3989 1911 ju-

2441 1942 2547 1998 xta
2568 1953 2793 1995 morem
2815 1931 3105 2012 Episcopo
3126 1947 3236 2009 pro
3262 1924 3721 1998 informatione,
3741 1931 3803 1986 et
3824 1932 3983 1987 voto.

2561 2027 2835 2108 Episcopi
2863 2022 3209 2088 informatio
3239 2020 3355 2082 fuit
3382 2018 3733 2083 favorabilis
3758 2017 3991 2099 petitio-

2444 2123 2509 2186 ni
2556 2122 3027 2194 Canonicorum,
3068 2115 3550 2199 ponderatoque,
3585 2113 3750 2195 quod
3775 2111 3992 2175 Cathe-

2446 2217 2632 2281 dralis
2659 2225 2787 2279 erat
2814 2216 2929 2277 sita
2969 2214 3032 2274 in
3062 2210 3385 2274 cacumine
3413 2209 3665 2280 Montis,
3697 2208 3860 2289 quod
3887 2207 3995 2271 Ca·

2451 2312 2648 2374 nonici
2678 2310 2931 2373 tuendae
2956 2304 3322 2370 valetudinis
3347 2305 3538 2386 gratia
3563 2311 3828 2383 tempore
3852 2303 3993 2384 bye-

2449 2406 2593 2469 mali
2619 2425 2681 2467 se
2710 2402 3095 2466 abstinebant
3120 2418 3156 2462 a
3195 2398 3392 2461 cboro
3412 2445 3428 2468 ,
3474 2397 3633 2477 quod
3665 2396 3856 2476 gratia
3887 2395 3994 2458 de-

2448 2520 2614 2563 mum
2645 2518 2763 2562 non
2808 2496 3049 2559 carebat
3074 2491 3349 2572 exemplo
3382 2490 3445 2550 in
3476 2489 3826 2559 Provincia,
3856 2508 3994 2550 cum

2450 2594 2514 2655 in
2537 2589 2815 2654 Ecclesiis
2836 2589 3052 2650 Pisana
3068 2631 3085 2659 ,
3110 2583 3504 2645 Volaterrana
3520 2628 3537 2655 ,
3564 2581 3831 2652 Clusino,
3857 2582 3996 2644 Cor·

2452 2686 2719 2759 tonensi‚
2749 2682 2966 2755 Collis,
3008 2681 3069 2743 S.
3108 2679 3380 2752 miniati,
3412 2688 3472 2740 et
3502 2678 3770 2739 Pientina
3803 2678 3995 2738 Matu-

2451 2782 2648 2845 tinum
2697 2777 2976 2843 Officium
3030 2775 3151 2838 diei
3206 2771 3508 2854 sequentis
3561 2772 3843 2834 recitetur
3893 2771 3993 2832 die

2454 2872 2830 2956 praecedenti
2870 2879 3115 2953 propter
3158 2867 3314 2929 aeris
3351 2864 3775 2937 subtilitatem,
3816 2866 3995 2927 Sacra

2452 2968 2671 3048 Congr.
2705 2967 2794 3026 dic
2833 2969 2890 3026 3.
2930 2962 3186 3024 Octobris
3220 2965 3391 3021 1716.
3424 2958 3719 3021 commisit
3752 2958 3993 3037 Episco-

2453 3080 2532 3142 po
2554 3060 2777 3122 Montis
2805 3055 3118 3127 Politiani,
3152 3062 3219 3116 ut
3246 3053 3561 3116 canonicis
3580 3053 3767 3135 gratis
3800 3052 3997 3115 indul·

2457 3163 2651 3238 geret,
2686 3153 2850 3235 quod
2876 3152 3056 3214 boras
3084 3147 3363 3212 Matutiui
3382 3194 3399 3223 ,
3431 3157 3490 3211 et
3515 3148 3791 3211 Laudum
3820 3168 3855 3210 a
3899 3147 3998 3209 die

2455 3249 2801 3311 immediate
2821 3245 3091 3328 sequenti
3118 3255 3248 3326 post
3269 3243 3486 3305 festum
3506 3242 3882 3324 Epiphaniae
3902 3263 3997 3304 us-

2454 3362 2576 3423 que
2599 3341 2675 3404 ad
2709 3340 2869 3403 diem
2895 3338 3180 3402 cinerum
3220 3335 3555 3409 exclusive,
3585 3336 3662 3399 de
3684 3355 3818 3399 sero
3846 3336 4010 3398 reci*

2456 3444 2586 3500 tare
2618 3443 2889 3516 possent,
2920 3442 2981 3496 et
3009 3431 3299 3495 valerent.

2575 3531 2718 3592 Fuit
2740 3531 2855 3592 boc
2877 3527 3229 3607 rescriptum
3251 3524 3585 3587 executioni
3612 3525 3998 3598 mandatum,

2454 3623 2561 3687 sed
2585 3643 2723 3685 cum
2771 3631 2901 3703 post
2940 3620 3210 3702 plurium
3249 3637 3548 3681 annorum
3577 3618 3857 3699 lapsum,
3888 3618 4001 3681 Ca-

2457 3718 2708 3780 nonicus
2733 3717 3085 3778 Franciscus
3111 3714 3411 3776 xaverius
3433 3712 3653 3793 AEgidii
3679 3732 3902 3775 novum
3924 3713 4001 3775 ad

2456 3811 2614 3873 hanc
2639 3812 2881 3872 Sacram
2911 3806 3442 3892 congregationem
3473 3824 3780 3868 recursum
3812 3806 4001 3869 babu-

2463 3904 2630 3977 isset,
2666 3904 2975 3987 instando,
3010 3913 3077 3965 ut
3107 3902 3304 3984 gratia
3335 3903 3464 3982 jam
3494 3919 3766 3962 concessa
3812 3908 4005 3962 retra-

2460 4007 2723 4061 ctaretur
2741 4046 2757 4069 ,
2786 4016 2976 4060 novae
3001 3996 3079 4058 ad
3105 3995 3461 4075 Episcopum
3487 3994 3661 4057 datae
3685 4000 3827 4056 sunt
3852 3993 4010 4057 litte-

2462 4112 2602 4167 rae,
2629 4101 2691 4155 et
2717 4092 3043 4172 Episcopus
3072 4089 3356 4151 dubitans
3384 4090 3462 4151 de
3491 4097 3720 4153 mutata
3745 4089 4007 4153 Canoni-

2462 4207 2671 4251 corum
2726 4186 3067 4259 voluntate,
3117 4202 3257 4246 cum
3303 4182 3645 4263 Capitulum
3698 4201 3900 4247 coram
3943 4201 4011 4246 se

2464 4287 2880 4353 convocasset,
2927 4287 2988 4342 et
3031 4285 3256 4341 secreta
3292 4277 3673 4359 singulorum
3718 4277 4008 4360 suffragia

2465 4394 2573 4454 per
2599 4373 2768 4436 fabas
2793 4373 2995 4444 albas,
3017 4379 3078 4433 et
3106 4370 3308 4452 nigras
3337 4371 3413 4432 de
3439 4390 3605 4433 more
3630 4370 4002 4453 expetiisset,

2469 4468 2670 4530 decem
2697 4486 2774 4529 ex
2799 4465 3096 4529 sexdecim
3120 4465 3567 4545 Capitularibus
3593 4465 3748 4527 011111
3770 4485 3898 4528 esse
3917 4466 4008 4527 in·

2472 4563 2814 4625 novandum
2861 4569 3254 4631 censuerunt,
3296 4567 3355 4620 et
3393 4559 3478 4621 sic
3520 4561 3919 4633 Matutinum,
3947 4567 4010 4622 et

2471 4656 2703 4719 Laudes
2727 4675 2852 4717 esse
2874 4654 3207 4717 recitandas
3229 4654 3305 4715 ad
3331 4654 3598 4716 tramites
3616 4654 3839 4717 decreti
3861 4653 4007 4717 editi

2470 4750 2569 4813 die
2596 4755 2653 4811 3.
2689 4749 2963 4811 Octobris
2995 4753 3167 4809 1716.
3262 4743 3271 4757 ’

2587 4846 2675 4906 110
2703 4843 2922 4924 legitur
2951 4842 3016 4903 in
3046 4861 3201 4905 nova
3234 4841 3507 4922 Episcopi
3541 4840 4001 4915 informatione,

2469 4936 2531 4999 in
2561 4958 2683 5019 qua
2706 4938 2861 4999 idem
2885 4957 2948 4998 se
2975 4956 3183 4998 revera
3210 4935 3606 4998 favorabilem
3634 4935 3915 5009 ostendit,
3943 4940 4007 4998 et

2468 5032 2931 5094 consentientem
2979 5030 3188 5112 majori
3220 5029 3374 5110 parti
3417 5029 3855 5091 Canonicorum
3881 5074 3899 5103 ,
3946 5036 4007 5091 et

2470 5127 2613 5208 quia
2639 5126 2985 5187 recolendae
3014 5144 3189 5185 mem.
3222 5124 3517 5184 Antonius
3547 5124 3840 5185 Cervinus
3863 5124 4010 5204 Epi·

2467 5240 2678 5302 scopus
2697 5221 2916 5282 Montis
2939 5217 3218 5281 Politiani
3244 5218 3307 5278 in
3336 5237 3444 5279 suo
3463 5237 3598 5279 cum
3619 5237 3744 5298 quo
3761 5217 4010 5280 decessit

2470 5324 2819 5378 testamento
2864 5314 3153 5394 quasdam
3198 5311 3650 5373 distributiones
3694 5311 4006 5373 constituit

829 5423 958 5479 tum
985 5413 1161 5488 solis,
1191 5411 1288 5475 vel
1323 5431 1444 5475 non
1486 5410 1593 5475 diu
1620 5420 1855 5493 postea,
1898 5420 1960 5476 et
1994 5412 2171 5495 juxta
2208 5409 2365 5474 banc
2472 5431 2580 5494 pro
2606 5431 2710 5475 sex
2742 5407 3119 5491 Coppellanis
3142 5406 3422 5470 Matutini
3458 5404 3791 5468 recitationi
3845 5406 4001 5467 inte-
