4393 6299
952 498 1021 552 ³2
1948 497 2395 565 QUAESTIONES
2434 498 2796 551 CANONICAE

773 653 1127 715 natantibus
1160 651 1608 714 incommodum
1633 695 1651 722 ‚
1687 657 1813 709 tum
1859 648 1922 708 in
1953 648 2071 710 alia
2101 669 2275 709 causa
2299 695 2314 720 ‚

769 767 952 831 quam
980 748 1343 809 Secretarius
1370 748 1432 806 in
1465 746 1595 805 Sar..
1626 745 1844 825 Congr.
1876 753 2172 824 exponet.

893 843 980 903 De
1015 841 1260 903 incursu
1304 840 1575 900 Oratoris
1606 839 1668 898 in
1710 856 1930 919 poenas
1952 857 1987 898 a
2017 837 2319 900 Constitu-

772 936 937 998 tione
980 936 1222 997 Urbana
1256 935 1514 996 inflictas
1563 934 1732 995 nulla
1759 933 2033 1014 quaestio
2068 932 2319 994 excitari

774 1029 955 1102 valet,
988 1026 1125 1090 licet
1147 1028 1311 1089 enim
1335 1029 1463 1099 hic,
1503 1038 1561 1089 et
1582 1048 1743 1089 nunc
1764 1028 2036 1107 elapsum
2065 1028 2144 1088 sit
2172 1036 2323 1089 tem-

774 1143 887 1203 pus
912 1142 948 1185 a
979 1132 1305 1184 memorata
1335 1122 1509 1183 Bulla
1540 1122 1898 1202 praefixum,
1929 1141 2068 1182 cum
2112 1128 2318 1183 tamen

774 1224 916 1277 ante
940 1215 1223 1295 temporis
1248 1215 1576 1276 terminum
1604 1215 2052 1294 supplicaverit,
2085 1215 2146 1276 id
2174 1214 2323 1276 satis

774 1329 901 1371 esse
927 1310 1188 1380 videtur,
1223 1317 1290 1369 ut
1323 1328 1357 1370 a
1386 1327 1769 1388 quacumque
1792 1327 1980 1387 poena
2002 1318 2320 1370 censeatur

777 1405 1275 1484 exemptusjuxta
1294 1404 1612 1464 Decretum
1635 1402 1972 1464 editumdie
2000 1409 2092 1464 13.
2115 1403 2321 1465 Martii

780 1503 954 1559 1693.
998 1497 1405 1558 Sanctissimus
1438 1496 1711 1557 Dominus
1739 1510 1925 1558 noster
1951 1500 2222 1569 mevit,
2272 1511 2323 1559 et

776 1595 1068 1673 respective
1094 1593 1387 1652 vitanda-eit
1413 1603 1622 1671 tempus
1645 1602 1696 1651 et
1726 1602 1972 1672 tempora
1995 1612 2109 1652 non
2138 1614 2327 1655 curre·

777 1708 858 1759 re,
889 1689 1157 1768 pendente
1177 1707 1432 1757 recursu,
1464 1707 1531 1747 ac
1557 1688 1947 1767 impedimento
1976 1686 2321 1750 Sanctitatis

777 1782 956 1854 Suae,
980 1784 1065 1842 vel
1088 1782 1419 1851 secretarii,
1444 1783 1545 1859 qui
1558 1782 1766 1859 referre
1793 1801 1907 1840 non
1934 1784 2143 1856 valeat,
2170 1784 2321 1843 itaut

778 1877 877 1938 hoc
894 1878 1073 1937 medio
1102 1887 1361 1955 tempore,
1383 1877 1578 1936 nullae
1597 1895 1862 1936 censurae
1883 1879 2265 1937 incurrantur
2288 1899 2327 1940 a

779 1971 1228 2052 supplicantibus
1298 1969 1356 2029 E
1358 1972 1596 2050 piscopis
1620 2015 1637 2042 ,
1701 1971 1954 2050 precibus
2005 1969 2327 2032 secretario

783 2074 1022 2144 tompore
1045 2065 1226 2125 habili
1252 2064 1457 2123 oblatis
1481 2104 1497 2122 .

900 2155 1280 2235 Redactaque
1307 2154 1528 2216 idcirco
1556 2155 1961 2217 controversia
1988 2155 2066 2218 ad
2094 2163 2329 2238 tempus

779 2249 1079 2321 futurum,
1102 2269 1205 2311 seu
1235 2248 1311 2310 ad
1340 2248 1582 2310 termini
1619 2250 2122 2330 prorogationem.

901 2342 1233 2418 Quaeritur

897 2437 993 2497 An
1018 2447 1070 2497 et
1095 2438 1365 2516 quomodo
1396 2434 1661 2497 Orator-is
1692 2440 1944 2518 precibus
1968 2441 2045 2499 sit
2072 2458 2328 2501 annuen-

779 2535 916 2593 dum
943 2535 1007 2592 in
1034 2551 1169 2593 casu
1200 2543 1301 2592 etc.

889 2725 1028 2773 sacr.
1055 2723 1253 2787 congr.
1285 2721 1563 2789 respondit
1588 2761 1601 2786 ,

965 2808 1060 2861 Ad
1083 2810 1218 2861 duos
1244 2811 1454 2862 Menses
1479 2848 1490 2861 .

1297 3048 1656 3123 QUAESTIO
1686 3051 1861 3113 xli..

826 3266 898 3327 In
929 3265 1121 3329 causa
1142 3265 1649 3349 ‘Carpentoractem
1685 3270 1773 3330 die
1808 3275 1899 3331 19.
1928 3269 2076 3332 Feb.
2114 3278 2290 3335 1718.

792 3393 885 3512 In
928 3451 1107 3515 Bulla
1147 3457 1246 3515 15.
1289 3472 1418 3515 san.
1467 3474 1645 3515 mem.
1675 3455 1827 3518 Sixti
1854 3458 1930 3517 V.
1964 3458 2330 3522 Bull.·Tom.

793 3551 851 3605 2.
902 3546 1060 3607 edita
1108 3566 1217 3626 pro
1270 3547 1609 3610 visitatione
1659 3551 1982 3613 Sacrorum
2026 3554 2336 3617 Liminum

793 3639 872 3698 ab
901 3638 1206 3719 Episcopis
1234 3639 1507 3702 facienda
1534 3690 1548 3710 ,
1582 3643 2011 3721 praescribitur
2033 3693 2052 3722 ,
2093 3658 2157 3710 ut
2188 3649 2336 3731 Epi-

794 3732 956 3811 scopi
1005 3732 1183 3806 Itali,
1220 3734 1314 3795 vel
1358 3755 1433 3795 ex
1486 3736 1708 3798 Italicis
1756 3739 2018 3820 Insulis,
2064 3744 2230 3806 unde
2274 3745 2338 3806 in

800 3826 1036 3888 ltaliam
1055 3828 1427 3890 commodius
1457 3831 1646 3912 trajici
1675 3843 1884 3912 potest,
1920 3836 2101 3898 veluti
2124 3839 2339 3913 Siculi,

797 3919 1016 3994 Sardi,
1057 3920 1267 3996 Corsi,
1310 3930 1369 3984 et
1406 3923 1509 3985 alii
1541 3927 1941 4006 adjacentium
1989 3933 2339 3996 Provincia-

798 4034 936 4075 rum
963 4015 1192 4088 Italiae,
1213 4036 1282 4078 ac
1308 4018 1488 4079 etiam
1510 4020 1844 4085 Dalmatiae
1870 4033 1928 4085 et
1948 4025 2337 4101 Graecarum,

798 4127 956 4187 quae
995 4128 1030 4169 e
1072 4110 1315 4189 regione
1356 4112 1501 4192 ipsis
1539 4115 1751 4204 Italiae
1777 4163 1793 4189 ‚
1840 4127 1900 4180 et
1941 4119 2184 4183 Siciliae
2215 4123 2339 4183 oris

758 4233 761 4238 ·
803 4210 942 4262 sunt
963 4247 979 4274 ‚
1012 4203 1187 4264 tertio
1216 4223 1377 4265 anno
1404 4251 1420 4277 ‚
1451 4205 1735 4270 Germani
1765 4231 1909 4272 vero
1933 4261 1947 4284 ,
1983 4213 2167 4288 Galli,
2199 4215 2341 4278 His·

804 4294 944 4375 pani
973 4341 990 4368 ,
1042 4296 1257 4378 Belgae
1280 4343 1297 4371 ,
1348 4299 1645 4363 Bohemae
1671 4348 1687 4375 ,
1739 4304 2017 4387 Hungari
2043 4355 2059 4381 ‚
2116 4310 2297 4392 Angli
2323 4356 2341 4384 ,

801 4388 957 4450 Scoti
984 4435 1001 4462 ‚
1032 4388 1236 4453 Iberni
1263 4436 1281 4464 ,
1311 4400 1370 4453 et
1396 4395 1613 4456 caeteri
1642 4416 1848 4459 omnes
1874 4445 1891 4472 ‚
1921 4402 2027 4481 qui
2063 4401 2127 4462 in
2158 4404 2348 4465 Euro-

804 4501 879 4561 pa
906 4493 1047 4545 sunt
1077 4484 1229 4546 citra
1257 4506 1421 4547 mare
1455 4487 1879 4553 Germanicum
1906 4539 1922 4565 ,
1956 4503 2015 4556 et
2045 4495 2345 4559 Balticum

803 4595 873 4638 ac
889 4578 1159 4638 omnium
1174 4580 1517 4643 Insularum
1537 4585 1721 4645 Maris
1732 4587 2154 4652 Mediterranei
2170 4612 2350 4672 quar-

810 4681 867 4732 to
899 4691 1060 4733 anno
1093 4674 1171 4735 ad
1207 4675 1430 4737 Urbem
1469 4679 1753 4742 accedant
1794 4682 2150 4745 Sanctorum
2184 4688 2346 4767 Apo-

806 4764 1096 4828 stolorum
1118 4767 1358 4831 Limina
1378 4771 1703 4846 visitaturi,
1729 4776 1813 4836 uti
1837 4777 2028 4840 videri
2063 4788 2249 4858 potest
2281 4780 2343 4841 in

807 4859 871 4942 §.
907 4865 964 4920 6.
991 4861 1205 4923 citatae
1233 4864 1463 4937 Bullae,
1490 4874 1549 4928 et
1576 4867 1639 4927 in
1668 4869 1935 4948 Epistola
1962 4872 2241 4935 circulari
2273 4875 2348 4936 ad

808 4955 1122 5016 universos
1140 4955 1323 5018 Orbis
1352 4959 1671 5041 Episcopus
1690 4963 1910 5043 scripta
1934 4985 1969 5026 a
1993 4965 2172 5029 Sacra
2191 4968 2347 5029 Con-

809 5049 1155 5129 gregatione
1188 5049 1439 5112 Concilii
1465 5053 1563 5115 die
1594 5059 1685 5115 16.
1719 5057 1871 5119 Nov.
1908 5064 2082 5121 1673.
2117 5062 2192 5124 ad
2221 5082 2352 5124 am-

811 5143 1140 5222 putandam
1196 5164 1642 5229 quamcumque
1696 5153 2013 5234 ambagem
2060 5165 2352 5217 statutum

811 5234 924 5296 fuit
948 5283 963 5306 ,
996 5245 1064 5297 ut
1092 5236 1615 5332 initium-triepnii
1642 5275 1663 5314 ς
1695 5253 1799 5324 apt
1826 5247 2212 5330 quadrionnii
2250 5250 2353 5311 de-

810 5329 1168 5398 sumendum
1196 5331 1272 5395 sit
1299 5352 1334 5394 a
1363 5334 1460 5397 die
1486 5341 1584 5397 20.
1619 5339 1963 5403 Decembris
1992 5343 2135 5405 anni
2173 5349 2347 5408 1585.

773 5477 777 5482 ,
813 5444 936 5509 quo
961 5424 1122 5490 edita
1145 5426 1262 5490 fuit
1293 5429 1529 5494 Sixtina
1558 5431 1935 5496 Constituti0.

2545 649 2870 729 Episcopus
2897 647 3478 728 Carpentoractensis
3505 666 3582 710 ex
3608 648 3840 712 ultimis
3863 648 3977 711 Vi-

2427 745 2810 806 sitationibus
2830 744 3151 805 Sacrorum
3182 742 3485 804 Liminum
3510 762 3548 805 a
3565 743 3690 804 suis
3717 744 3977 806 Praedo-

2430 838 2763 900 cessoribus
2786 882 2803 909 ,
2849 846 2909 899 et
2947 856 2981 898 a
3028 856 3092 897 se
3139 837 3395 916 peractis
3445 837 3930 899 animadvertens
3954 883 3974 913 ,

2430 931 2545 993 sibi
2576 932 2921 1012 impositum
2955 950 3081 991 esse
3108 949 3262 992 onus
3290 930 3576 991 visitandi
3611 931 3686 991 de
3716 932 3977 994 triennio

2435 1024 2496 1084 in
2522 1024 2871 1095 triennium,
2895 1023 3192 1103 supplices
3220 1044 3421 1103 preces
3441 1023 3688 1085 exbibet
3711 1044 3820 1104 pro
3838 1025 3978 1086 sub-
4053 1070 4058 1075 -

2435 1119 2744 1198 rogatione
2770 1118 3191 1198 quadriennali
3223 1118 3353 1179 loco
3383 1118 3659 1179 triennii.

2554 1214 2670 1274 Pro
2698 1214 2988 1292 Episcopo
3013 1212 3153 1274 facit
3182 1215 3377 1291 primo
3404 1258 3421 1285 ‚
3452 1214 3614 1292 quod
3645 1213 3705 1273 in
3738 1214 3983 1294 regestis

2436 1306 2616 1388 hujus
2638 1306 2852 1368 Sacrae
2878 1306 3370 1387 Congregationis
3395 1306 3768 1386 frequentior
3791 1309 3980 1369 adno-

2437 1402 2583 1463 tatio
2611 1401 2988 1462 Visitationis
3013 1402 3335 1462 Sacrorum
3367 1401 3674 1461 Liminum
3704 1448 3721 1472 ‚
3754 1421 3876 1482 quo
3904 1402 3982 1464 ad

2432 1495 2755 1575 Episcopus
2798 1495 3395 1575 carpentoractenses
3415 1540 3434 1568 ‚
3483 1515 3603 1555 non
3650 1496 3982 1556 triennium

2436 1587 2716 1668 respicit,
2764 1588 2866 1649 sed
2916 1588 3421 1668 quadriennium;
3467 1589 3634 1650 Facit
3675 1588 3936 1649 secundo
3962 1637 3980 1659 ‚

2434 1683 2595 1763 quod
2625 1682 3056 1763 Episcoporum
3083 1683 3550 1745 vasionensium
3576 1703 3731 1744 onus
3760 1704 3880 1745 non
3905 1682 3983 1744 ad

2437 1776 2766 1837 triennium
2803 1776 3187 1857 restringitur
3209 1821 3227 1848 ‚
3257 1777 3359 1837 sed
3392 1779 3469 1838 ad
3506 1778 3981 1858 quadriennium

2435 1869 2801 1948 ampliatum
2850 1869 3020 1932 Facit
3066 1870 3284 1941 tertio,
3328 1870 3489 1949 quod
3532 1870 3983 1951 Arcbiepiscopi

2437 1963 2911 2038 Avenionensis,
2955 1972 3016 2026 et
3049 1965 3323 2046 Episcopi
3359 1965 3787 2027 Cavallicensis
3826 1963 3988 2025 Visi-

2438 2057 2689 2121 tationes
2709 2067 2776 2118 ut
2793 2057 3128 2139 plurimum
3153 2058 3474 2121 adnotatae
3494 2058 3887 2139 reperiuntur
3910 2057 3989 2119 ad

2435 2152 2724 2213 terminos
2748 2152 3160 2233 quadriennii,
3199 2160 3259 2214 et
3288 2172 3409 2213 non
3440 2152 3731 2227 triennii,
3769 2153 3859 2215 uti
3888 2151 3989 2214 fu-

2435 2246 2559 2308 sius
2581 2246 2948 2308 Secretarius
2976 2247 3043 2307 in
3069 2247 3250 2319 Sacra
3278 2256 3538 2326 exponet
3564 2246 3990 2329 Congregatio-

2438 2360 2536 2414 ους
2572 2340 2738 2401 Facit
2764 2340 3028 2420 denique
3055 2350 3299 2419 quarte,
3334 2340 3498 2420 quod
3523 2339 3803 2420 Episcopi
3827 2338 3992 2401 Galli

2440 2433 2680 2496 Limina
2721 2432 2966 2494 visitare
3010 2441 3293 2495 tenentur
3341 2452 3460 2492 non
3497 2431 3772 2512 quolibet
3801 2432 3992 2493 trien-

2438 2527 2540 2588 nio
2569 2575 2584 2598 ,
2630 2527 2733 2589 sed
2761 2527 3035 2608 quolibet
3061 2526 3465 2608 quadriennio
3488 2572 3506 2600 ,
3542 2535 3605 2589 et
3629 2529 3809 2608 juxta
3836 2526 3995 2589 Geo-

2435 2622 2698 2703 grapbos
2726 2667 2742 2694 ‚
2791 2622 3019 2684 Civitas
3052 2621 3641 2702 Carpentoractensis
3680 2629 3771 2683 est
3812 2628 3996 2703 caput

2440 2714 2770 2776 Comitatus
2796 2716 3092 2777 Venusini
3121 2716 3184 2776 in
3215 2715 3532 2779 Provincia
3557 2761 3576 2790 ,
3624 2725 3685 2779 et
3714 2725 3803 2779 est
3837 2717 3993 2780 Urbs

2440 2808 2673 2872 Galliae
2693 2809 3120 2872 Narbonensis.

2558 2904 2845 2986 Adeoque
2869 2904 3079 2967 dicunt
3110 2906 3395 2966 Doctores
3422 2951 3440 2978 ‚
3476 2903 3845 2967 Comitatum
3875 2907 4013 2970 Ve-.

2444 2998 2763 3082 uminum,
2804 3008 2864 3060 et
2907 2998 3223 3061 Civitatem
3263 2998 3742 3061 Avenionensem
3772 3020 3900 3063 esse
3931 3001 3995 3062 in

2437 3093 2711 3175 partibus
2731 3092 2966 3156 Galliae
2991 3138 3008 3167 ,
3041 3093 3144 3156 sed
3174 3112 3295 3156 non
3327 3094 3403 3156 de
3428 3093 3627 3157 Gallia
3651 3142 3666 3165 ‚
3702 3095 3998 3176 quemad-

2447 3189 2691 3249 modum
2721 3187 2898 3268 plene
2941 3189 3198 3249 babetur
3234 3191 3300 3248 in
3327 3191 3493 3250 decis.
3526 3196 3626 3250 80.
3656 3210 3819 3250 num.
3859 3196 3913 3251 1.
3945 3199 3999 3250 st

2444 3303 2592 3361 seqq.
2623 3292 2764 3361 post.
2793 3281 2844 3341 T
2840 3284 3037 3342 σπάνι.
3064 3283 3128 3342 de
3158 3282 3528 3344 Pensionibus
3555 3284 3995 3358 Ecclesiasticis,

2445 3389 2496 3437 st
2524 3379 2586 3436 in
2609 3377 2895 3455 disquisit.
2924 3375 3119 3454 Leqal.
3153 3376 3337 3439 Pauli
3364 3380 3430 3440 de
3455 3376 3840 3441 Gandscombe
3865 3398 3993 3458 cap.

2449 3475 2543 3532 12.
2575 3491 2636 3530 n.
2678 3475 2731 3530 1.
2762 3482 2814 3530 et
2849 3473 3109 3549 pluribus
3135 3491 3283 3551 seqq.

2563 3565 2894 3628 Comitatus
2944 3567 3106 3627 enim
3157 3566 3504 3629 Venusinus
3546 3568 3739 3629 sactus
3790 3575 3879 3629 est
3924 3567 4002 3629 de

2446 3660 2729 3724 Dominio
2758 3660 3073 3742 temporali
3099 3661 3271 3722 Sedis
3291 3662 3664 3743 Apostolicae
3689 3662 3752 3721 in
3780 3662 4000 3723 solem-

2448 3755 2512 3816 ni
2544 3774 2686 3835 pace
2712 3754 2865 3817 inita
2894 3774 3057 3817 anno
3083 3760 3255 3816 1228.
3282 3763 3550 3836 tempore
3576 3755 3856 3837 Gregorii
3885 3755 3997 3816 IX.

2448 3847 2679 3909 Summi
2714 3846 3042 3919 PontificiS,
3074 3868 3232 3928 quae
3262 3869 3378 3929 pax
3405 3849 3577 3910 estin
3609 3848 3859 3929 regestis
3881 3847 4001 3909 hu-

2443 3944 2544 4023 jus
2588 3941 2893 4004 Pontificis
2918 3988 2935 4015 ,
2965 3942 3363 4004 existentibus
3389 3944 3453 4004 in
3494 3943 3785 4006 Archivio
3827 3943 4002 4005 Vati·

2447 4055 2598 4097 cano
2625 4034 2731 4097 fot.
2765 4040 2864 4096 81.
2897 4047 2955 4097 et
2984 4036 3264 4115 pluribus
3289 4057 3459 4119 seqq.
3498 4048 3556 4099 et
3586 4037 3816 4099 Civitas
3844 4040 4001 4099 Ave·

2453 4129 2757 4193 nionensis
2778 4148 2940 4191 anno
2972 4135 3144 4191 1348.
3182 4131 3334 4193 sacta
3365 4139 3452 4192 est
3480 4131 3555 4193 de
3579 4132 3867 4194 Dominio
3888 4133 4005 4193 Ee·

2452 4222 2666 4285 clasiae
2689 4265 2706 4296 ‚
2739 4242 2876 4283 cum
2906 4222 3180 4286 Clemens
3224 4226 3382 4307 Papa
3411 4226 3519 4286 v1.
3559 4245 3693 4288 eam
3723 4227 3940 4288 emerit
3965 4244 4003 4287 a

2451 4317 2686 4379 Joanna
2713 4316 2993 4397 Neapolis
3036 4319 3260 4400 Regina
3289 4365 3306 4392 ,
3341 4319 3514 4382 sicuti
3557 4322 3896 4382 desumitur
3924 4338 4002 4380 ex

2456 4411 2863 4471 Instrumento
2888 4411 3211 4490 emptionis
3238 4414 3526 4492 impresso
3557 4414 3616 4474 in
3650 4412 3807 4475 Bull.
3836 4411 3999 4474 Civi-

2458 4505 2594 4567 tatis
2620 4503 3054 4566 Avenionensis
3091 4526 3223 4588 pag.
3267 4512 3402 4586 189.
3439 4519 3499 4569 et
3526 4508 3701 4588 plene
3729 4506 4002 4567 referunt

2457 4599 2734 4661 Boschstt.
2763 4603 2826 4660 in
2843 4601 2961 4660 vita
2989 4598 3288 4660 Clementis
3320 4601 3413 4661 VI.
3435 4622 3570 4682 paq.
3603 4605 3734 4661 101.
3758 4603 3823 4660 in
3840 4601 4002 4678 prin-

2455 4696 2623 4774 cipie,
2671 4693 2962 4773 Raynald.
3011 4695 3078 4752 in
3111 4693 3434 4756 Annalibus
3479 4694 3892 4754 Ecclesiasticis
3922 4691 4001 4762 ad

2453 4809 2672 4848 annum
2697 4791 2871 4848 1348.
2894 4807 2955 4847 η.
2988 4792 3081 4848 11.
3106 4798 3157 4848 ct
3188 4794 3282 4850 12.
3306 4789 3687 4852 Nosti-adamo
3714 4791 3779 4847 in
3799 4787 4002 4848 Histo-

2458 4884 2551 4942 ria
2596 4881 2931 4941 Provinciae
2960 4902 3090 4961 par.
3139 4887 3198 4942 4.
3227 4903 3363 4963 paq.
3416 4887 3553 4943 406.
3585 4885 3650 4942 in
3691 4884 3800 4964 fine
3844 4880 3996 4941 Bell.

2463 4975 2632 5036 Cous.
2663 4981 2760 5036 57.
2799 4997 2957 5036 fiunt.
2998 4984 3055 5037 5.

2579 5069 2746 5130 Facit
2773 5080 3015 5132 econtra
3043 5071 3328 5133 adversus
3355 5071 3714 5152 Episcopum
3738 5115 3755 5144 ‚
3789 5068 3952 5150 quod
3975 5111 3996 5142 ‚

2460 5170 2521 5222 et
2555 5163 2787 5242 primus
2810 5152 2915 5235 ,et
2947 5164 3143 5225 ultimi
3175 5165 3531 5227 visitationis
3552 5167 3754 5228 Status
3780 5183 3900 5225 non
3926 5162 4002 5224 de

2462 5256 2864 5335 quadriennio
2884 5303 2902 5332 ,
2947 5258 3052 5319 sed
3088 5259 3163 5318 de
3209 5258 3468 5320 triennio
3515 5257 3850 5339 loquuntur
3872 5300 3890 5330 ,
3942 5262 4003 5318 et

2465 5349 2625 5428 quod
2652 5394 2670 5422 ,
2699 5350 2747 5411 si
2785 5371 2892 5431 pro
2920 5351 3179 5413 Ecclesia
3209 5350 3759 5431 Carpentoractensi
3786 5350 4003 5412 subro-

2462 5455 2705 5524 garetur
2730 5446 3195 5526 quadriennium
3219 5445 3346 5507 loco
3368 5445 3634 5517 triennii,
3649 5446 3804 5509 idem
3823 5446 4005 5509 etiam
