4393 6299
913 468 981 517 20
1943 457 2393 529 Quffisnosss
2430 454 2796 511 CANONtCAE

732 638 862 683 mas
892 621 951 681 in
980 624 1035 682 t.
1065 627 1217 681 sent.
1244 617 1383 681 dist.
1413 621 1514 678 3¹4.
1539 623 1771 697 quaest.
1803 616 1858 676 1.
1893 624 2010 679 art.
2043 617 2103 674 2.
2136 613 2214 675 ad
2240 617 2298 672 5.
2386 608 2796 673 dissolutionis
2847 604 3078 688 absque
3127 603 3552 686 experimento
3609 594 3895 664 triennali
3932 640 3950 672 ,

734 716 869 780 Non
886 726 1062 797 potest
1089 734 1195 774 esse
1208 724 1544 794 perpetuum
1566 712 2028 793 impedimentum
2050 718 2297 769 natura-

737 814 788 875 le
810 815 874 871 in
917 810 1050 871 Viro
1071 820 1320 889 respectu
1345 809 1616 877 alterius,
1649 807 1742 867 sed
1773 808 1957 883 sinon
1980 805 2153 885 possit
2188 803 2299 862 im·-

732 909 888 989 plere
909 907 1198 970 carnalem
1219 913 1408 965 actum
1438 922 1564 963 cum
1596 901 1827 980 Virqine
1855 948 1870 971 ,
1903 910 1952 960 et
1980 891 2150 978 possit
2174 917 2304 958 cum

742 1001 1055 1081 Corrupto,
1100 1010 1233 1059 tunc
1273 997 1684 1057 medicinaliter
1720 997 1918 1074 aliquo
1957 996 2304 1053 instrumen-

739 1107 795 1156 to
841 1105 1019 1176 posset
1058 1095 1313 1155 claustra
1354 1091 1592 1172 pudoris
1632 1090 1928 1168 sranqere,
1982 1098 2031 1148 et
2071 1089 2124 1148 ei
2171 1106 2307 1148 eon·

736 1191 941 1269 jun-qi,
970 1204 1067 1248 nec
1110 1196 1239 1247 esset
1292 1187 1390 1247 lwc
1436 1195 1633 1247 contra
1659 1183 2122 1255 matrimonium,
2167 1184 2310 1261 quia

739 1303 852 1343 non
897 1280 1052 1367 fieret
1096 1281 1173 1342 ad
1216 1281 1654 1352 delectationem,
1697 1279 1791 1339 sed
1831 1279 1909 1339 ad
1947 1278 2311 1338 medicamen-

746 1389 889 1437 tum:
927 1386 1031 1437 aut
1061 1373 1205 1456 quia
1239 1372 1613 1453 procedendo
1643 1372 1827 1434 etiam
1865 1391 2001 1432 cum
2036 1387 2309 1432 cummu-

746 1469 901 1532 niori
960 1467 1383 1530 Recentiorum
1433 1465 1754 1546 opinione,
1805 1464 1912 1544 qui
1970 1472 2304 1536 asserunt,

743 1565 877 1628 (lari
931 1561 1343 1644 impotentiam
1377 1560 1712 1625 naturalem
1752 1560 2145 1641 perpetuam,
2182 1576 2304 1618 nou

746 1659 1084 1723 absolutam
1124 1678 1265 1741 erga
1308 1676 1516 1721 omnes
1544 1701 1561 1728 ,
1603 1654 1705 1716 sed
1742 1653 2131 1734 respectivam
2165 1670 2310 1734 erga

751 1756 991 1837 aiiquas
1028 1765 1170 1837 puta
1210 1752 1488 1834 Virgines
1512 1796 1530 1825 ,
1573 1768 1829 1830 eamque
1869 1749 2067 1830 quoad
2099 1745 2308 1828 Virgi-

755 1871 859 1913 nes
897 1850 1261 1912 constituere
1292 1845 1790 1928 impedimentum
1839 1842 2208 1924 impedienS,
2252 1848 2312 1902 et

755 1946 1050 2017 dirimens
1081 1927 1537 2013 matrimonium
1567 1960 1584 2014 3
1619 1959 1755 2000 cum
1784 1930 2080 2000 sententia
2109 1944 2309 1999 tamen

756 2036 976 2104 Curiae
1006 2037 1329 2101 Abuleusis
1353 2035 1496 2097 huic
1526 2033 1915 2115 impotentiae
1943 2022 2311 2113 respectivae

748 2156 894 2218 erga
923 2135 1230 2216 Virgines,
1261 2142 1316 2194 et
1351 2151 1469 2192 non
1497 2150 1639 2212 erga
1665 2129 1991 2209 corruptas
2013 2126 2194 2189 fuerit
2227 2127 2315 2188 in·

758 2232 903 2292 nixa
930 2276 948 2304 ,
987 2228 1221 2310 hocque
1256 2226 1718 2289 fundamentum
1748 2224 1924 2287 modo
1950 2221 2310 2295 cessaverit,

754 2327 844 2386 uti
878 2324 1098 2386 nedum
1130 2344 1204 2385 ex
1237 2320 1607 2384 Medicorum
1654 2312 2137 2380 attestationibus
2160 2362 2177 2390 ,
2210 2317 2325 2378 sed·

754 2440 828 2482 ex
869 2419 1228 2481 commercio
1274 2410 1501 2493 carnali
1533 2413 1744 2477 habito
1786 2432 1897 2494 per.
1935 2411 2314 2492 Alphonsum

756 2508 906 2579 cum'
922 2514 1178 2595 Virgine
1211 2506 1466 2591 losepha
1496 2496 1760 2571 Sanchez
1789 2507 2160 2582 desumitur,
2193 2506 2311 2568 sibi

757 2607 1067 2672 vindicare
1118 2625 1284 2687 posse
1333 2605 1527 2666 locum
1565 2603 1805 2663 videtur
1853 2609 2133 2663 constans
2157 2599 2316 2681 juris

759 2702 1090 2785 propositio
1117 2747 1134 2774 ,
1160 2699 1328 2781 ν(Ῑιιοιί
1354 2744 1371 2772 ,
1409 2698 1605 2759 soluto
1632 2717 1735 2777 per
1761 2695 1991 2757 Judicis
2020 2694 2316 2771 Ecclesia·

752 2796 888 2861 stici
918 2796 1274 2860 sententiam
1312 2792 1699 2855 matrimonio
1732 2799 1976 2871 propter
2012 2790 2313 2870 impoten-

715 2959 724 2971 ‚
758 2894 906 2957 tiam
936 2937 952 2967 ,
984 2892 1032 2953 si
1073 2891 1306 2973 Conjux
1336 2888 1440 2950 ille
1467 2934 1483 2961 ,
1526 2886 1633 2968 qui
1664 2886 1978 2970 judicatus
2005 2894 2093 2949 est
2122 2885 2317 2966 impo-

761 2995 917 3063 tem,
947 3008 1019 3049 ex
1051 2995 1183 3068 post
1211 2985 1366 3047 facto
1390 2990 1599 3064 potens
1624 2977 2110 3061 deprehendatur
2134 3025 2150 3053 ,
2191 2978 2317 3060 pri-

765 3102 934 3142 mum
984 3078 1441 3143 matrimonium
1499 3083 1587 3137 est
1633 3074 2125 3158 reintegrandum
2157 3120 2174 3144 ,
2228 3072 2317 3134 uti

760 3178 977 3257 probat
1004 3163 1229 3240 'l'extus
1270 3176 1332 3235 in
1375 3194 1501 3254 cap.
1540 3170 1949 3239 Laudantem,
1996 3182 2047 3232 et
2090 3172 2154 3229 in
2190 3188 2315 3251 cap.

763 3272 1169 3335 Fraternitatis
1214 3271 1280 3332 de
1334 3259 1593 3355 frigidis,
1644 3277 1694 3327 et
1738 3267 2123 3348 ntaleficiatis,
2166 3276 2217 3326 et
2258 3268 2324 3326 in

768 3365 916 3429 Can.
946 3367 1209 3445 requisiti
1251 3365 1348 3426 33.
1392 3357 1606 3442 quaest.
1650 3366 1705 3421 1.
1745 3380 1903 3441 quae
1930 3359 2097 3421 Juris
2123 3358 2321 3422 Cano-

765 3460 887 3523 nici
937 3459 1247 3542 dispositio
1281 3441 1595 3539 procedit,
1638 3455 1872 3517 etiamsi
1906 3454 1969 3516 in
2010 3449 2320 3534 sequelam

759 3556 1095 3619 sententiae
1119 3551 1530 3616 dissolutionis
1557 3550 1737 3631 primi
1779 3548 2152 3612 matrimonii
2182 3593 2201 3623 ,
2230 3547 2323 3610 al-

772 3659 863 3713 ter
911 3668 988 3711 ex
1017 3648 1388 3730 Conjngibus
1414 3692 1431 3720 ,
1479 3646 1586 3728 qui
1632 3665 1752 3707 non
1797 3652 1930 3708 erat
1975 3644 2275 3725 impotens
2303 3688 2321 3715 ,

738 3742 937 3806 'aliud
973 3741 1430 3822 matrimonium
1476 3738 1886 3811 contraxerit,
1937 3738 2028 3799 uti
2073 3737 2328 3819 contigit

770 3840 833 3902 in
865 3836 1183 3921 hypothesi
1222 3834 1546 3918 praesenti,
1583 3834 1646 3897 in
1676 3853 1798 3915 qua
1825 3833 2022 3896 Maria
2049 3832 2326 3895 Hernan·

768 3935 876 3997 dez
896 3933 1087 3996 alium
1109 3931 1330 3993 Virum
1351 3930 1529 3994 duxit
1547 3930 1745 3993 adhuc
1766 3927 2094 4002 viventem,
2111 3946 2327 4009 quem·

768 4028 1093 4092 admodum
1123 4026 1201 4089 ad
1233 4045 1361 4088 rem
1417 4025 1589 4088 docet
1635 4024 1827 4092 Divus
1878 4022 2139 4086 Thomas
2164 4022 2229 4084 in
2262 4025 2321 4083 t.

770 4132 924 4186 sent.
957 4122 1097 4184 dist.
1133 4124 1229 4182 34.
1254 4123 1499 4201 quaest.
1535 4124 1589 4180 1.
1618 4127 1734 4183 art.
1764 4122 1823 4177 2.
1852 4116 1925 4177 In
1948 4118 2047 4178 hoc
2066 4116 2326 4179 Ecclesia

770 4217 1103 4297 quandoque
1130 4225 1284 4277 errat
1312 4259 1330 4288 ,
1356 4217 1497 4293 quia
1529 4233 1632 4294 per
1660 4214 1968 4278 triennium
1993 4213 2328 4293 quandoque

769 4332 883 4373 non
912 4311 1255 4393 sufficienter
1285 4311 1540 4389 experiri
1565 4317 1741 4389 potest
1773 4309 2118 4387 perpetuitas
2152 4309 2327 4390 impo-

772 4406 1003 4473 tentiae:
1031 4404 1180 4480 unde
1205 4404 1256 4462 si
1279 4401 1536 4463 Ecclesia
1556 4421 1611 4461 se
1628 4401 1909 4482 deceptam
1931 4402 2207 4473 inveniat,
2222 4423 2328 4484 per

772 4495 872 4561 hoc
887 4546 906 4570 ,
927 4497 1077 4579 qnod
1107 4497 1207 4557 ille
1229 4542 1245 4567 ,
1269 4497 1337 4556 in
1357 4515 1467 4574 qno
1493 4504 1614 4556 erat
1643 4494 2099 4574 impedimentum
2120 4543 2138 4566 ,
2170 4497 2326 4557 inre-

772 4594 975 4666 nitur,
1016 4592 1305 4654 carnalem
1334 4591 1605 4678 ⁴copulam
1642 4609 1769 4650 cum
1814 4590 2034 4661 eadem,
2078 4592 2166 4652 vel
2203 4611 2331 4652 cum

775 4688 902 4752 alia
947 4679 1652 4768 perfecisse,tredinte9rat
1680 4685 2015 4764 praecedens
2041 4677 2331 4746 matrimo-

772 4784 970 4856 nium,
995 4792 1047 4840 et
1078 4780 1300 4840 dirimit
1337 4779 1639 4839 secundum
1666 4826 1683 4849 ,
1728 4779 2069 4864 quamtis-,de
2109 4779 2230 4858 ejus
2264 4781 2337 4840 ti-

774 4878 960 4940 eentia
1003 4876 1237 4953 factum.
1280 4872 1556 4953 Cumque
1602 4873 1674 4933 D.
1729 4870 1992 4935 Thomas
2044 4873 2332 4954 loquatur

776 4973 841 5035 in
897 4970 1174 5034 terminis
1212 4967 1583 5030 matrimonii
1635 4967 1907 5029 dissoluti
1952 4987 2060 5049 per
2092 4978 2334 5031 senten-

778 5068 923 5131 tiam
972 5064 1274 5127 Ecclesiae
1322 5072 1455 5144 post
1503 5062 1989 5142 experimentum
2036 5061 2336 5125 triennale

674 5175 677 5176 ’
774 5163 857 5228 ad.
884 5159 1173 5223 terminos
1201 5158 1426 5218 Textus
1455 5159 1518 5216 in
1554 5177 1678 5236 cap.
1719 5156 2094 5238 Laudabitem
2128 5158 2194 5219 de
2224 5158 2334 5236 fri-

777 5255 960 5338 gidis,
1011 5264 1061 5316 et
1105 5253 1491 5333 ”calefit-iotis,
1536 5270 1572 5312 a
1603 5250 1838 5312 fortiori
1890 5251 2031 5313 Divi
2067 5253 2337 5314 Thomae

777 5348 1051 5414 doctrina
1086 5346 1208 5409 erit
1250 5346 1312 5407 in
1358 5345 1675 5427 hypothesi
1719 5357 1924 5409 nostra
1967 5346 2282 5409 retinenda
2315 5391 2332 5420 ‚

762 5447 850 5511 ffin‘
900 5452 1023 5525 qua
1073 5441 1258 5505 Curia
1302 5439 1627 5503 Abuleusis
1667 5441 2027 5506 sententiam
2081 5442 2335 5525 protulit

2405 706 2565 787 quod
2594 706 2772 788 juxta
2820 703 3119 766 veriorem
3162 698 3521 762 sententiam
3556 705 3646 760 est
3697 713 3969 758 necessa-

2410 798 2602 873 rium,
2664 796 2895 860 etiamsi
2940 795 3238 879 Coujuges
3288 793 3592 855 fateantur
3652 789 3965 853 matrimo-

2413 893 2584 976 nium
2613 912 2735 955 non
2764 892 2948 955 fuisse
2981 896 3485 954 consummatum.

2527 989 2578 1050 E
2601 996 2810 1051 contra
2826 996 3030 1050 autem
3056 986 3320 1058 videtur,
3350 983 3513 1064 quod
3541 982 3618 1044 sit
3641 981 3807 1043 locus
3830 997 3963 1040 ma-

2414 1083 2701 1160 trimonio
2720 1082 3130 1146 contrahendo
3152 1080 3311 1143 inter
3342 1077 3720 1160 Alphonsum
3737 1121 3754 1148 ,
3784 1083 3842 1136 et
3869 1073 3968 1135 Jo-

2414 1179 2662 1261 sepham
2703 1178 2968 1241 Sanehez
2994 1224 3010 1249 ,
3056 1175 3231 1239 etsie
3270 1179 3745 1254 consequenter,
3800 1165 3966 1250 quod

2416 1294 2535 1336 non
2571 1273 2650 1336 sit
2671 1273 3162 1356 reintegrandum
3189 1267 3645 1332 matrimonium
3679 1267 3838 1327 inter
3869 1261 3972 1324 Al-

2417 1365 2754 1450 phonsum‚
2792 1377 2851 1430 et
2876 1366 3136 1429 Mariam
3169 1362 3565 1437 Hernandez;
3598 1358 3715 1422 suit
3744 1355 3968 1421 etenim

2415 1464 2529 1526 hoc
2557 1464 3012 1528 matrimonium
3048 1461 3414 1524 dissolutum
3444 1477 3550 1539 per
3601 1452 3963 1517 sententiam

2410 1558 2728 1631 Ecclesiae,
2755 1556 3010 1620 servatis
3036 1554 3371 1628 servandis,
3408 1550 3730 1633 prolatam,
3766 1548 3841 1609 de
3866 1565 3974 1608 cu-

2409 1655 2510 1737 jus
2537 1672 2745 1715 errore
2768 1672 2886 1713 non
2919 1658 3007 1714 est
3038 1649 3309 1731 quaestio
3337 1644 3656 1710 excitanda
3677 1689 3694 1718 ,
3731 1662 3807 1704 ex
3850 1660 3973 1722 quo

2418 1748 2761 1830 Alphonsus
2807 1765 2935 1808 rem
2984 1744 3202 1808 habuit
3243 1762 3381 1805 cum
3410 1738 3668 1823 Virgine
3714 1734 3977 1818 Josepha

2418 1841 2682 1906 Sanchez
2705 1861 2721 1903 ε
2746 1840 3064 1903 dissolutio
3092 1838 3391 1920 siquidem
3420 1831 3793 1897 matrimonii
3816 1832 3977 1893 iuter

2417 1936 2830 2020 Alphonsum,
2876 1944 2935 1999 et
2967 1934 3222 1998 Mariam
3248 1928 3610 1994 llernaudez
3648 1926 3937 2009 processit
3959 1968 3977 2000 ,

2418 2043 2523 2095 aut
2582 2052 2659 2095 ex
2704 2029 3060 2113 impotentia
3108 2027 3442 2108 respectiva
3487 2023 3798 2096 naturali,
3856 2040 3981 2083 non

2409 2126 2617 2209 'quoad
2646 2126 2902 2208 speciem
2922 2171 2939 2199 ,
2964 2125 3066 2186 sed
3090 2122 3290 2206 quoad
3321 2118 3728 2189 individuum,
3760 2135 3982 2197 quem-

2418 2221 2743 2284 admodum
2767 2218 3076 2283 contendit
3098 2218 3369 2280 scrihens
3391 2234 3501 2309 prq
3523 2211 3861 2293 Alphonso,
3879 2214 3986 2270 aut

2422 2323 2666 2397 propter
2699 2311 3116 2395 impotentiam
3168 2308 3568 2390 respectivam
3623 2310 3985 2385 perpetuam

2422 2432 2495 2472 ex
2529 2410 2823 2472 maleficio
2845 2454 2861 2483 ,
2893 2410 3064 2492 cujus
3104 2406 3518 2468 meminerunt
3562 2399 3765 2463 ultimi
3796 2394 3993 2460 Periti

2421 2504 2676 2566 consulti
2706 2552 2723 2579 ,
2757 2503 2821 2565 in
2856 2522 2979 2584 qua
3010 2502 3147 2564 facti
3177 2499 3376 2583 specie
3404 2517 3522 2559 non
3568 2495 3799 2574 reinteg
3821 2502 3988 2556 ratur

2426 2601 2688 2680 primum
2722 2596 3188 2661 matrimonium
3213 2640 3229 2669 ,
3261 2594 3444 2656 etiam
3491 2591 3540 2653 si
3589 2588 3842 2671 Conjux
3880 2588 3999 2648 im·-

2425 2705 2634 2776 potens
2661 2715 2736 2757 ex
2767 2703 2899 2776 post
2945 2702 3155 2773 potens
3187 2689 3448 2761 evadat,
3484 2694 3554 2746 ut
3590 2684 3654 2745 in
3700 2679 3987 2744 terminis

2428 2789 2657 2869 primae
2679 2785 3069 2869 impotentiae
3091 2780 3387 2861 naturalis
3405 2776 3774 2859 respectivae
3786 2772 3992 2855 quoad

2427 2882 3061 2963 individuumprobat
3097 2880 3323 2939 Textus
3366 2878 3430 2935 in
3460 2894 3587 2953 cap.
3621 2871 3996 2933 Fraternita·

2428 2983 2499 3040 tis
2527 3024 2542 3052 ,
2581 2981 2768 3057 ibique
2807 2975 2965 3041 Glos.
2997 2977 3063 3035 in
3093 2974 3256 3034 verbo
3281 2971 3462 3032 simili
3502 2970 3567 3028 de
3609 2966 3848 3045 sriqidis
3876 3019 3893 3037 ,
3943 2973 3998 3025 et
4064 2961 4069 2965 ’

2426 3075 2781 3158 maleficiatis
2811 3119 2826 3142 ,
2864 3078 2923 3132 et
2958 3070 3020 3131 in
3052 3065 3326 3130 terminis
3356 3061 3753 3144 impotentiae
3789 3079 3995 3141 respe-

2429 3172 2621 3233 ctivae
2647 3176 2970 3251 perpetuae
2986 3186 3063 3227 ex
3084 3161 3381 3225 maleficio
3409 3160 3627 3241 probat
3654 3156 3823 3219 alius
3849 3157 4003 3218 Tex-

2432 3277 2527 3330 tus
2549 3269 2611 3326 in
2637 3265 2783 3326 Can.
2808 3263 2879 3322 Si
2900 3282 3001 3342 per
3022 3260 3323 3321 sortiarias
3353 3261 3449 3317 33.
3479 3263 3697 3334 quaest.
3756 3258 3811 3313 1.
3845 3251 4004 3313 Abs-

2430 3382 2550 3445 que
2576 3380 2646 3423 eo
2686 3358 2848 3439 quod
2874 3356 3210 3437 quidquam
3242 3351 3456 3425 faciat,
3510 3348 3674 3430 quod
3722 3346 4001 3428 primum

2434 3454 2890 3520 matrimonium
2916 3451 3031 3512 suit
3055 3447 3417 3511 dissolutum
3444 3444 3579 3506 sine
3609 3440 3860 3523 praevio
3889 3457 3999 3501 ex-

2437 3553 2769 3635 perimento
2821 3545 3142 3619 triennali;
3189 3545 3241 3605 si
3285 3541 3449 3605 enim
3493 3537 3883 3621 Alphonsus,
3925 3541 4002 3608 ‚et

2432 3647 2628 3711 Maria
2662 3642 3025 3707 Hernandez
3071 3659 3176 3721 per
3210 3633 3706 3720 quinquennium
3740 3627 3999 3693 cohabi-

2435 3751 2644 3807 taruut
2673 3786 2689 3814 ,
2733 3748 2791 3802 et
2821 3735 3074 3818 copulae
3100 3740 3394 3811 vacarunt
3422 3777 3439 3801 ,
3469 3728 3610 3790 lieet
3656 3723 3999 3797 inutiliter,

2432 3835 2718 3920 aptabilis
2745 3833 2983 3896 videtur
3012 3831 3337 3892 Doctorum
3365 3822 3615 3887 assertio
3641 3866 3658 3894 ,
3698 3819 3865 3901 quod
3894 3816 4004 3882 tri·

2435 3931 2688 3994 ennium
2726 3933 3112 4007 computatur
3147 3942 3181 3984 a
3212 3921 3311 3982 die
3336 3916 3591 3997 copulae
3622 3915 4002 3988 intentatae,

2433 4046 2545 4088 nec
2576 4030 2849 4105 oportet,
2879 4016 3041 4100 quod
3073 4012 3230 4079 illud
3263 4011 3593 4077 triennium
3616 4028 3654 4071 a
3679 4009 3899 4072 ludica
3924 4006 4006 4070 sit

2433 4121 2828 4202 assignatum.
2913 4166 2917 4170 ⁴

2537 4213 2720 4282 ‚Haec
2745 4216 2887 4284 sunt
2911 4253 2930 4283 ,
2956 4225 3116 4289 quae
3143 4222 3254 4285 pro
3281 4198 3463 4284 primi
3491 4196 3875 4261 matrimonii
3908 4196 4007 4258 in-

2433 4310 2826 4380 stauratione,
2843 4314 2902 4368 et
2922 4322 3031 4385 pro
3053 4295 3433 4364 concedenda
3455 4293 3748 4357 facultate
3767 4300 4008 4356 contra·

2433 4405 2616 4469 hendi
2648 4400 2977 4465 secundum
3011 4390 3466 4458 matrimonium
3492 4389 3609 4453 dici
3634 4388 3863 4451 valent.
3885 4386 4010 4447 Ve-

2436 4522 2571 4564 rum
2595 4518 2732 4562 cum
2779 4496 2929 4559 haec
2956 4487 3163 4554 omnia
3196 4486 3579 4567 dependeant
3606 4484 3687 4547 ab
3716 4483 3826 4545 illa
3857 4478 4005 4544 facti

2436 4589 2884 4658 circumstantia
2911 4633 2928 4660 ,
2979 4605 3057 4648 an
3117 4581 3465 4663 Alphonsus
3527 4597 3654 4639 rem
3712 4573 4009 4637 hahuerit

2438 4709 2574 4749 cum
2594 4683 2851 4767 Virgine
2867 4677 3150 4758 Josepha,
3185 4684 3243 4737 et
3272 4694 3350 4736 ex
3385 4673 3716 4752 impotente
3742 4666 4018 4731 evaserit⁴

2439 4793 2647 4863 potens
2670 4775 2870 4860 quoad
2900 4771 3184 4854 Virgines
3200 4815 3217 4844 ‚
3241 4784 3462 4848 operae
3488 4762 3755 4844 pretium
3786 4771 3877 4823 est
3906 4780 4007 4823 re·

2440 4882 2717 4938 verenter
2741 4870 3076 4938 insinuare,
3101 4883 3177 4925 an
3208 4860 3309 4923 hic
3331 4868 3388 4922 et
3410 4876 3574 4919 nunc
3600 4854 4007 4934 superseden-

2439 4972 2586 5032 dum
2608 4967 2706 5038 sit,
2736 4976 2857 5028 tam
2885 4963 2964 5025 ab
2995 4955 3436 5021 instauratione
3457 4948 3833 5013 matrimonii
3860 4966 4005 5009 cum

2444 5063 2636 5126 Maria
2659 5056 3021 5121 Hernaudez
3046 5098 3062 5126 ,
3100 5070 3285 5132 quam
3315 5067 3350 5108 a
3393 5042 3774 5106 concessione
3814 5038 4005 5101 liceu-

2446 5158 2562 5219 tiae
2610 5148 3003 5216 contrahendi
3052 5139 3510 5206 matrimonium
3551 5155 3689 5198 cum
3741 5133 4008 5215 Virgine

2440 5249 2725 5314 Sanchez.
2753 5246 2915 5307 Licet
2937 5240 3102 5304 enim
3126 5234 3424 5300 sententia
3450 5248 3630 5312 super
3651 5225 4010 5291 dissolutio-

2443 5366 2519 5409 ne
2537 5339 2906 5407 matrimonii
2927 5352 3243 5416 nunquam
3263 5338 3527 5393 trauseat
3548 5325 3611 5386 in
3628 5323 4002 5405 judicatum,

2441 5442 2625 5505 habet
2653 5449 2851 5503 tamen
2879 5454 2989 5517 pro
3012 5451 3075 5496 se
3097 5423 3649 5513 praesumptionem
3693 5417 3860 5501 juris
3880 5463 3903 5495 ,
3951 5415 4007 5480 si
