4393 6299
1632 480 2090 564 Quasrto
2144 493 2435 548 ccxnu.

452 644 519 708 in
549 643 809 709 Dioecesi
848 645 1212 708 Scardoneu.
1247 691 1265 721 ,
1297 646 1439 710 hinc
1467 654 1599 722 est,
1628 648 1792 728 quod
1822 645 1994 709 sicuti
2107 657 2219 707 tate
2255 653 2347 707 13.
2402 657 2531 707 tom.
2559 651 2618 706 2.
2650 667 2782 727 paq.
2821 653 2952 709 130.
3006 649 3104 708 lib.
3138 654 3196 710 6.
3233 668 3292 708 n.
3329 653 3386 710 7.
3416 661 3467 710 et
3500 666 3646 728 seqq.

448 741 512 802 in
542 740 804 803 Dioecesi
848 741 1214 803 Scardonen.
1260 744 1572 816 merebat,
1619 742 1701 804 ita
1743 741 1992 809 domici-

2106 753 2157 801 et
2186 746 2484 822 praecipue
2510 763 2571 801 n.
2602 745 2694 802 11.
2730 742 2812 803 ibi
2840 746 2858 814 ζ
2887 744 3273 804 concludimus
3300 746 3505 821 igitur,
3526 764 3654 803 cum

445 831 598 894 lium
646 834 708 894 in
753 833 962 895 eadem
1014 834 1295 896 habuisse
1339 836 1655 897 dicendum
1696 835 1811 909 sit,
1855 857 1991 896 cum
2104 835 2329 895 Milites
2352 838 2575 897 nullam
2600 837 2836 897 babeant
2858 838 3040 917 fixam
3063 841 3381 908 stationem,
3409 839 3501 898 sed
3520 859 3654 899 sem·

444 945 568 1008 qua
602 948 667 989 re
699 947 818 989 non
850 937 939 989 est
962 929 1368 1009 competibilis
1393 930 1622 991 indoles
1645 976 1662 1002 ,
1688 940 1747 992 et
1779 940 1995 991 natura

444 1022 623 1103 vagi,
671 1023 759 1085 uti
788 1022 852 1082 in
886 1023 1157 1085 terminis
1185 1024 1449 1086 Militum
1493 1034 1992 1105 argumentantur
2044 1108 2049 1113 .

2042 1121 2051 1167 ἓ
2100 1132 2314 1179 rantur
2341 1166 2357 1192 ‚
2391 1141 2486 1180 seu
2506 1123 2893 1201 reperiuntur,
2922 1124 2996 1180 sit
3027 1123 3293 1201 proprius
3326 1141 3520 1182 eorum
3541 1120 3659 1184 Pan

453 1116 757 1197 Vancspen.
804 1119 868 1177 in
909 1117 1021 1177 Jus
1049 1118 1514 1180 Ecclesiasticum
1563 1120 1819 1180 Univers.
1855 1130 1985 1178 tom.

454 1215 509 1272 1.
543 1233 672 1291 par.
705 1217 766 1271 2.
807 1214 897 1272 tit.
936 1218 1028 1273 12.
1074 1234 1234 1273 num.
1288 1219 1381 1274 tt.
1414 1225 1465 1275 et
1497 1219 1589 1275 15.
1623 1215 1833 1294 Zipeus
1860 1235 1990 1274 con·

442 1308 579 1366 sult.
614 1304 903 1368 Canonica
930 1312 991 1367 2.
1027 1328 1185 1368 num.
1226 1315 1287 1370 7.
1322 1311 1387 1369 de
1416 1308 1611 1401 Officio
1639 1309 1946 1371 Ordinarii
1972 1358 1989 1381 ,

444 1412 498 1459 et
534 1403 631 1459 lib.
662 1405 718 1461 t.
760 1403 825 1462 de
853 1401 1124 1483 Sponsal.
1172 1406 1412 1465 consult.
1442 1411 1500 1466 7.
1533 1425 1691 1465 num.
1722 1412 1779 1466 2.
1815 1405 1881 1487 S.
1919 1425 1992 1465 ea:

447 1494 533 1554 his
559 1541 575 1565 ,
626 1505 677 1554 et
723 1497 930 1555 iterum
975 1498 1073 1556 lib.
1112 1501 1171 1558 4.
1216 1498 1281 1558 de
1323 1496 1592 1579 Sponsal.
1627 1519 1885 1580 responso
1930 1505 1985 1561 3.

442 1608 605 1649 num.
644 1593 697 1649 1.
730 1601 780 1649 et
814 1610 962 1669 seqq.

562 1682 835 1754 Accedit,
881 1682 1041 1762 quod
1083 1682 1188 1744 ille
1213 1702 1335 1745 non
1383 1684 1603 1746 dicitnr
1634 1685 1858 1749 habere
1885 1688 1991 1748 do-

446 1774 742 1836 micilium
770 1821 787 1850 ,
819 1777 924 1856 qui
950 1777 1195 1857 proprio
1222 1777 1526 1839 domicilio
1557 1780 1784 1853 relicto,
1812 1801 1989 1861 quae·

447 1868 531 1930 rit
558 1869 663 1930 ubi
709 1890 771 1930 se
803 1871 972 1932 sistat
997 1917 1012 1943 ‚
1059 1872 1146 1933 uti
1189 1873 1403 1954 probat
1441 1875 1664 1935 Textus
1695 1879 1755 1933 in
1790 1878 1829 1936 l.
1876 1878 1992 1954 ejus

448 1962 516 2044 S.
551 1962 743 2025 Celsus
770 1965 831 2045 ff.
865 1966 943 2025 ad
964 1966 1379 2047 Municipalem
1406 2017 1419 2038 ‚
1456 1969 1537 2029 ibi
1568 2016 1584 2041 ,
1612 1982 1751 2050 puto
1780 1983 1988 2042 autem,

442 2069 497 2119 et
542 2060 640 2119 boc
660 2062 949 2139 procedere
989 2082 1172 2140 posse,
1223 2065 1276 2123 si
1310 2066 1435 2140 quis
1483 2066 1768 2123 dornicilio
1798 2067 1992 2126 relicto

442 2159 665 2231 naviqet
689 2199 707 2227 ,
740 2156 826 2215 vel
853 2157 961 2215 iter
993 2157 1171 2234 saciat
1196 2204 1212 2226 ,
1247 2177 1515 2234 quaerens
1545 2206 1562 2229 ,
1591 2176 1701 2237 quo
1726 2181 1780 2219 se
1807 2161 1991 2236 conse-

440 2256 538 2307 rat
566 2294 582 2317 ,
612 2259 779 2326 atque
805 2251 904 2308 ubi
927 2251 1191 2311 consistat
1218 2298 1231 2320 ,
1262 2272 1398 2311 nam
1423 2255 1571 2311 hunc
1594 2263 1730 2332 puto
1751 2257 1871 2315 sine
1893 2257 1989 2314 do-

440 2343 655 2402 micilio
688 2364 818 2404 esse.
849 2346 979 2406 Non
1007 2356 1249 2426 possunt
1285 2347 1427 2408 haec
1458 2348 1754 2410 verificari
1780 2350 1841 2409 in
1875 2351 1990 2411 Mi-

439 2433 585 2507 lite,
632 2436 706 2496 de
735 2457 857 2518 quo
900 2458 1061 2501 nunc
1119 2441 1318 2520 agitur
1345 2486 1362 2513 ‚
1407 2441 1509 2501 ille
1536 2442 1698 2502 enim
1731 2464 1838 2504 nec
1883 2463 1992 2506 na-

440 2528 725 2610 vigabat,
776 2552 882 2594 nec
905 2534 1021 2594 iter
1063 2534 1362 2607 faciebat,
1401 2555 1699 2615 quaerens
1723 2583 1740 2610 ‚
1774 2557 1896 2618 quo
1926 2558 1990 2600 se

437 2623 737 2686 conferret
760 2672 776 2696 ‚
807 2647 928 2705 quo
956 2636 1181 2700 stante,
1224 2630 1354 2690 sine
1387 2630 1692 2692 domicilio
1722 2632 1836 2693 dici
1867 2652 1989 2699 uon

439 2725 704 2795 poterat,
735 2720 900 2781 etsie
930 2721 1086 2783 inter
1112 2742 1296 2803 vagos
1334 2743 1455 2786 non
1482 2734 1614 2787 erat
1639 2725 1987 2788 adscriben-

439 2809 594 2872 duS.

559 2905 692 2967 Alia
714 2927 748 2967 e
774 2916 982 2969 contra
1010 2920 1150 2972 sunt
1175 2957 1191 2984 ,
1224 2931 1381 2991 quae
1408 2913 1610 2975 afferri
1642 2923 1885 2994 possunt
1913 2914 1989 2975 ad

441 3000 815 3062 suadendum
846 3048 862 3075 ,
894 3004 1148 3066 Militem
1180 3026 1400 3087 vagum
1430 3008 1639 3080 fuisse,
1667 3029 1804 3070 cum
1827 3010 1990 3070 enim

443 3112 552 3155 nec
580 3116 814 3168 verum,
851 3119 957 3159 nec
984 3100 1156 3180 quasi
1189 3102 1561 3166 domicilium
1600 3102 1990 3166 habitationis

440 3186 712 3263 haberet,
745 3190 886 3253 licet
907 3203 1057 3256 esset
1081 3195 1143 3256 in
1172 3196 1535 3259 stationibus
1562 3197 1853 3278 hybernis
1873 3197 1988 3259 sibi

439 3281 757 3362 assignatis
798 3285 860 3346 in
914 3286 1181 3350 Dioecesi
1226 3289 1591 3354 Scardonen.
1643 3299 1705 3353 et
1748 3292 1993 3352 deberet

438 3393 673 3455 semper
700 3398 825 3440 esse
870 3388 1115 3462 paratus
1158 3384 1236 3446 ad
1282 3385 1779 3464 proficiscendum
1808 3431 1826 3460 ,
1868 3405 1990 3466 quo

438 3467 553 3528 sibi
585 3471 1074 3550 demandaretur,
1104 3485 1165 3538 et
1191 3497 1296 3557 per
1323 3478 1597 3540 accidens
1622 3489 1793 3551 esset,
1823 3479 1989 3559 quod

439 3560 503 3621 in
533 3564 712 3627 citata
755 3568 1020 3631 Dioecesi
1065 3571 1430 3633 Scardonen.
1466 3581 1808 3634 moraretur
1834 3620 1850 3647 ‚
1900 3573 1983 3634 nil

438 3656 603 3717 aliud
629 3663 963 3741 requiritur
989 3665 1065 3726 ad
1092 3666 1266 3746 plene
1289 3668 1662 3728 suadendum
1684 3687 1821 3729 eum
1850 3668 1992 3728 fuis-

437 3768 500 3810 se
529 3771 743 3832 vagum
773 3800 789 3828 ‚
823 3764 885 3817 et
906 3757 990 3819 sic
1014 3759 1274 3839 potuisse
1299 3760 1501 3821 valide
1529 3761 1985 3822 Matrimonium

439 3847 795 3910 contrahere
821 3870 1023 3913 coram
1054 3853 1296 3914 Vicario
1318 3854 1598 3917 Generali
1627 3855 1864 3926 Nonae,
1902 3855 1991 3915 uti

438 3936 609 4001 docet
647 3942 907 4004 Anaclet.
943 3947 1019 4007 ad
1049 3948 1147 4005 lib.
1183 3951 1242 4008 4.
1276 3947 1558 4009 Decretal.
1594 3952 1685 4009 tit.
1726 3954 1783 4010 3.
1829 3948 1895 4029 S.
1928 3953 1985 4008 2.

437 4032 503 4090 de
534 4035 885 4098 clandestina
908 4039 1219 4118 desponsat.
1246 4061 1405 4102 num.
1432 4045 1527 4101 94.
1558 4041 1668 4112 ibi,
1694 4061 1822 4102 cum
1843 4042 1993 4101 enim

437 4123 661 4187 Milites
692 4131 753 4188 in
785 4128 1004 4192 Castris
1027 4135 1345 4206 existentes,
1371 4155 1468 4195 nec
1491 4153 1707 4208 verum,
1732 4155 1829 4195 nec
1846 4155 1991 4213 qua-

434 4220 488 4277 si
524 4215 874 4285 domicilium
917 4227 1287 4291 habitationis
1337 4230 1575 4290 habeant
1610 4231 1790 4306 juxta
1840 4232 1992 4290 dicta

433 4332 592 4373 num.
626 4321 723 4376 86.
762 4317 923 4379 Tales
949 4330 1136 4381 autem
1164 4342 1225 4382 re
1268 4343 1397 4385 vera
1424 4334 1555 4385 sunt
1597 4326 1729 4402 raqi
1755 4371 1771 4395 ,
1804 4343 1986 4384 conse-

435 4428 607 4486 quens
631 4423 707 4471 est
735 4457 752 4484 ‚
784 4414 932 4491 quod
965 4413 1256 4477 Parochus
1290 4437 1484 4477 eorum
1510 4422 1779 4498 proprius
1806 4421 1879 4477 sit
1907 4419 1987 4477 lo·

434 4504 511 4573 ci,
544 4506 606 4562 in
633 4524 743 4584 quo
764 4526 873 4587 pro
900 4518 1139 4588 tempore
1166 4515 1446 4580 eoeistunt;
1475 4521 1534 4573 et
1564 4512 1837 4592 sequitur
1867 4511 1987 4572 Pa·

434 4600 683 4677 squaliq.
725 4602 791 4661 in
811 4607 996 4683 praxi
1016 4604 1239 4683 Jejunii
1265 4609 1432 4669 decis.
1484 4613 1614 4669 190.
1662 4628 1724 4667 n.
1756 4612 1815 4667 2.
1847 4618 1899 4667 et
1927 4610 1991 4666 in

436 4704 654 4770 quaest.
690 4697 901 4759 selectis
927 4710 1141 4777 quaest.
1181 4705 1276 4760 11.
1307 4721 1369 4761 n.
1403 4708 1460 4763 5.
1495 4713 1546 4762 et
1575 4707 1635 4763 6.
1667 4700 1777 4773 ibi,
1806 4703 1990 4780 siqui-

436 4785 557 4845 dem
576 4787 640 4845 hi
664 4807 793 4848 cum
828 4793 1050 4853 nullam
1080 4794 1320 4855 habeant
1347 4795 1531 4875 fixam
1553 4798 1872 4867 stationem,
1898 4797 1991 4855 sed

435 4877 667 4940 debeant
692 4903 902 4964 semper
919 4906 1027 4946 esse
1051 4890 1248 4966 parati
1270 4889 1346 4949 ad
1372 4890 1854 4969 proficiscendum,
1879 4909 1989 4968 quo

428 4971 733 5049 jubentur,
764 4989 814 5037 et
837 4999 940 5059 per
963 4982 1218 5041 accidens
1242 4985 1341 5055 sit,
1377 4985 1525 5060 quod
1552 4984 1655 5043 diu
1676 4993 1985 5056 morentur,

436 5066 713 5130 habentur
737 5091 846 5151 pro
888 5076 1045 5152 raqis
1069 5120 1086 5147 ‚
1122 5095 1251 5135 cum
1290 5079 1445 5137 nulli
1486 5078 1724 5137 babeant
1752 5078 1985 5137 domici-

442 5161 614 5233 lium,
650 5176 750 5226 aut
779 5179 1120 5229 constantem
1146 5171 1349 5231 sedem.
1382 5170 1990 5233 ConcordantBerta-

437 5255 748 5318 claim-voto
776 5262 1011 5323 decisivo
1045 5267 1177 5325 145.
1211 5284 1271 5324 n.
1305 5271 1364 5325 8.
1399 5264 1712 5344 Piynatell.
1744 5267 1985 5326 consult.

435 5354 537 5411 79.
563 5372 624 5412 n.
659 5358 756 5415 34.
791 5365 921 5415 tom.
954 5362 1013 5417 5.
1046 5357 1271 5438 quibus
1290 5358 1574 5420 omnibus
1601 5359 1887 5421 adhaeret
1911 5359 1984 5421 P.

439 5442 688 5509 Sebiara
716 5450 781 5509 in
824 5450 1008 5513 addit.
1039 5453 1115 5514 ad
1147 5451 1403 5533 Theotoq.
1432 5452 1716 5516 Bellicam
1743 5454 1985 5534 difficul-

2101 950 2202 1009 per
2232 931 2463 991 debeant
2491 932 2655 1009 siyna
2680 934 2836 1010 sequi
2864 931 3124 993 Militiae
3147 977 3165 1005 ,
3196 943 3246 992 et
3275 935 3360 992 ire
3387 951 3497 1011 quo
3529 933 3650 992 Du-

2100 1046 2229 1083 cum
2257 1028 2562 1103 imperium
2591 1036 2751 1105 urqet
2780 1074 2796 1096 ‚
2827 1037 2877 1087 et
2912 1026 3206 1087 Parochus
3235 1028 3340 1087 loci
3371 1072 3389 1101 ,
3419 1029 3519 1087 ubi
3545 1047 3656 1087 mo-

2100 1215 2302 1274 rocbus
2333 1259 2350 1286 ,
2410 1215 2856 1277 Matrimonium
2908 1215 3177 1275 Militum
3227 1236 3418 1278 coram
3462 1219 3656 1296 quot-is

2100 1307 2362 1370 Paracho
2389 1321 2739 1371 contractum
2759 1331 2922 1370 suam
2956 1312 3153 1372 babere
3178 1313 3553 1372 validitatem.

2224 1405 2432 1485 Neque
2461 1404 2557 1464 his
2589 1405 2864 1466 admissis
2890 1425 3105 1486 urgere
3131 1404 3338 1485 aliquo
3363 1407 3539 1466 modo
3567 1405 3658 1466 vi-

2101 1499 2288 1559 detur
2336 1502 2560 1561 Textus
2602 1499 2896 1580 allegatus
2928 1503 2992 1560 in
3036 1503 3075 1559 l.
3129 1499 3427 1580 Municeps
3465 1499 3529 1581 ff.
3579 1503 3657 1562 ad

2101 1593 2531 1674 municipalem
2550 1614 2688 1656 cum
2718 1594 2967 1656 caeteris
2991 1594 3450 1656 auctoritatibus
3473 1615 3657 1675 supra

2098 1687 2429 1767 allegatis3
2464 1690 2688 1750 Textus
2728 1689 2890 1751 enim
2944 1688 3090 1751 dicit
3136 1689 3390 1751 Militem
3437 1689 3658 1752 babere

2102 1782 2479 1844 domicilium
2511 1828 2528 1855 ‚
2562 1783 2667 1843 ubi
2695 1792 2922 1859 meret;
2964 1784 3067 1845 sed
3099 1784 3161 1844 id
3195 1783 3554 1864 intelligitur
3583 1786 3659 1845 de

2106 1876 2306 1937 Milite
2357 1876 2755 1957 praesidiario
2780 1922 2798 1952 ‚
2828 1896 2950 1938 non
2993 1878 3067 1938 de
3095 1877 3289 1939 Milite
3340 1878 3404 1939 in
3437 1880 3659 1940 Castris

2099 1969 2394 2051 hybernis
2418 2016 2435 2043 ,
2473 1990 2573 2031 seu
2619 1969 2980 2031 stationibus
3021 1971 3271 2051 degente
3298 2019 3312 2041 ,
3347 1971 3547 2051 qualis
3569 1982 3657 2033 est

2102 2064 2209 2123 ille
2234 2110 2250 2135 ,
2282 2065 2354 2123 ‹le
2378 2085 2500 2144 qno
2534 2084 2700 2126 nunc
2745 2064 2945 2145 agitur
2975 2112 2990 2133 .
3023 2067 3109 2126 uti
3148 2066 3375 2125 dictum
3399 2067 3654 2126 Textum

2103 2157 2563 2236 interpretando
2592 2205 2607 2229 ,
2640 2158 2852 2220 docent
2874 2158 3186 2237 Mansfeld.
3220 2160 3284 2218 de
3296 2160 3655 2235 jurisdictio-

2100 2273 2167 2313 ne
2191 2298 2208 2325 ‚
2242 2266 2291 2311 et
2328 2252 2475 2312 Jure
2529 2253 2792 2317 Militiae
2830 2252 3093 2332 Belyicae
3131 2265 3299 2314 tract.
3335 2257 3390 2313 1.
3435 2274 3561 2333 cap.
3595 2258 3654 2313 6.

2099 2368 2231 2427 pay.
2276 2352 2373 2408 68.
2413 2347 2611 2407 Vittos.
2644 2350 2708 2407 de
2735 2350 2907 2407 servis
2929 2350 3186 2427 suqitivis
3214 2368 3338 2427 cap.
3367 2352 3466 2408 20.
3497 2347 3561 2427 S.
3591 2353 3650 2407 2.

2097 2462 2257 2501 num.
2303 2446 2400 2502 46.
2452 2442 2540 2502 ibi
2569 2487 2585 2513 ‚
2627 2444 2721 2502 sed
2771 2441 2980 2503 Teoetus
3025 2452 3210 2502 noster
3251 2444 3655 2519 intelligendus

2100 2547 2178 2596 est
2204 2538 2268 2595 de
2293 2536 2490 2595 Milite
2513 2583 2529 2606 ,
2560 2538 2662 2614 qui
2689 2548 2766 2596 est
2799 2538 3109 2596 destinatus
3136 2547 3403 2615 perpetuo
3429 2537 3657 2597 cuidam

2098 2630 2385 2708 praesidio
2408 2673 2424 2699 ,
2459 2639 2592 2688 tunc
2627 2632 2776 2688 enim
2822 2630 3105 2689 contrahit
3145 2630 3227 2688 ibi
3263 2630 3615 2688 domicilium
3630 2652 3654 2698 ,-

2098 2732 2160 2785 et
2193 2724 2255 2784 in
2285 2723 2561 2784 terminis
2586 2722 2810 2804 pariter
2830 2723 3095 2784 Militum
3125 2721 3186 2783 in
3218 2722 3532 2802 praesidiis
3560 2724 3658 2785 de-

2099 2820 2373 2900 gentium
2420 2817 2586 2899 loqui
2643 2818 2924 2879 videntur
2963 2817 3299 2897 Vanespen.
3354 2826 3413 2878 et
3442 2818 3657 2897 Zipeus

2099 2930 2284 2991 supra
2312 2910 2499 2973 citati.

2219 3006 2307 3066 Ea
2354 3005 2633 3067 videlicet
2673 3012 3068 3067 concurrente
3102 3002 3452 3084 disparitate
3501 3002 3656 3064 inter

2102 3099 2362 3162 Militem
2407 3100 2718 3182 degentem
2745 3099 2805 3160 in
2835 3098 3196 3161 stationibus
3227 3096 3518 3180 hybernis
3542 3142 3558 3167 ‚
3588 3108 3648 3158 et

2104 3195 2368 3257 Militem
2396 3195 2856 3276 praesidiarium
2882 3241 2898 3267 ,
2929 3193 3091 3275 quod
3121 3192 3353 3273 primus
3379 3193 3651 3253 animum

2106 3311 2229 3352 non
2278 3290 2464 3352 habet
2506 3288 2898 3371 permanendi
2947 3309 3051 3368 per
3100 3289 3384 3367 majorem
3419 3294 3649 3365 partem

2096 3386 2244 3447 anni
2278 3387 2342 3447 in
2375 3385 2505 3447 loco
2529 3430 2546 3457 ,
2578 3385 2639 3445 in
2665 3403 2787 3465 quo
2814 3383 3099 3444 stationes
3118 3381 3299 3443 habet
3326 3380 3649 3462 hybernas,

2106 3481 2353 3561 quando
2394 3481 2690 3541 secundus
2717 3477 2990 3539 animum
3023 3475 3206 3538 habet
3245 3476 3310 3535 in
3357 3475 3652 3556 praesidio

2099 3575 2174 3637 ad
2207 3575 2452 3654 longum
2493 3582 2724 3653 tempus
2753 3618 2769 3646 ,
2803 3572 2897 3634 vel
2929 3572 2991 3632 in
3028 3580 3381 3651 perpetuum
3415 3589 3652 3650 perma-

2101 3668 2327 3744 nendi;
2360 3668 2738 3730 domicilium
2767 3677 2966 3729 autem
2999 3685 3119 3726 non
3148 3664 3487 3745 acquiritur
3521 3663 3653 3725 sine

2092 3763 2298 3825 animo
2324 3774 2615 3844 perpetuo
2644 3761 2958 3824 babitandi
2987 3805 3003 3833 ‚
3025 3762 3207 3838 juxta
3238 3758 3482 3820 Textum
3511 3760 3575 3818 in
3603 3760 3645 3819 l.

2097 3878 2214 3917 non
2255 3861 2452 3936 utique
2493 3860 2557 3916 in
2589 3859 2628 3918 l.
2660 3857 3009 3918 domicilium
3036 3857 3099 3915 in
3129 3857 3169 3914 l.
3211 3856 3330 3931 ejus
3355 3856 3458 3932 qui
3485 3855 3543 3915 la
3567 3872 3654 3913 se-

2099 3952 2279 4011 conda
2301 3950 2366 4032 S.
2395 3952 2705 4031 penultimo
2723 3949 2785 4030 ῙῙ.
2810 3951 2886 4011 ad
2907 3950 3332 4028 municipalem;
3352 3966 3459 4007 nec
3477 3944 3651 4026 quasi

2103 4045 2482 4106 domicilium
2511 4044 2847 4124 acquiritur
2872 4091 2889 4116 ,
2921 4043 3035 4104 nisi
3068 4048 3385 4103 concurrat
3411 4040 3652 4103 animus

2103 4137 2426 4201 habitandi
2480 4158 2584 4218 per
2615 4140 2902 4221 majorem
2931 4136 3073 4200 anni
3101 4144 3330 4216 partem
3360 4180 3378 4209 ,
3412 4136 3502 4197 uti
3543 4134 3653 4194 fir-

2099 4242 2270 4295 mant
2293 4232 2518 4294 Lessius
2547 4235 2611 4294 de
2630 4234 2887 4311 justitia,
2912 4242 2961 4294 et
2977 4234 3110 4311 jure
3138 4232 3234 4291 lib.
3260 4235 3318 4289 2.
3343 4249 3392 4291 c.
3420 4233 3519 4290 40.
3542 4230 3651 4289 du-

2100 4329 2203 4387 bit.
2241 4333 2335 4389 18.
2360 4349 2521 4389 num.
2554 4333 2686 4389 121.
2739 4328 3004 4405 Pirhinq.
3028 4327 3106 4388 ad
3135 4327 3235 4385 lib.
3262 4329 3321 4385 4.
3367 4324 3647 4385 Decretal.

2101 4425 2192 4480 tit.
2230 4427 2288 4483 3.
2323 4424 2389 4482 de
2422 4422 2795 4483 clandestina
2823 4422 3134 4500 desponsat.
3162 4419 3228 4502 S.
3277 4424 3334 4481 3.
3365 4437 3524 4478 num.
3551 4421 3646 4478 19.

2098 4517 2360 4577 Anaclet.
2398 4519 2475 4578 ad
2505 4518 2736 4578 eundem
2782 4516 2938 4575 titul.
2970 4514 3250 4576 Decretal.
3295 4512 3362 4594 S.
3392 4516 3451 4572 2.
3485 4530 3648 4571 num.

2099 4615 2201 4671 60.
2227 4609 2486 4672 Sanchez
2522 4612 2587 4670 de
2607 4609 2878 4672 Matrim.
2913 4609 3012 4668 lib.
3040 4613 3099 4669 3.
3121 4609 3334 4687 disput.
3361 4610 3458 4668 32.
3484 4623 3645 4665 num.

2101 4709 2198 4765 13.
2223 4753 2239 4775 ,
2271 4704 2518 4785 Sperell.
2551 4706 2716 4765 decis.
2742 4708 2842 4765 87.
2869 4723 3027 4762 num.
3052 4708 3111 4763 5.
3141 4748 3160 4776 ‚
3193 4701 3350 4763 Ricc.
3381 4703 3447 4760 in
3467 4701 3653 4781 praxi

2097 4800 2212 4876 sori
2234 4797 2624 4860 Ecclesiastici
2651 4798 2884 4858 resolut.
2910 4800 3049 4857 225.
3071 4807 3238 4875 parte
3262 4799 3317 4855 1.
3346 4813 3505 4854 num.
3542 4796 3601 4852 2.
3629 4837 3648 4866 ,

2097 4903 2149 4952 et
2179 4896 2237 4951 3.
2266 4892 2386 4968 fuse
2411 4936 2428 4965 ,
2459 4901 2510 4951 et
2548 4891 2751 4971 optime
2781 4888 2993 4970 Zipeus
3033 4891 3098 4949 in
3123 4891 3163 4949 l.
3209 4892 3268 4948 t.
3305 4889 3371 4949 de
3396 4884 3649 4967 Sponsa-

2094 4987 2241 5046 libus
2284 4988 2523 5045 consult.
2557 4983 2850 5045 canonica
2900 4988 2994 5044 13.
3030 5002 3192 5043 num.
3239 4986 3332 5041 12.
3366 4991 3416 5040 et
3444 4999 3596 5059 seqq.
3628 5023 3647 5051 ,

2096 5077 2422 5140 contrariis
2453 5076 2914 5159 procedentibus
2941 5075 3007 5138 in
3049 5095 3189 5137 casu
3216 5121 3234 5148 ,
3263 5075 3327 5134 in
3370 5091 3494 5154 quo
3535 5070 3651 5133 ali-

2096 5172 2236 5253 quis
2261 5217 2280 5245 ‚
2312 5171 2600 5233 derelicto
2643 5171 2841 5252 primo
2888 5169 3230 5243 domicilio,
3259 5187 3397 5229 cum
3443 5165 3649 5228 animo

2096 5267 2175 5330 ad
2223 5265 2376 5327 illud
2405 5265 2667 5346 amplius
2716 5285 2839 5326 non
2867 5264 3199 5336 redeundi,
3230 5282 3292 5325 se
3335 5263 3409 5326 ad
3453 5260 3646 5326 alium

2099 5360 2299 5422 locum
2318 5360 2626 5433 transfert,
2644 5359 2705 5419 in
2727 5359 2843 5421 hoc
2863 5360 3026 5421 enim
3053 5356 3428 5422 domicilium
3445 5354 3650 5437 acqui·

2100 5472 2237 5516 rere
2262 5459 2453 5535 potest
2475 5453 2679 5516 statim
2704 5472 2776 5516 ac
2793 5454 2880 5516 ibi
2907 5452 3118 5534 incipit
3146 5452 3421 5514 habitare
3442 5449 3648 5512 animo
