4393 6299
1906 503 2351 578 Quns‘rtosss
2391 505 2745 567 ememor.

748 660 809 725 di
830 662 1285 726 Sacramentum
1304 656 1791 725 confirmationis
1811 662 2171 725 Christianis
2205 663 2292 726 ibi
2410 685 2577 745 posse
2626 667 2943 726 Summum
2992 657 3341 726 Pontificem
3397 661 3949 730 extraordinarium

746 758 1298 829 commorantibus,
1347 757 1452 837 qui
1494 766 1558 818 ut
1609 757 1938 837 plurimum
1982 757 2113 819 sine
2140 755 2300 820 dicto

746 850 1133 915 Sacramento
1179 850 1557 924 moriuntur3
1588 852 1665 913 ab
1713 871 1783 913 ea
1832 852 2053 913 etenim
2105 852 2296 932 pluri-

745 964 913 1005 mum
944 946 1167 1007 distant
1214 945 1533 1025 Episcopi,
1568 955 1626 1007 et
1662 947 1894 1027 integro
1941 947 2122 1008 unius
2152 947 2294 1009 Sae-

745 1039 865 1100 culi
893 1037 1087 1120 spatio
1119 1059 1311 1101 unum
1342 1049 1576 1102 tantum
1609 1039 1798 1101 fertur
1827 1041 2189 1121 Episcopum
2218 1042 2294 1103 ad

745 1151 878 1193 eam
930 1131 1240 1194 accessisse
1265 1177 1282 1205 ,
1339 1133 1708 1214 appel-latum
1744 1134 2090 1196 Monterum
2117 1179 2134 1208 ‚
2184 1136 2291 1215 qui

749 1245 867 1289 non
908 1226 1038 1288 sine
1063 1226 1326 1289 evidenti
1375 1226 1533 1290 vitae
1573 1227 1923 1290 discrimine
1970 1228 2086 1290 iter
2137 1228 2289 1290 illud

743 1319 1100 1401 assumpsit,
1132 1328 1317 1402 atque
1340 1321 1584 1401 perfecit
1612 1343 1627 1383 ε
1653 1342 1918 1403 cumque
1939 1342 1973 1384 a
2002 1323 2292 1385 Sanctita-

748 1423 806 1475 te
833 1433 940 1475 sua
967 1413 1197 1476 fuerint
1226 1434 1426 1494 preces
1461 1416 1535 1478 ad
1567 1417 1721 1478 hanc
1750 1416 1998 1478 Sacram
2027 1415 2290 1497 Congre-

737 1507 1040 1589 gationem
1093 1510 1377 1574 remissae
1398 1557 1415 1583 ‚
1462 1511 1777 1591 quaeritur
1824 1510 1886 1571 in
1945 1512 2241 1591 praesenti
2268 1559 2286 1582 ,

742 1621 823 1663 an
844 1651 863 1676 ,
888 1609 948 1665 et
972 1605 1275 1685 quomodo
1300 1605 1379 1667 sit
1408 1606 1685 1686 precibus
1707 1605 2124 1667 annuendum.

854 1696 1044 1759 Porro
1084 1698 1377 1761 nonnulla
1424 1700 1706 1760 videntur
1740 1700 2107 1761 adnotanda.
2156 1700 2288 1762 Pri·

739 1809 906 1851 mum
930 1800 1058 1866 est,
1087 1793 1403 1854 Summum
1453 1793 1799 1855 Pontificem
1835 1813 2002 1874 posse
2027 1793 2284 1874 simplici

737 1879 1040 1948 Sacerdoti
1060 1888 1433 1951 committere
1453 1887 1800 1949 facultatem
1819 1887 2165 1950 conferendi
2187 1888 2289 1950 Sa-

735 1990 1107 2042 cramentum
1138 1980 1628 2044 Confirmationis
1661 1982 1721 2043 in
1754 1982 2061 2064 aliquibus
2094 1981 2241 2044 locis
2266 2029 2285 2057 ,

737 2075 823 2136 uti
852 2074 1155 2156 colligitur
1190 2096 1265 2137 ex
1307 2078 1406 2137 lib.
1441 2083 1497 2138 3.
1549 2079 1710 2156 epist.
1753 2081 1850 2138 26.
1903 2075 1973 2137 S.
2027 2075 2290 2155 Greqorii

738 2166 928 2248 Papae
955 2168 1032 2229 ad
1060 2168 1419 2232 Ianuarium
1462 2170 1805 2252 Episcopum
1834 2168 2243 2232 calaritanum
2268 2215 2285 2241 ,

735 2263 906 2343 cujus
938 2264 1124 2326 verba
1171 2264 1518 2326 referuntur
1548 2261 1608 2326 in
1655 2265 1802 2327 Can.
1850 2267 2099 2345 pervenit
2151 2267 2284 2325 dist.

736 2361 832 2416 95.
867 2355 952 2418 ibi
983 2377 998 2416 ε
1021 2361 1273 2439 pervenit
1297 2379 1515 2439 quoque
1547 2361 1624 2421 ad
1649 2380 1748 2420 nos
1779 2407 1796 2431 ‚
1827 2360 2096 2438 quosdam
2125 2378 2294 2420 scan-

731 2450 1011 2512 dalizatos
1038 2452 1237 2530 fuisse,
1268 2454 1415 2532 quod
1443 2453 1797 2535 presbyteros
1823 2452 2143 2515 chrismate
2168 2464 2290 2513 tan-

727 2563 852 2623 qere
876 2547 941 2604 in
959 2545 1144 2622 fronte
1166 2567 1252 2608 eos
1277 2592 1294 2632 ,⁹
1324 2549 1426 2627 qui
1469 2549 1750 2628 baptizati
1794 2556 1962 2617 sunt,
1993 2547 2286 2627 prohibui-

727 2658 853 2698 mus
864 2660 888 2707 ,·
922 2639 1002 2700 Ee
1025 2660 1124 2701 nos
1158 2642 1380 2720 quidem
1403 2643 1707 2704 secundum
1724 2659 1888 2701 usum
1919 2651 2151 2701 veterem
2182 2640 2290 2701 Ec-

730 2734 927 2794 clesiae
955 2745 1176 2796 nostrae
1207 2736 1435 2811 fecimus
1462 2778 1479 2795 .
1514 2734 1628 2796 Sed
1656 2738 1706 2794 si
1731 2736 1959 2796 omnino
1987 2736 2091 2796 hac
2126 2735 2190 2794 de
2231 2753 2291 2794 re

729 2828 918 2906 aliqui
961 2830 1377 2890 contristantur
1405 2877 1421 2900 ‚
1465 2831 1565 2890 ubi
1614 2829 1886 2909 Episcopi
1933 2830 2172 2898 desunt,
2224 2837 2289 2888 ut

731 2919 1056 3001 Presbyteri
1072 2925 1243 2984 etiam
1265 2926 1328 2983 in
1345 2925 1625 3002 frontibus
1654 2925 1968 3004 baptizatos
2005 2921 2291 2984 Chrisma-

731 3024 783 3075 te
809 3026 1035 3095 tanqere
1060 3018 1289 3079 debeant
1316 3065 1332 3089 ,
1365 3020 1735 3079 concedimus.

847 3111 939 3173 Ad
966 3110 1078 3174 hoc
1103 3111 1166 3174 S.
1201 3112 1474 3195 Gregorii
1503 3110 1727 3174 factum
1757 3111 2094 3192 respexisse
2117 3110 2285 3172 vide·

730 3211 832 3267 tur
872 3206 1177 3288 Eugenius
1219 3207 1327 3268 tv.
1378 3207 1440 3268 in
1470 3207 1741 3269 Concilio
1785 3205 2140 3268 Florentino
2167 3251 2182 3278 ‚
2223 3205 2286 3265 in

731 3318 852 3379 quo
886 3300 1032 3362 baec
1052 3300 1376 3375 babentur3
1403 3303 1611 3381 leqitur
1639 3311 1824 3363 tamen
1846 3301 2159 3380 aliquando
2186 3321 2290 3379 per

730 3393 894 3455 Sedis
915 3394 1263 3474 Apostolicae
1284 3396 1757 3476 dispensationem
1786 3415 1860 3457 ex
1900 3397 2239 3457 rationabili
2271 3443 2288 3465 ‚

729 3497 780 3548 et
805 3492 1031 3567 urqenti
1058 3491 1359 3551 admodum
1387 3511 1560 3553 eausa
1588 3493 1900 3571 simplicem
1924 3490 2287 3552 Sacerdotem

734 3579 1051 3643 Chrismate
1091 3604 1190 3663 per
1210 3584 1559 3664 Episcopum
1585 3585 1831 3662 consecto
1860 3631 1877 3656 ‚
1912 3583 2010 3645 boc
2038 3585 2291 3645 admini-

728 3685 932 3738 strasse
960 3677 1418 3759 Confirmationis
1452 3676 1915 3740 Sacramentum.
1952 3677 2290 3740 Concordat

732 3769 802 3832 S.
850 3770 1084 3834 Thomas
1122 3777 1179 3834 3.
1218 3791 1353 3854 par.
1379 3784 1596 3852 quaest.
1629 3777 1735 3834 ⁷2.
1776 3784 1894 3834 art.
1929 3776 2024 3833 11.
2063 3773 2139 3834 ad
2166 3774 2290 3853 pri-

730 3886 886 3926 mum
913 3864 1040 3927 ibi:
1086 3866 1248 3948 Papa
1281 3870 1345 3927 in
1376 3867 1632 3929 Ecclesia
1676 3868 1839 3930 habet
1876 3869 2291 3948 plenitudinem

730 3962 1017 4040 potestatis
1039 4008 1056 4032 ,
1079 3979 1153 4022 ex
1176 3982 1291 4040 qua
1310 3971 1485 4042 potest
1505 3963 1789 4040 quaedam
1814 4007 1831 4035 ,
1858 3980 2001 4039 quae
2024 3972 2154 4021 sunt
2195 3982 2293 4022 su-

725 4056 1015 4135 periorum
1043 4054 1332 4116 Ordinum
1361 4101 1377 4127 ,
1408 4058 1744 4117 committere
1774 4056 2117 4136 quibusdam
2147 4057 2294 4134 inse-

732 4149 979 4208 rioribus
1008 4193 1025 4220 ,
1074 4146 1221 4209 sicut
1273 4151 1608 4228 quibusdam
1655 4149 2004 4229 Presbyteris
2048 4151 2294 4211 concedit

733 4243 979 4321 conferre
1001 4242 1256 4304 Minores
1288 4245 1508 4303 ordines
1527 4289 1545 4317 ‚
1585 4246 1732 4322 quod
1748 4246 1993 4323 pertinet
2036 4244 2112 4304 ad
2138 4254 2290 4323 pote-

733 4345 932 4397 statem
975 4336 1362 4417 Episcopalem
1393 4385 1407 4407 ,
1436 4348 1485 4397 et
1510 4356 1584 4398 ex
1625 4340 1729 4398 hac
1752 4340 2109 4417 plenitudine
2137 4351 2288 4418 pote-

731 4432 897 4493 statis
920 4433 1178 4492 concessit
1206 4430 1277 4491 B.
1313 4428 1622 4510 Greqorius
1652 4431 1812 4512 Papa
1841 4480 1856 4501 ,
1882 4434 2032 4511 quod
2062 4435 2287 4513 simpli-

734 4546 818 4586 ces
836 4527 1139 4588 sacerdotes
1157 4527 1255 4587 boc
1274 4524 1709 4587 Sacramentum
1728 4528 2063 4604 conferrent,
2085 4547 2286 4606 quam-

735 4621 839 4682 diu
864 4623 1196 4683 scandalum
1222 4623 1532 4681 tolleretur.

852 4715 1139 4795 Adeoque
1172 4715 1236 4775 in
1269 4715 1331 4776 S.
1363 4714 1542 4776 Conc.
1587 4715 1755 4776 Trid.
1788 4735 1916 4776 sess.
1950 4721 2008 4775 7.
2038 4717 2103 4778 de
2132 4714 2285 4777 Con-

734 4809 827 4888 fir.
856 4807 1003 4870 Can.
1026 4816 1084 4871 3.
1106 4808 1432 4872 anathema
1458 4808 1681 4870 dictum
1704 4828 1830 4869 esse
1854 4809 2279 4880 asserentibus,

734 4900 928 4963 solum
956 4902 1317 4982 Episcopum
1357 4920 1474 4962 non
1503 4921 1628 4963 esse
1662 4901 2057 4963 Ordinarium
2097 4902 2281 4963 Mini-

732 5005 926 5059 strum
960 4995 1328 5058 Sacramenti
1359 4994 1887 5057 Confirmationis:
1935 4998 1987 5054 si
2024 4998 2150 5074 quis
2194 4998 2283 5057 di·

733 5092 888 5150 xerit
917 5088 986 5150 S.
1021 5088 1482 5170 confirmationis
1520 5085 1901 5149 Ordinarium
1938 5087 2285 5150 Ministrum

735 5202 850 5242 non
874 5203 982 5244 esse
1003 5185 1184 5244 solum
1207 5182 1571 5263 Episcopum,
1599 5183 1693 5242 sed
1714 5184 1961 5260 quemvis
1979 5184 2287 5262 simplicem

740 5275 1121 5349 Sacerdotem,
1143 5278 1445 5339 anathema
1477 5279 1574 5348 sit,
1609 5281 1674 5336 ut
1701 5274 1977 5338 videlicet
2004 5276 2193 5351 salva,
2226 5285 2285 5338 et

741 5371 975 5451 integra
1000 5380 1152 5433 esset
1179 5370 1385 5452 opinio
1416 5371 1553 5433 Divi
1584 5369 1857 5431 Thomae
1881 5415 1898 5443 ,
1928 5381 1989 5432 et
2020 5369 2285 5432 aliorum

741 5464 942 5545 magni
976 5463 1237 5527 nominis
1271 5463 1713 5545 Theologorum
1738 5511 1757 5536 ,
1809 5462 1918 5545 qui
1972 5473 2288 5529 senserunt

2405 758 2762 820 constituere
2806 756 3152 818 Ministrum
3198 757 3567 819 Sacramenti
3610 758 3948 823 Confirma⁶

2407 852 2585 913 tionis
2621 851 2801 913 ctiam
2840 851 3171 930 simplicem
3202 851 3577 912 Sacerdotem
3601 897 3616 923 ‚
3654 854 3738 914 uti
3773 851 3948 933 plene

2403 946 2661 1007 refertur
2719 946 2778 1006 in
2818 944 2957 1006 hist.
3004 944 3182 1006 Cone.
3218 945 3385 1006 Trid.
3417 945 3637 1026 scripta
3682 966 3717 1009 a
3764 947 3942 1009 Card.

2408 1039 2771 1102 pallavicino
2797 1041 2894 1100 lib.
2928 1045 2985 1101 9.
3014 1061 3063 1101 c.
3099 1041 3156 1102 7.
3189 1061 3249 1099 n.
3288 1046 3381 1102 10.
3411 1050 3462 1100 et
3481 1062 3628 1120 seqq.

2520 1134 2862 1195 Secundum
2893 1146 3025 1207 est,
3058 1154 3177 1196 non
3220 1136 3419 1197 deesse
3464 1134 3735 1216 exempla
3761 1135 3950 1197 consi·

2403 1228 2636 1290 milium
2661 1229 3133 1292 concessionum.
3167 1229 3237 1291 [n
3257 1229 3580 1292 annalibus
3597 1230 3817 1292 etenim
3839 1230 3950 1292 Mb

2403 1345 2617 1385 norum
2637 1325 2874 1406 scriptis
2900 1345 2932 1386 a
2956 1323 3141 1386 fratre
3159 1320 3318 1389 Luca
3339 1324 3668 1406 Wadingo,
3696 1324 3948 1386 Privile-

2396 1417 2493 1498 gia
2533 1417 2879 1481 referuntur
2913 1438 3182 1480 concessa
3211 1437 3247 1479 a
3269 1416 3535 1479 Summis
3557 1415 3949 1479 Pontificibus

2395 1512 2624 1575 Joanne
2639 1513 2843 1574 xxtt.
2860 1512 3102 1574 Nicolao
3119 1514 3226 1574 IV.
3245 1511 3634 1593 EugenioIV.
3654 1512 3849 1573 Leone
3862 1512 3943 1573 X.

2396 1616 2454 1668 et
2477 1607 2744 1668 Adriano
2782 1608 2889 1669 vl.
2918 1607 3233 1687 praedictis
3270 1606 3584 1669 Fratribus
3610 1605 3949 1668 Minoribus

2394 1700 2810 1761 accedentibus
2820 1701 2893 1761 sd
2909 1708 3105 1781 partes
3115 1699 3397 1772 Orientis,
3415 1708 3474 1761 et
3487 1697 3945 1778 Septentrionis,

2398 1793 2501 1854 ubi
2533 1785 2652 1856 n'on
2677 1795 3059 1874 reperiuntur
3080 1793 3379 1874 Episcopi,
3405 1794 3492 1854 uti
3522 1792 3673 1854 bene
3702 1791 3948 1854 adnota-

2400 1888 2670 1951 vitCard.
2701 1888 3104 1952 Pallavicinus
3136 1891 3241 1950 l.c.
3270 1888 3845 1970 DeGregorioXIII.
3870 1896 3950 1949 te-

2396 1992 2630 2045 stantur
2652 1985 2939 2046 Auctores
2963 1983 3142 2045 fuisse
3171 1985 3248 2046 ab
3279 2002 3350 2045 eo
3373 1983 3436 2043 in
3462 1982 3781 2044 Provincia
3809 1983 3951 2044 Bra·

2399 2077 2570 2139 siliae
2601 2096 2934 2140 concessam
2988 2077 3330 2140 facultatem
3360 2124 3377 2148 ,
3426 2084 3494 2137 ut
3529 2075 3609 2138 ob
3653 2075 3949 2138 desectum

2398 2171 2672 2251 Episcopi
2698 2172 2983 2233 Sacerdos
3008 2170 3343 2234 Saecularis
3379 2178 3575 2250 posset
3598 2170 3949 2231 Sacramen-

2398 2273 2526 2325 tum
2587 2262 3074 2327 Confirmationis
3140 2263 3568 2326 administrare
3596 2283 3611 2322 e
3663 2262 3844 2323 Card.
3886 2263 3953 2323 de

2398 2356 2558 2436 Luqo
2594 2378 2834 2438 respons.
2877 2354 3098 2418 Moral.
3148 2359 3246 2417 lib.
3302 2362 3356 2418 1.
3383 2357 3515 2417 dub.
3570 2361 3626 2417 6.
3668 2376 3827 2416 num.
3884 2360 3944 2417 7.

2402 2450 2580 2513 Card.
2608 2452 2859 2512 Albitius
2876 2453 2939 2512 de
2960 2455 3197 2514 inconst.
3233 2456 3318 2512 in.
3352 2453 3450 2534 fid.
3481 2450 3626 2531 Cap.
3656 2456 3750 2511 30.
3787 2470 3945 2511 num.

2398 2552 2534 2609 355.
2568 2546 2764 2609 Diana
2790 2549 2854 2609 in
2884 2548 3021 2608 edit.
3054 2549 3240 2608 coord.
3293 2557 3428 2608 tom.
3480 2551 3538 2606 3.
3572 2554 3740 2606 tract.
3775 2549 3827 2604 1.
3854 2564 3947 2606 re-

2394 2642 2563 2701 solut.
2591 2644 2685 2702 11.
2717 2661 2874 2701 num.
2909 2647 2966 2702 6.
3007 2649 3062 2702 et
3087 2641 3297 2702 Petrus
3317 2638 3614 2702 Arcudius
3640 2638 3738 2698 lib.
3764 2642 3823 2698 2.
3849 2633 3955 2716 qui

2396 2745 2472 2796 est
2491 2736 2555 2797 de
2581 2733 2793 2817 Confir.
2826 2756 2951 2815 cap.
2985 2740 3080 2796 15.
3110 2734 3183 2796 de
3205 2733 3324 2796 alia
3346 2733 3616 2796 Concess.
3644 2731 3798 2793 facta
3829 2730 3943 2793 PP.

2395 2829 2641 2891 Jesuitis
2687 2838 2987 2892 testatur:
3019 2849 3115 2890 nec
3153 2830 3450 2907 defuerunt
3495 2828 3605 2888 alii
3646 2824 3948 2906 Pontifices

2394 2927 2530 3005 pari
2564 2935 2827 3006 potestate
2853 2924 3103 3005 praediti
3132 2971 3149 2995 ,
3175 2925 3279 3003 qui
3307 2924 3410 2984 bac
3438 2933 3627 2982 nostra
3662 2931 3844 2983 aetate
3882 2920 3950 2979 ob

2391 3020 2692 3098 penuriam
2726 3017 3133 3098 Episcoporum
3168 3017 3412 3078 eamdem
3444 3017 3773 3093 facultatem
3808 3032 3951 3094 pau·

2397 3114 2633 3173 cissimis
2678 3111 3016 3189 quibusdam
3074 3108 3226 3172 Viris
3268 3109 3602 3191 Apostolicis
3627 3158 3644 3180 ‚
3692 3108 3950 3189 spectatis

2402 3205 2525 3266 PP.
2560 3205 2860 3267 Societatis
2888 3204 3027 3265 Iesu
3053 3216 3431 3266 concesserunt
3463 3252 3479 3274 ,
3515 3214 3578 3263 ut
3624 3202 3949 3281 Reliqiosis·

2397 3302 2571 3359 simus
2617 3299 2690 3360 Ρ.
2728 3297 3047 3359 Ludovicus
3075 3298 3315 3360 Fonseca
3348 3299 3493 3357 mihi
3524 3307 3776 3357 oretenus
3801 3306 3951 3356 retu-

2400 3398 2467 3456 lit
2494 3441 2511 3469 ,
2539 3395 2924 3475 praesentibus
2967 3412 3181 3472 quoque
3205 3395 3342 3455 aliis
3374 3390 3677 3472 Gymnasii
3704 3388 3950 3451 Graeco·

2399 3509 2531 3550 rum
2578 3491 2643 3549 in
2697 3488 2843 3550 Urbe
2889 3489 3155 3549 Alumnis
3185 3535 3201 3559 ,
3238 3490 3493 3567 quicum
3541 3505 3615 3548 ea:
3658 3485 3952 3547 Brasilica

2397 3604 2500 3647 ora
2556 3585 2851 3654 solvisset,
2894 3603 2963 3645 ac
3005 3584 3242 3644 Romam
3298 3584 3374 3642 ad
3421 3579 3750 3642 Generalem
3796 3577 3950 3641 Con-

2400 3690 2624 3740 centum
2645 3699 2796 3739 anno
2817 3677 3052 3737 Domini
3087 3681 3259 3738 1593.
3293 3678 3522 3736 venisset
3546 3694 3777 3735 munere
3803 3673 3948 3734 Pro-

2400 3777 2683 3835 curatoris
2736 3774 2899 3833 illius
2952 3771 3287 3831 Provinciae
3336 3771 3563 3847 [unctus
3605 3779 3703 3830 est.
3747 3767 3951 3846 Ajebat

2401 3888 2600 3948 porro,
2631 3888 2696 3929 ac
2738 3886 2842 3947 pro
2867 3877 3014 3927 certo
3042 3865 3358 3944 affirmabat
3405 3884 3460 3925 se
3492 3865 3720 3923 solitum
3749 3883 3855 3923 esse
3883 3865 3948 3922 in

2399 3964 2520 4023 illis
2568 3962 2825 4042 partibus
2874 3962 2971 4021 hoc
3015 3958 3450 4020 Sacramentum
3499 3959 3902 4018 administrare
3924 4005 3945 4030 ,

2400 4057 2586 4133 ibique
2626 4055 2794 4134 hujus
2824 4053 3183 4114 auctoritatis
3229 4071 3505 4111 concessae
3534 4052 3815 4111 asserrari
3844 4050 3951 4111 Di·-

2400 4152 2587 4230 ploma
2620 4149 2958 4228 Pontificis,·
3007 4154 3065 4207 et
3091 4145 3226 4206 aliis
3274 4145 3510 4205 tandem
3539 4143 3769 4207 omissis
3795 4145 3950 4206 San·

2401 4244 2696 4306 ctissimus
2723 4245 2796 4304 D.
2846 4243 2919 4302 N.
2959 4260 3118 4302 anno
3150 4240 3469 4320 praeterito
3498 4260 3603 4321 per
3630 4258 3768 4301 suas
3798 4238 3950 4301 litte-

2402 4359 2499 4400 ras
2553 4336 2920 4416 Apostolicas
2971 4336 3031 4396 in
3083 4334 3274 4397 forma
3326 4334 3536 4396 Brevis
3576 4333 3829 4394 indulsit
3876 4334 3942 4394 P.

2400 4432 2750 4496 Guardiano
2790 4433 3011 4492 Terrae
3065 4429 3315 4490 Sanctae
3339 4474 3357 4502 ‚
3386 4437 3454 4489 ut
3497 4429 3947 4491 Sacramentum

2397 4524 2884 4589 confirmationis
2910 4523 3334 4585 administrare
3359 4534 3574 4602 posset.

2501 4619 2772 4681 Tertium
2794 4628 2903 4690 est,
2929 4637 3206 4699 magnam
3223 4661 3241 4690 ,
3263 4625 3321 4679 et
3346 4626 3656 4697 urgentem
3678 4635 3943 4689 causam,

2395 4712 2533 4776 licet
2580 4733 2696 4775 non
2730 4712 3112 4793 simpliciter,
3145 4721 3204 4773 et
3239 4710 3511 4773 absolute
3553 4710 3945 4772 necessariam

2396 4807 2457 4867 in
2491 4807 2836 4889 hujusmodi
2871 4804 3349 4867 concessionibus
3389 4802 3654 4885 requiri;
3683 4811 3741 4865 et
3770 4802 3833 4863 in
3871 4820 3946 4864 eo

2395 4902 2664 4981 quidem,
2691 4901 2851 4982 quod
2875 4900 3088 4962 attinet
3111 4900 3185 4961 ad
3212 4917 3488 4979 magnam
3505 4943 3520 4969 ,
3547 4906 3604 4959 et
3629 4906 3944 4979 urgentem

2395 5015 2632 5057 causam
2653 5041 2669 5067 ,
2701 4994 2760 5056 id
2791 4995 3125 5056 desumitur
3151 5014 3224 5054 ex
3254 4991 3511 5073 allegato
3544 4994 3793 5054 Decreta
3818 4993 3945 5052 Eu-

2393 5091 2553 5170 genii
2589 5090 2694 5151 tv.
2729 5097 2787 5150 et
2828 5097 3244 5170 praeterquam
3293 5086 3455 5166 quod
3496 5085 3697 5166 agitur
3734 5085 3809 5147 de
3848 5084 3944 5145 di·

2395 5182 2801 5263 spensationc,
2846 5190 2902 5242 et
2944 5181 3139 5241 omnis
3167 5178 3526 5259 dispensatio
3568 5196 3808 5239 causam
3837 5196 3946 5239 ex·

2396 5276 2619 5356 poscit3
2648 5294 2786 5337 cum
2816 5273 3087 5337 Christus
3112 5273 3403 5334 Dominus
3429 5270 3721 5343 voluerit,
3746 5270 3944 5332 solum

2394 5370 2755 5451 Episcopum
2784 5388 2908 5431 esse
2943 5367 3335 5430 Ordinarium
3364 5364 3545 5448 hujus
3571 5363 3943 5426 Sacramenti

2396 5462 2780 5536 Ministrum,
2822 5461 2964 5525 hinc
2999 5460 3256 5524 infertur
3297 5478 3417 5523 non
3461 5474 3586 5521 esse
3615 5457 3805 5521 alium
3837 5477 3944 5520 ex-
