4393 6299
1758 496 2218 567 QuAEsrto
2278 498 2382 551 cr..

3363 496 3462 549 17¹

442 652 639 726 questa
666 645 844 708 tacita
872 646 1230 719 conditione,
1256 646 1352 710 che
1376 665 1490 710 non
1527 650 1637 710 asti
1662 651 1867 712 alcuna
1897 650 1992 712 de-
2099 659 2231 714 tum
2273 650 2525 712 omnino
2566 647 2972 711 miserabilem
2995 694 3013 722 ,
3048 667 3186 710 cum
3213 665 3286 709 ex
3316 666 3440 711 una
3480 654 3649 727 parts

444 742 525 818 9?
547 741 930 821 impedimenti
958 744 1270 804 accennati.

567 833 783 908 Quoad
839 834 1289 915 suspensionem
1313 881 1331 910 ,
1389 835 1665 898 incursus
1713 836 1777 898 in
1825 836 1997 899 illam

448 925 787 988 desumitur
813 946 889 988 ex
919 927 1200 991 nullitate
1230 928 1613 1008 professionis
1640 929 1994 1008 Religiosae,

446 1029 712 1083 cessante
735 1021 958 1082 etenim
988 1022 1117 1103 ejus
1146 1021 1456 1084 validitate
1482 1068 1499 1096 ,
1532 1022 1751 1085 Orator
1780 1022 1896 1086 fuit
1916 1022 1996 1084 si-

448 1135 526 1177 ne
555 1114 732 1177 titulo
760 1115 835 1177 ad
875 1115 1089 1178 Sacros
1130 1115 1390 1179 Ordines
1430 1126 1741 1197 promotus
1765 1162 1783 1190 ,
1815 1126 1872 1179 et
1915 1117 2001 1179 sic

449 1227 771 1290 suspensus
806 1210 1114 1273 remansit.

472 1319 475 1326 ·
564 1303 811 1382 Absque
847 1322 919 1364 eo
960 1304 1124 1382 quod
1156 1304 1490 1385 quidquam
1538 1303 1805 1377 referat,
1836 1303 2000 1383 quod

445 1398 624 1480 juxta
653 1399 838 1478 hujus
860 1398 1077 1461 Sacrae
1103 1398 1597 1480 Congregationis
1618 1398 1997 1471 sententiam,

445 1491 760 1572 dispositio
799 1493 967 1554 Sacri
1019 1492 1274 1555 Concilii
1320 1493 1658 1554 Tridentini
1699 1492 1850 1555 Sess.
1896 1495 1994 1552 21.

444 1605 569 1665 cap.
609 1590 668 1645 2.
715 1587 780 1645 dc
822 1586 1071 1664 Reform.
1106 1586 1167 1646 in
1193 1604 1316 1666 qua
1352 1585 1639 1647 adversus
1675 1584 2002 1646 Ordinatos

444 1679 575 1740 sine
599 1679 775 1741 titulo
808 1678 1182 1741 innovantur
1216 1698 1444 1759 poenae
1474 1680 1867 1759 antiquorum
1887 1679 2000 1741 Ca-

448 1791 677 1834 nonum
703 1819 719 1846 ,
753 1792 873 1835 non
908 1785 998 1836 est
1037 1773 1428 1854 intelligenda
1449 1821 1466 1847 ,
1498 1774 1697 1854 quoad
1731 1773 2002 1834 Canones

448 1885 485 1929 a
527 1866 818 1931 Gratiano
860 1868 1079 1930 relatos
1121 1872 1186 1928 in
1224 1869 1452 1932 Conone
1492 1870 1767 1928 neminem
1791 1915 1806 1937 ,
1841 1877 1892 1928 et
1935 1868 1999 1924 in

453 1959 683 2023 Conone
712 1963 1054 2026 Sanctorum
1086 1965 1219 2023 dist.
1246 1968 1347 2024 70.
1384 1963 1448 2025 in
1478 1963 1704 2044 quibus
1723 1960 1807 2022 sic
1832 1958 1997 2021 ordi-

455 2056 616 2118 natis
645 2055 981 2137 imponitur
1026 2077 1215 2138 poena
1242 2057 1686 2138 suspensionis,
1723 2055 1823 2116 sed
1865 2063 1998 2116 tan-

452 2157 579 2211 tum
607 2198 624 2222 ,
655 2151 851 2232 quoad
897 2151 1265 2213 Decretalem
1320 2151 1655 2214 Innocentii
1700 2148 1886 2211 Tertii
1934 2147 1999 2208 in

456 2240 600 2325 Cap.
638 2264 766 2306 cum
794 2248 1097 2307 secundum
1123 2247 1187 2307 de
1216 2246 1559 2308 Praebendis
1584 2293 1599 2314 ,
1636 2256 1687 2305 et
1730 2244 2001 2322 Diqnita-

460 2339 606 2398 tibus
629 2387 646 2409 ,
686 2338 749 2399 in
791 2358 912 2418 qua
962 2339 1306 2401 decernitur
1331 2386 1348 2412 ,
1381 2339 1546 2419 quod
1595 2337 1890 2399 Ordinato
1925 2334 2004 2414 and

452 2431 660 2494 Sacros
682 2433 942 2495 Ordines
972 2434 1102 2495 sine
1128 2433 1304 2495 titulo
1326 2479 1343 2507 ,
1373 2434 1703 2513 Episcopus
1724 2477 1739 2503 ,
1774 2431 1879 2512 qui
1902 2449 2005 2490 or-

452 2526 686 2588 dinavit
713 2575 729 2598 ,
762 2537 871 2589 aut
896 2530 1027 2610 ejus
1064 2528 1125 2589 in
1150 2529 1507 2608 Episcopatu
1530 2527 1842 2589 Successor
1864 2570 1881 2598 ,
1915 2533 2004 2585 te-

450 2629 627 2680 netur
660 2620 723 2681 in
775 2621 1123 2682 necessariis
1166 2622 1480 2700 providere
1505 2638 1821 2699 usquequo
1861 2618 2004 2679 titu-

452 2711 578 2773 lum
620 2713 928 2788 obtineat3
964 2715 1258 2776 sententia
1307 2714 1452 2775 baec
1478 2713 1776 2792 siquidem
1824 2711 2009 2792 hujus

452 2807 668 2869 Sacrae
694 2808 1187 2890 Congregationis
1233 2827 1352 2870 non
1396 2808 1662 2888 procedit
1683 2808 1881 2887 quoad
1930 2804 2007 2866 il·

454 2900 583 2974 los,
630 2903 735 2982 qui
769 2903 1125 2984 Episcopum
1169 2904 1551 2966 ordinantem
1597 2902 2005 2982 deceperunt,

452 2997 819 3058 ostendendo
847 3017 911 3059 se
932 2998 1158 3060 habere
1186 2998 1436 3061 titulum
1460 3015 1796 3078 congruum
1820 3014 2011 3077 quan·

454 3089 534 3152 do
565 3111 690 3153 non
723 3090 1069 3166 habebant3
1099 3112 1234 3155 cum
1280 3093 1341 3154 in
1385 3093 1500 3155 hac
1535 3092 1673 3155 facti
1711 3088 1906 3173 specie
1926 3089 2011 3151 sic

454 3186 735 3248 Ordinati
790 3187 971 3250 etiam
1027 3196 1157 3268 post
1197 3188 1536 3250 Concilium
1587 3185 2009 3249 Tridentinum

456 3290 823 3344 remaneant
853 3284 1120 3364 suspensi
1148 3331 1163 3352 ,
1195 3284 1282 3344 uti
1314 3285 1484 3345 docte
1517 3283 1591 3343 de
1626 3301 1793 3343 more
1813 3288 2012 3341 osten-

456 3375 545 3435 dit
572 3374 832 3453 Faqnan.
863 3379 929 3436 in
974 3374 1118 3456 Cap.
1159 3397 1286 3436 cum
1310 3378 1609 3436 secundum
1641 3397 1678 3437 a
1715 3396 1874 3434 num.
1909 3378 2005 3434 63.

460 3489 634 3548 usque
662 3473 737 3532 ad
766 3472 933 3552 finem
977 3473 1042 3531 de
1078 3470 1419 3531 Praebendis
1449 3518 1463 3540 ,
1497 3482 1548 3530 et
1576 3470 1964 3549 Diqnitatibus
1995 3516 2010 3538 ,

463 3564 538 3625 de
560 3566 731 3646 qu'us
752 3565 1237 3627 circumstantiae
1254 3568 1595 3626 interventu
1628 3584 1747 3624 non
1773 3563 2012 3625 videtur

473 3656 573 3719 bic
597 3707 613 3729 ,
643 3668 703 3720 et
731 3679 898 3720 nunc
942 3659 1206 3720 dubitari
1258 3678 1426 3738 posse
1453 3705 1469 3732 ,
1501 3679 1637 3719 cum
1687 3658 2014 3737 Episcopus

467 3751 772 3815 Ordinans
812 3754 1193 3833 supposuerit
1219 3754 1534 3815 Oratorem
1563 3771 1689 3813 esse
1718 3771 1858 3812 vere
1880 3770 2016 3830 pro-

463 3846 686 3909 fessum
711 3894 728 3921 ,
768 3857 826 3910 et
854 3848 1074 3910 Orator
1118 3849 1246 3929 ipse
1283 3848 1347 3908 in
1396 3847 1677 3927 precibus
1700 3845 2013 3908 Sanctissi-

465 3960 565 4003 mo
615 3941 874 4003 Domino
905 3941 1122 4003 Nostro
1169 3939 1455 4002 exhibitis
1484 3940 1745 4022 ingenue
1782 3938 2009 4000 confes-

468 4052 570 4095 sus
613 4034 732 4107 sit,
765 4054 829 4095 se
854 4034 1093 4095 scivisse
1115 4078 1131 4107 ,
1165 4043 1226 4095 et
1272 4053 1336 4094 se
1362 4052 1397 4094 a
1425 4032 1549 4095 suis
1592 4031 2012 4112 condiscipulis

467 4127 770 4189 audivisse
796 4172 812 4200 ,
865 4128 1025 4206 quod
1060 4126 1362 4188 reticendo
1408 4125 1711 4205 praeviam
1753 4124 2014 4187 Habitus

466 4219 720 4283 alterius
774 4220 1109 4301 Religionis
1151 4220 1616 4300 assumptionem
1642 4264 1660 4292 ,
1689 4219 2014 4281 emissurus

466 4322 616 4374 esset
646 4312 1069 4393 professionem
1091 4311 1388 4373 nullitatis
1418 4312 1565 4373 vitio
1595 4312 1965 4373 laborantem
1993 4332 2010 4372 :

470 4407 668 4467 bench&
691 4427 901 4489 sapesso
918 4427 1021 4488 per
1042 4409 1231 4469 arerlo
1255 4410 1429 4468 inteso
1455 4408 1550 4469 da'
1568 4410 1692 4467 suoi
1718 4404 2011 4467 condisce·

459 4504 582 4585 poli
601 4550 616 4572 ,
650 4504 745 4563 che
771 4504 1097 4581 qualunque
1122 4522 1301 4563 ncesse
1327 4521 1483 4582 presa
1524 4502 1741 4562 l'Abito
1771 4503 1835 4560 in
1856 4502 2012 4562 altra

466 4593 758 4673 Reliqione
785 4643 801 4666 ‚
834 4597 1055 4656 sarebbe
1081 4598 1249 4658 nulla
1277 4598 1335 4657 la
1355 4595 1691 4677 professione
1710 4598 1776 4656 in
1793 4607 2005 4676 questa.

520 4768 527 4777 λ
583 4690 840 4751 Domum
890 4690 1087 4770 quoad
1117 4689 1621 4770 irregularitatem
1649 4735 1666 4762 ,
1698 4689 1896 4751 clarus
1923 4697 2012 4750 est

468 4781 602 4866 ejus
648 4783 931 4844 incursus
954 4829 969 4857 ,
1018 4802 1155 4845 cum
1200 4783 1266 4844 in
1311 4782 1509 4846 Sacris
1545 4783 1879 4845 Ordinibus
1906 4828 1925 4857 ,
1975 4801 2012 4845 a

474 4895 737 4958 quorum
782 4878 1067 4940 exercitio
1095 4885 1225 4940 erat
1273 4877 1618 4939 Adelesmus
1646 4895 1966 4958 suspensus
1990 4922 2008 4951 ,

470 4971 712 5052 saepius
768 4972 1239 5044 ministraverit,
1299 4979 1367 5032 ut
1419 4971 1635 5052 probat
1680 4974 1903 5034 Textus
1948 4973 2012 5031 in

469 5086 596 5146 cap.
633 5068 821 5147 primo
847 5068 912 5126 de
951 5068 1226 5127 sententia
1252 5113 1268 5136 ‚
1299 5075 1349 5124 et
1372 5084 1433 5125 re
1465 5066 1731 5143 judicata
1755 5069 1819 5126 in
1853 5071 1911 5127 6.
1958 5075 2011 5126 et

470 5161 537 5220 in
563 5179 689 5241 cap.
715 5161 934 5239 pariter
960 5162 1147 5240 primo
1173 5159 1238 5219 de
1260 5160 1534 5220 sententia
1560 5162 2009 5220 excommunica-

468 5254 639 5316 tionis
664 5254 731 5312 in
751 5257 809 5312 6.
1162 5250 1163 5253 ’

514 5370 519 5371 ’
586 5345 986 5410 'transeundo
1012 5344 1088 5410 ad
1116 5343 1347 5427 gratiae
1371 5389 1390 5417 ,
1421 5362 1534 5425 pro
1560 5362 1683 5425 qua
1702 5353 2010 5420 exoratur,

474 5439 704 5506 motiva
724 5487 744 5518 ,
773 5440 992 5503 Orator
1018 5440 1160 5503 dicit
1200 5457 1264 5501 se
1288 5457 1414 5500 esse
1441 5439 1745 5502 redactum
1777 5439 1854 5502 ad
1894 5448 2013 5501 sta-

874 5564 1079 5603 nno.
1120 5564 1223 5604 xivv
1270 5563 1412 5602 rou.
1454 5551 1565 5606 ΧΠ.

2101 746 2177 808 ad
2213 745 2583 824 Religionem
2631 743 2829 806 redire
2860 762 2982 805 non
3031 740 3259 822 possit,
3303 750 3365 803 et
3406 761 3484 802 ex
3526 742 3649 804 alia

2103 849 2276 922 parte
2322 839 2724 902 characterem
2774 837 2993 900 babeat
3020 835 3460 898 Sacerdotalem
3487 882 3503 910 ,
3541 855 3652 898 nee

2103 932 2323 996 babeat
2374 934 2618 994 modum
2644 977 2661 1004 ,
2710 949 2834 1011 quo
2872 929 3077 992 vivere
3116 929 3336 1010 possit,
3368 929 3486 991 nisi
3531 930 3648 992 sibi

2107 1048 2181 1089 ex
2207 1025 2526 1107 apostolica
2567 1024 2938 1105 benignitate
2962 1024 3272 1104 suspensio
3296 1024 3602 1087 relaxetur
3626 1069 3646 1099 ,

2104 1133 2162 1186 et
2190 1122 2552 1203 dispensatio
2581 1140 2760 1200 super
2790 1120 3236 1199 irregularitate
3264 1119 3644 1182 concedatur.

2225 1217 2389 1279 Haec
2417 1216 2574 1277 dicta
2623 1215 2783 1287 sint,
2812 1221 2881 1275 ut
2920 1213 3394 1275 Eminentissimi
3444 1214 3652 1274 Patres

2109 1319 2472 1392 perspectam
2501 1308 2727 1371 babere
2772 1308 3010 1370 valeant
3042 1306 3380 1369 nullitatem
3431 1305 3652 1387 profes·

2107 1406 2295 1468 sionis
2323 1451 2339 1478 ,
2372 1403 2821 1484 suspensionem
2846 1448 2862 1475 ,
2892 1413 2948 1463 et
2975 1399 3479 1482 irregularitatem
3502 1398 3650 1461 Ora-

2109 1497 2256 1560 toris
2281 1544 2298 1571 ,
2330 1518 2438 1558 nec
2479 1516 2600 1557 non
2652 1495 2873 1556 motiva
2899 1541 2914 1566 ,
2951 1513 3108 1574 quae
3154 1495 3492 1555 afferuntur
3538 1512 3650 1572 pro

2107 1592 2340 1674 gratiae
2361 1589 2755 1652 concessione.
2779 1588 2938 1662 Quia
2965 1606 3110 1648 vero
3139 1606 3339 1649 meum
3370 1594 3461 1648 est
3480 1604 3651 1649 reve·

2105 1693 2310 1748 tenter
2339 1684 2648 1745 insinuare
2690 1680 2988 1762 quidquid
3030 1680 3094 1740 in
3135 1679 3399 1761 Regestis
3439 1678 3654 1741 Sacrae

2107 1777 2598 1860 Congregationis
2615 1775 2914 1857 reperitur
2941 1819 2958 1847 ,
2988 1783 3046 1837 et
3069 1774 3189 1836 alia
3208 1773 3427 1835 addere
3449 1819 3468 1848 ,
3496 1791 3656 1854 quae

2106 1873 2306 1936 facere
2332 1879 2576 1952 possunt
2597 1870 2672 1932 ad
2705 1889 2831 1930 rem
2860 1914 2877 1941 ,
2907 1878 2967 1930 et
2990 1868 3341 1947 praesertim
3363 1866 3608 1948 quando
3633 1913 3650 1940 ,

2107 1977 2285 2048 prout
2319 1967 2382 2027 in
2410 1985 2572 2034 casu,
2600 1962 2805 2026 nullae
2827 1963 3275 2024 distribuuntur
3295 1962 3648 2042 scripturae,

2106 2081 2226 2122 non
2253 2061 2402 2123 levis
2426 2058 2671 2124 excitari
2696 2066 2886 2139 potest
2902 2057 3308 2119 controversia
3333 2056 3492 2118 circa
3508 2056 3659 2118 vali-

2102 2155 2347 2217 ditatem
2371 2153 2675 2237 eJectionis
2696 2151 3046 2214 Adalesmia
3077 2150 3387 2231 Religione
3403 2149 3657 2212 Clerioe·

2109 2269 2245 2310 rum
2310 2247 2782 2310 Ministrantium
2836 2243 3101 2305 Infirmis
3127 2292 3144 2315 ,
3192 2262 3314 2305 non
3379 2243 3654 2304 obstante

2116 2343 2395 2404 nullitate
2421 2340 2807 2422 professionis
2827 2358 3009 2418 supra
3039 2336 3308 2419 exposita
3332 2381 3350 2411 ,
3379 2355 3516 2398 cum
3538 2337 3653 2419 eje-

2109 2437 2229 2498 ctio
2268 2435 2421 2498 facta
2466 2434 2703 2497 dicatur
2743 2451 2781 2494 a
2827 2429 3149 2512 Superiora
3189 2428 3439 2511 Collegii
3465 2472 3483 2502 ,
3533 2447 3658 2491 una

2114 2549 2251 2592 cum
2305 2527 2740 2610 approbatione
2779 2525 2974 2587 Patris
3023 2522 3337 2587 Generalis
3380 2523 3447 2584 in
3496 2521 3660 2585 Urbe

2112 2623 2541 2687 commorantis
2563 2666 2580 2695 ,
2634 2621 2879 2703 quaudo
2936 2619 3258 2680 videbatur
3278 2663 3297 2692 ,
3345 2635 3479 2679 eam
3520 2614 3655 2680 fieri

2123 2719 2401 2782 debuisse
2427 2716 2679 2779 servatis
2707 2714 3017 2777 servandis
3038 2761 3055 2785 ‚
3084 2712 3199 2774 boc
3230 2720 3319 2774 est
3356 2730 3478 2773 non
3504 2730 3540 2773 a
3568 2729 3661 2772 so·

2113 2814 2190 2876 lis
2226 2812 2650 2892 Superioribus
2699 2808 3028 2891 Religionis
3052 2854 3071 2882 ,
3127 2807 3228 2870 sed
3272 2825 3309 2869 a
3347 2805 3659 2887 Superiori

2118 2906 2402 2990 Regulari
2433 2953 2450 2981 ,
2480 2925 2604 2968 una
2628 2924 2765 2966 cum
2785 2901 3113 2966 Ordinario
3139 2949 3155 2974 ,
3178 2903 3352 2983 juxta
3380 2900 3664 2983 praescri-

2115 3013 2216 3084 pta
2246 3022 2281 3064 a
2303 3002 2483 3064 Sacro
2500 2998 2766 3062 Concilio
2791 2996 3147 3060 Tridentino
3165 2994 3315 3058 Sess.
3343 2999 3443 3056 25.
3474 3013 3526 3056 e.
3558 2999 3653 3054 19.

2114 3097 2179 3158 de
2198 3096 2400 3176 Requi.
2427 3104 2478 3157 et
2501 3094 2754 3157 Monial.

2236 3192 2307 3252 In
2335 3208 2458 3251 una
2491 3188 2894 3249 Eremitarum
2928 3180 3476 3245 Camaldulensium
3512 3180 3661 3241 Pro-

2118 3283 2392 3345 fessionis
2415 3287 2514 3343 23.
2547 3282 2827 3342 Ianuarii
2852 3282 3024 3338 1666.
3052 3277 3151 3338 lib.
3182 3280 3281 3337 25.
3309 3274 3527 3337 Demi.
3554 3275 3655 3353 [ol.

2122 3384 2218 3439 18.
2244 3376 2545 3457 proposita
2572 3375 2820 3435 fuerunt
2845 3371 2992 3433 haec
3017 3370 3224 3432 dubia.

2240 3472 2291 3531 I.
2333 3472 2427 3531 An
2452 3471 2504 3529 si
2528 3469 2755 3548 quando
2795 3468 3210 3546 comperiatur,
3255 3462 3554 3526 Novitium
3587 3479 3663 3523 ex

2113 3568 2460 3649 praescripto
2512 3562 2942 3631 constitutionis
2995 3562 3405 3637 interi-cymam
3461 3557 3664 3618 adver·-

2114 3680 2212 3721 sus
2245 3661 2427 3740 ipsam
2449 3658 2776 3719 commisisse
2802 3654 3257 3735 impedimentum
3287 3649 3618 3712 occultando
3640 3694 3658 3719 ,

2109 3757 2284 3838 possit
2327 3755 2472 3813 idem
2508 3750 2777 3815 Novitius
2801 3759 2926 3831 post
2972 3750 3227 3810 emissam
3272 3746 3663 3827 professionem

2119 3868 2222 3930 per
2243 3845 2603 3928 Superiorem
2620 3845 2850 3925 expelii.

2236 3939 2319 4000 11.
2351 3938 2444 3998 An
2467 3939 2679 3998 veroin
2711 3936 2816 3997 hac
2836 3935 2977 4014 facti
3001 3931 3215 4014 quoque
3236 3933 3408 4012 specie
3432 3948 3663 3991 servan-

2122 4036 2199 4098 da
2222 4037 2296 4094 sit
2335 4033 2518 4112 forma
2542 4020 2845 4092 Decretiin
2869 4047 2993 4110 cap.
3040 4031 3135 4087 19.
3161 4045 3289 4087 sess.
3316 4029 3416 4085 25.
3462 4023 3528 4082 de
3549 4022 3662 4081 Re-

2114 4131 2237 4209 9ul.
2261 4128 2339 4192 Et
2363 4126 2542 4189 Sacra
2564 4121 2958 4205 congregatio
2982 4120 3211 4182 censuit
3232 4138 3382 4199 posse
3408 4118 3621 4197 expelli
3639 4161 3657 4188 ,

2116 4225 2210 4285 sed
2236 4232 2457 4283 servata
2482 4222 2665 4298 [orma
2708 4217 2930 4278 Decreti
2955 4213 3129 4276 Sacri
3170 4212 3416 4275 Concilii
3440 4213 3506 4271 in
3529 4229 3655 4290 cap.

2122 4322 2216 4378 19.
2241 4336 2368 4377 sess.
2397 4320 2495 4375 25.
2523 4316 2588 4374 de
2608 4313 2883 4392 Reqular.

2238 4410 2388 4470 Item
2426 4409 2489 4468 in
2516 4426 2639 4469 una
2662 4403 2978 4468 Cosentiua
3013 4399 3309 4464 nullitatis
3337 4396 3664 4460 Professio·

2118 4503 2215 4565 nis
2237 4508 2297 4564 2.
2324 4501 2481 4564 Julii
2502 4505 2675 4562 1674.
2705 4500 2803 4559 lib.
2827 4501 2926 4558 28.
2957 4495 3120 4556 Decr.
3149 4493 3248 4573 fol.
3279 4496 3416 4554 311.
3441 4501 3492 4550 et
3507 4509 3656 4569 seqq.

2119 4596 2181 4657 in
2214 4616 2337 4677 qua
2366 4596 2655 4678 agebatur
2679 4593 2753 4654 de
2776 4589 3038 4672 quodam
3076 4584 3452 4667 Cappuccino
3477 4585 3663 4665 ejecto

2119 4709 2226 4772 per
2251 4690 2607 4752 sententiam
2637 4684 2976 4766 Superioris
3022 4680 3339 4761 Regularis
3376 4698 3453 4739 ex
3481 4693 3660 4739 causa

2115 4802 2261 4844 mox
2288 4782 2592 4843 insinuata
2612 4826 2628 4853 ,
2673 4776 2977 4859 proposita
3001 4775 3246 4836 fuerunt
3270 4771 3415 4833 baec
3435 4768 3654 4831 dubia.

2236 4874 2287 4936 Ι.
2320 4875 2416 4935 An
2443 4876 2624 4935 dictus
2642 4871 2845 4935 Frater
2871 4868 2981 4931 Leo
3002 4870 3176 4949 fuerit
3201 4887 3240 4929 a
3265 4866 3555 4943 Reliqione
3584 4864 3664 4923 le-

2115 4973 2310 5052 qitime
2339 4970 2623 5029 dimissus.

2234 5062 2316 5122 11.
2343 5063 2438 5121 An
2461 5063 2634 5121 eidem
2660 5060 2821 5119 liceat
2857 5055 3103 5117 Umorem
3125 5053 3341 5114 ducere.

2233 5158 2312 5219 Et
2344 5157 2526 5219 Sacra
2552 5151 2945 5235 Congrcgatio
2971 5150 3048 5212 ad
3087 5158 3391 5226 utrumque
3411 5142 3663 5222 malive

2114 5272 2149 5313 r
2350 5252 2420 5312 it.

2235 5342 2531 5407 Solemnis
2585 5340 2825 5404 tandem
2872 5337 2987 5400 fuit
3044 5331 3368 5415 disputatio
3425 5330 3490 5390 in
3537 5345 3663 5389 una

2122 5437 2518 5519 Neapolitana
2565 5441 2659 5497 15.
2692 5433 3021 5496 Novembris
3053 5433 3227 5493 1653.
3278 5426 3377 5487 lib.
3424 5427 3518 5483 19.
3557 5421 3666 5481 De·

3189 5536 3260 5589 23
