4393 6299
994 545 1067 600 28
1990 545 2437 613 QUAESTIONES
2478 542 2842 598 cthONtcAE.

817 698 1181 762 rochialinm
1213 698 1276 760 S.
1327 697 1721 769 Columbani,
1773 697 1833 757 S.
1885 697 2154 770 Nicolai‚
2201 708 2262 760 et
2301 699 2365 759 S.

817 795 1195 866 Chris-tinae,
1242 792 1747 873 Archipresbyter
1781 791 1884 853 SS.
1931 791 2269 874 Hippoliti,
2311 804 2368 854 et

819 888 1082 951 Cassiani
1116 887 1192 949 de
1216 887 1493 961 Saliceto,
1521 887 1878 950 Parocbiani
1899 887 1961 949 S.
1994 886 2369 964 Geminiani,

816 993 875 1044 et
916 982 1264 1044 Confratres
1303 981 1831 1044 Confraternitatis
1879 982 1943 1043 in
1987 1001 2058 1044 ea
2106 980 2372 1044 Ecclesia

708 1093 719 1100 ·
816 1088 1049 1140 erectae
1067 1121 1083 1137 .

935 1172 1106 1234 Folia
1142 1169 1588 1251 oppositionum
1621 1169 1870 1232 fuerunt
1913 1172 1993 1232 ab
2038 1170 2370 1232 Ordinatio

818 1268 1271 1339 transmissa,et'
1284 1264 1545 1327 fideliter
1569 1265 1916 1327 referuntur
1938 1268 1999 1328 13
2019 1265 2373 1329 Summario

821 1362 1211 1424 loson-mantis
1233 1381 1344 1442 pro
1362 1361 1663 1423 erectione
1681 1361 2066 1443 Collegiatae,
2091 1361 2198 1441 (131
2228 1380 2371 1423 con·

819 1457 1011 1518 tendit
1054 1455 1380 1518 nonnullas
1423 1455 1829 1537 oppositiones
1875 1455 2005 1518 tolli
2049 1475 2123 1517 ex
2155 1456 2318 1518 facto
2350 1502 2369 1529 ,

816 1550 1145 1612 nonnullas
1181 1569 1299 1611 non
1327 1568 1455 1611 esse
1490 1550 1821 1629 praesentis
1854 1549 2268 1629 inspectionis,
2314 1558 2375 1611 et

818 1645 1144 1709 nonnullas
1166 1691 1182 1717 ,
1236 1653 1444 1725 utpote
1494 1644 1830 1706 necessario
1885 1663 2187 1706 connexas
2229 1664 2369 1706 cum

816 1742 1117 1803 erectione
1153 1739 1535 1821 collegiatae,
1559 1758 1686 1801 esse
1711 1741 2207 1814 contemnendas;
2234 1759 2369 1821 gra·

817 1835 900 1897 113
928 1836 1156 1915 quippe
1182 1833 1499 1896 erectionis
1527 1840 1617 1894 est
1641 1852 1718 1893 ex
1762 1841 1979 1894 natura
2029 1852 2140 1895 sua
2195 1852 2372 1913 prae-

808 1929 1140 2011 judicialis,
1154 1939 1214 1991 et
1237 1929 1436 1991 statim
1460 1947 1530 1990 30
1548 1927 1758 2008 aliqua
1777 1927 2039 1989 Ecclesia
2064 1937 2263 1991 erecta
2282 1935 2372 1990 est

815 2023 882 2083 in
916 2022 1307 2105 Collegiatam
1339 2071 1355 2094 ,
1407 2018 1603 2084 eidem
1649 2031 1999 2102 competunt
2033 2020 2377 2083 nonnullae

815 2117 1294 2199 praerogativae,
1327 2135 1487 2196 quae
1512 2116 1938 2177 antecedenter
1967 2133 2088 2176 non
2130 2134 2370 2195 compe·

817 2212 1047 2284 tebant,
1092 2220 1152 2272 et
1175 2230 1334 2293 quae
1365 2211 1520 2272 forte
1551 2218 1692 2272 ante
1719 2210 2080 2272 erectionem
2111 2210 2186 2272 ad
2223 2210 2377 2272 alias

815 2306 1200 2386 pertinebant
1229 2304 1543 2377 Ecclesiae,
1570 2305 1748 2386 juxta
1775 2306 1942 2366 decis.
1975 2308 2153 2366 1445.
2184 2324 2376 2366 coram

816 2402 1140 2481 Seraphim
1167 2443 1183 2460 .

934 2495 1266 2570 Quaeritur
1295 2495 1500 2576 itaque

935 2592 1062 2664 Aa,
1086 2601 1139 2651 et
1163 2593 1434 2669 quomodo
1467 2591 1789 2652 relaxanda
1813 2592 1927 2648 sint
1962 2589 2196 2650 Decreta
2225 2589 2378 2650 edita

814 2687 905 2746 dic
945 2690 1045 2747 26.
1085 2686 1403 2757 Ianuarii,
1427 2698 1479 2747 et
1512 2690 1608 2747 19.
1647 2687 1804 2748 Julii
1851 2689 2024 2745 1701.
2067 2704 2236 2765 super
2260 2704 2380 2745 cre-

818 2782 996 2839 ctione
1028 2778 1372 2858 Colleyiatae
1403 2783 1467 2840 in
1500 2779 1725 2861 Oppido
1763 2778 2119 2840 Pontrcmoli
2142 2780 2207 2838 in
2245 2797 2383 2842 cam

819 2885 924 2935 etc.

930 3068 1072 3120 Sacr.
1102 3067 1630 3135 Congiarespondit:

1000 3152 1359 3223 Affirmative
1395 3174 1519 3206 cum
1556 3153 1809 3212 omnibus
1844 3153 2253 3208 conditionibus
2294 3173 2388 3206 ex·

812 3241 1013 3311 pressis
1047 3240 1270 3311 infolio
1295 3243 1572 3312 Capituli,
1600 3255 1651 3294 et
1688 3240 1980 3295 dummodo
2004 3241 2275 3295 institutio
2291 3259 2387 3293 aa·

822 3331 1199 3396 tlcorizabt‘lis,
1227 3344 1279 3383 ee
1297 3331 1624 3401 approbatio
1646 3331 1924 3383 Personae
1953 3329 2387 3400 praesentandae

821 3420 897 3471 ad
924 3420 1322 3474 Canonicatum
1355 3421 1631 3484 pertineat
1674 3419 1750 3472 ad
1787 3419 2155 3489 Episcopum,
2180 3432 2233 3471 et
2264 3420 2388 3472 sola

821 3507 1100 3575 expeditio
1143 3508 1427 3561 literarum
1465 3507 1792 3563 Collatiom's
1811 3521 2014 3576 spectet
2057 3507 2132 3560 ad
2172 3508 2389 3577 Capitu-

823 3597 935 3648 lum
967 3596 1326 3661 cathedralis,
1353 3615 1454 3649 nec
1477 3615 1586 3649 aon
1603 3597 1829 3666 praevia
1856 3595 2228 3666 ratificatione
2256 3596 2388 3649 obli·

820 3684 1106 3749 gationum
1140 3702 1244 3755 per
1293 3686 1629 3753 Deputatos,
1670 3697 1722 3736 et
1760 3683 2025 3753 Syndicos
2082 3683 2390 3736 Communi-

827 3772 959 3823 tatis
973 3770 1484 3838 factarum-favore
1503 3773 1789 3825 Ecclesiae
1818 3772 2153 3840 College'atae
2165 3771 2393 3839 jacien-

829 3857 902 3909 da
948 3877 981 3910 a
1005 3859 1506 3929 generaliCoasilio
1534 3861 1884 3913 Pontremoli
1905 3861 2143 3929 legitime
2174 3870 2388 3913 coacto.

1268 4053 1631 4129 QUAESTlo
1683 4054 1944 4116 XXVII.

991 4255 1064 4316 In
1092 4255 1287 4320 Causa
1316 4256 1621 4332 Toletano,
1652 4258 1740 4319 die
1767 4264 1825 4318 ’7.
1858 4257 2021 4338 Maji
2050 4262 2224 4320 1718.

1222 4395 1235 4430 1

839 4419 1076 4537 Μ3113
1105 4475 1345 4539 Teresia
1373 4476 1567 4558 Lopez
1607 4476 1768 4539 Malo
1794 4477 2081 4540 Monialis
2114 4478 2387 4544 Professa

838 4569 898 4630 in
951 4571 1319 4633 Monasterio
1375 4569 1987 4634 Commendatricium
2032 4573 2389 4638 calatravae

835 4662 1083 4724 Ordinis
1126 4663 1189 4724 S.
1237 4663 1574 4736 Benedicti,
1604 4663 1877 4726 Civitatis
1923 4667 2189 4739 Matriti,
2234 4671 2388 4732 833-

836 4757 1100 4818 ctissimo
1126 4758 1385 4819 Domino
1407 4757 1622 4820 Nostro
1652 4759 2012 4839 supplicavit
2054 4782 2166 4842 pro
2196 4763 2390 4825 facul-

840 4860 962 4912 tate
984 4852 1256 4914 mutandi
1290 4852 1739 4932 dispositionem
1778 4872 1813 4915 a
1857 4873 1920 4916 se
1958 4855 2174 4918 factam
2201 4903 2216 4929 ,
2244 4858 2388 4919 dum

839 4950 1051 5010 eratin
1081 4946 1423 5018 Novitiatu,
1446 4955 1504 5009 et
1529 4967 1564 5010 a
1600 4948 1925 5010 Sanctitate
1942 4950 2060 5012 Sua
2095 4952 2212 5012 1311
2250 4972 2393 5033 sup-

842 5044 977 5123 plex
1008 5042 1299 5114 Oratricis
1327 5041 1571 5103 libellus
1592 5043 1668 5105 ad
1691 5043 1848 5106 hanc
1869 5045 2114 5108 Sacram
2136 5046 2394 5130 Congre-

839 5140 1141 5220 gationem
1172 5137 1473 5200 remissae.
2184 5141 2200 5146 ’

959 5234 1037 5293 Ut
1080 5241 1281 5294 331031
1332 5232 1737 5312 adaequatum
1787 5234 1863 5295 de
1911 5234 2198 5297 instantia
2242 5235 2390 5297 ferri

841 5326 1040 5388 valeat
1058 5326 1388 5406 judicium,
1415 5325 1657 5387 videtur
1684 5346 1810 5387 esse
1839 5329 2237 5389 necessarium
2267 5331 2395 5409 pri-

843 5440 940 5479 mo
998 5419 1126 5481 loco
1177 5440 1478 5501 exponere
1526 5430 1797 5482 tenorem
1854 5422 2265 5502 dispositionis
2289 5469 2306 5496 ,
2359 5444 2394 5487 a

842 5514 1094 5577 Moniali
1127 5514 1313 5577 factae
1332 5560 1350 5589 ‚
1376 5516 1519 5577 dum
1548 5525 1680 5578 erat
1706 5515 1769 5578 in
1812 5517 2152 5593 Novitiatu,
2181 5537 2393 5581 secun-

2481 700 2559 761 do
2586 698 2716 760 loco
2743 697 2972 759 referre
2993 696 3439 778 dispositionem
3464 744 3481 773 ,
3511 716 3696 780 quam
3716 699 3846 782 ipsa
3872 698 4032 763 face·

2481 815 2546 855 re
2593 794 2917 856 meditatur
2945 842 2959 865 ‚
3011 801 3070 854 et
3130 794 3307 855 tertio
3373 793 3504 856 loeo
3552 795 4034 858 circumstantias

2480 909 2797 963 enarrare,
2829 890 3072 971 quaein
3100 889 3399 951 consimili
3420 890 3860 971 dispensatione
3888 910 4034 954 con·

2479 985 2741 1046 cedenda
2761 1030 2778 1059 ,
2803 983 2897 1045 vel
2929 984 3204 1067 neganda
3224 1029 3241 1057 ,
3266 984 3346 1045 ab
3367 983 3483 1046 1130
3499 985 3681 1047 Sacra
3702 985 4037 1067 Congrege-

2482 1078 2647 1141 tione
2702 1079 3024 1159 ponderari
3083 1089 3565 1142 consueverunt:
3606 1079 3772 1141 nulla
3813 1082 4037 1141 etenim

2481 1175 2682 1255 quoad
2714 1182 3059 1255 potestatem
3103 1174 3475 1256 pontificiam
3519 1194 3644 1237 esse
3691 1174 3851 1236 valet
3878 1175 4033 1236 dilli-

2485 1268 2710 1343 cultas,
2737 1277 2864 1330 tum
2891 1270 3034 1349 quia
3060 1268 3393 1350 prohibitio
3416 1268 3770 1350 disponendi
3799 1279 3918 1330 tam
3942 1269 4039 1329 in-

2483 1372 2573 1426 ter
2595 1365 2765 1426 vivos
2781 1410 2798 1437 ,
2820 1383 3004 1443 quam
3028 1363 3093 1424 in
3118 1363 3332 1425 ultima
3353 1362 3663 1425 voluntate
3680 1365 3879 1445 quoad
3909 1364 4039 1424 Mo-

2483 1458 2739 1533 nachos‚
2772 1466 2832 1520 et
2859 1458 3186 1533 Moniales,
3214 1458 3521 1520 descendit
3545 1478 3578 1521 a
3591 1460 3733 1539 jure
3762 1458 4039 1538 positivo,

2481 1552 2596 1615 hoc
2626 1561 2712 1616 est
2729 1598 2747 1626 ‚
2772 1573 2807 1616 a
2857 1555 3052 1615 'l'extu
3094 1555 3158 1613 in
3200 1553 3545 1614 Anthemiou
3590 1555 3829 1631 inqressi
3859 1551 3931 1614 C.
3979 1554 4045 1615 de

2482 1646 2874 1711 Sacrosanctis
2900 1648 3169 1709 Ecclesiis
3185 1694 3202 1722 ,
3227 1658 3276 1709 et
3296 1669 3332 1711 a
3352 1669 3478 1729 cap.
3508 1649 3648 1728 quia
3671 1649 4043 1726 ingredienti-

2483 1744 2584 1802 bus
2610 1745 2674 1803 de
2708 1742 3069 1804 Testamentis
3089 1789 3105 1815 ,
3131 1762 3317 1823 quam
3344 1762 3450 1804 sua
3479 1741 3837 1803 auctoritate
3861 1742 4044 1802 Sum-

2482 1856 2617 1897 mus
2643 1836 2920 1898 Pontifex
2944 1836 3158 1898 tollere
3190 1845 3409 1916 potesu
3437 1845 3567 1897 tum
3593 1834 3739 1914 quia
3770 1834 3819 1895 si
3854 1834 4046 1896 eccle·

2466 1929 2749 1992 ’3133ῑί033
2797 1929 3099 1992 Historias
3132 1930 3538 1992 transcribere
3580 1927 3820 2000 liceret,
3871 1926 4051 1989 facile

2483 2032 2636 2086 esset
2661 2024 2938 2104 exempla
2971 2025 3190 2086 afferre
3217 2024 3652 2086 Monachorum
3681 2023 3872 2085 etiam
3900 2022 4052 2085 San-

2484 2128 2754 2191 ctorum,
2777 2118 2883 2198 qui
2921 2126 3062 2179 ante
3099 2117 3256 2200 juris
3295 2117 3537 2198 positivi
3567 2116 4056 2199 prohibitionem

2487 2211 2563 2273 de
2582 2210 2765 2272 Bonis
2779 2212 2905 2273 suis
2935 2212 2999 2273 in
3021 2212 3234 2274 ultima
3255 2212 3566 2274 voluntate
3590 2211 4051 2294 disposuerunt.

2609 2308 2799 2368 Docto
2824 2307 3030 2387 itaque
3073 2307 3250 2368 initio
3271 2327 3305 2370 a
3350 2316 3553 2368 tenore
3586 2306 4007 2386 dispositionis
4031 2351 4049 2379 ‚

2488 2399 2681 2461 factae
2711 2409 2852 2462 ante
2880 2400 3315 2462 Professionem
3339 2421 3372 2462 a
3403 2401 3620 2462 Serere
3642 2400 3844 2463 Maria
3864 2402 4049 2462 Tere-

2485 2495 2606 2568 sia,
2643 2504 2763 2557 tres
2792 2494 2917 2574 ipsa
2953 2494 3216 2557 instituit
3249 2493 3698 2576 CappellaniaS,
3724 2505 3786 2555 et
3816 2494 3920 2575 jus
3972 2492 4051 2554 ad

2489 2598 2592 2651 eas
2621 2589 2975 2651 nominandi
3027 2588 3143 2650 sibi
3193 2590 3555 2660 reservavit,
3586 2596 3645 2650 et
3685 2596 3827 2669 post
3874 2607 4055 2648 suum

2489 2683 2725 2746 obitum
2744 2686 2844 2766 jus
2870 2684 3020 2745 illud
3043 2684 3261 2746 detulit
3281 2684 3353 2745 ad
3378 2682 3703 2745 nonnullos
3725 2702 3872 2744 suos
3896 2681 4054 2744 Con-

2496 2778 2896 2861 sanguineoS,
2933 2777 3174 2857 illisque
3210 2777 3661 2851 deficientib11S‚
3698 2777 3775 2838 ad
3813 2778 4060 2838 Patrem

2494 2875 2805 2934 Rectorem
2838 2870 3084 2952 Collegii
3121 2871 3429 2933 Societatis
3454 2872 3593 2933 Jesu
3615 2916 3632 2944 ,
3668 2871 3912 2950 absque
3940 2889 4012 2931 eo
4036 2914 4055 2943 ,

2493 2968 2656 3048 quod
2682 2975 2880 3028 tamen
2904 2965 3230 3028 Ecclesiam
3253 2966 3635 3047 expresserit,
3658 2965 3720 3025 in
3744 2984 3879 3046 qua
3904 2965 4062 3046 Cap-

2491 3061 2716 3143 pellani
2746 3062 3034 3124 deberent
3057 3063 3268 3125 Missas
3295 3062 3637 3132 celebrare,
3673 3060 3780 3122 uti
3812 3080 3933 3122 non
3965 3080 4063 3123 30-

2492 3157 2618 3219 1313
2645 3177 2722 3218 ex
2734 3157 3026 3219 Oratricis
3054 3158 3331 3238 precibus
3357 3156 3854 3227 desumitiir,sed
3875 3156 4065 3220 etiam

2491 3252 2751 3313 habetur
2771 3269 2844 3314 ex
2872 3251 3163 3313 relatione
3190 3251 3636 3332 Archiepiscopi
3661 3252 3973 3314 Toletani.

2610 3346 3005 3406 Transeundo
3035 3347 3108 3408 ad
3133 3346 3315 3429 hujus
3338 3346 3750 3427 dispositionis
3774 3345 4060 3408 mutatio·

2493 3458 2665 3511 nem,
2686 3439 2871 3501 Soror
2895 3439 3089 3502 Maria
3116 3440 3357 3503 Teresia
3386 3440 3601 3510 vellet,
3633 3450 3704 3501 ut
3735 3460 3772 3502 a
3802 3440 4060 3501 Summo

2495 3533 2784 3595 Pontifice
2811 3535 2924 3595 sibi
2947 3535 3364 3617 indulgeretur
3392 3533 3644 3596 facultas
3662 3534 4057 3614 disponendi,

2493 3629 2727 3709 primo,
2773 3629 2936 3709 quod
2970 3629 3318 3710 Cappellani
3355 3628 3714 3691 nominandi
3761 3628 4062 3691 deberent

2493 3739 2619 3781 csse
2646 3741 2718 3782 ex
2747 3721 2872 3782 suis
2900 3721 3374 3804 Consanguineis
3404 3721 3562 3783 intra
3588 3729 3884 3801 quartum
3913 3740 4063 3804 gra-

2492 3814 2674 3889 dum,
2696 3825 2757 3878 et
2783 3815 2848 3876 13
2889 3836 3098 3878 eorum
3128 3816 3394 3890 defectu,
3431 3835 3506 3876 ex
3539 3814 4018 3895 pauperioribus
4039 3859 4060 3888 ,

2493 3917 2554 3969 et
2587 3909 2778 3992 magis
2817 3911 3021 3992 egenis
3057 3911 3513 3982 Sacerdotibus,
3544 3927 3652 3970 suo
3683 3909 4065 3972 Monasterio

2495 4001 2999 4067 inservientibus:
3024 4005 3320 4077 secundo,
3349 4004 3513 4086 quod
3558 4003 3784 4066 Missae
3820 4023 4065 4086 semper

2496 4095 2561 4156 in
2604 4097 2866 4159 Ecclesia
2909 4098 3002 4159 sui
3055 4097 3405 4160 Monasterii
3453 4097 3954 4171 celebrarentur-3
4001 4104 4064 4160 et

2495 4192 2706 4265 tertio,
2731 4193 2895 4271 quod
2916 4197 3018 4275 jus
3050 4192 3401 4253 nominandi
3434 4191 3839 4271 Cappellanos
3860 4191 4063 4256 defer-

2493 4294 2663 4347 retur
2689 4286 2768 4348 ad
2785 4288 3051 4369 ejusdem
3081 4287 3429 4350 Monasterii
3463 4287 3890 4360 Abbatissam,
3922 4285 4064 4348 sub-

2493 4380 2691 4442 dendo
2712 4381 2860 4443 haec
2883 4382 3088 4444 omnia
3115 4402 3241 4444 esse
3267 4381 3595 4443 admodum
3632 4382 4062 4455 rationabilia,

2498 4481 2626 4536 tum
2677 4475 2824 4556 quia
2866 4477 3127 4540 Ecclesia
3175 4477 3269 4539 sui
3302 4478 3655 4539 Monasterii
3706 4498 3832 4539 non
3877 4477 4069 4540 habet

2492 4569 2880 4633 sufficientem
2922 4592 3244 4635 numerum
3288 4573 3609 4634 Missarum
3637 4619 3654 4646 ,
3701 4580 3764 4635 et
3812 4581 4066 4654 propter

2496 4664 2626 4745 ejus
2652 4673 3097 4745 paupertatem,
3128 4667 3478 4729 Sacerdotes
3501 4665 3593 4728 illi
3628 4666 4062 4735 inservientes,

2497 4759 2786 4821 accedunt
2811 4761 2890 4823 ad
2917 4761 3344 4823 celebrandum
3375 4761 3438 4822 in
3463 4760 3600 4822 aliis
3630 4760 3923 4822 Ecclesiis
3942 4809 3959 4831 ,
3999 4766 4071 4822 ut

2498 4853 2938 4937 eleemosynam
2979 4856 3299 4919 Missarum
3345 4855 3693 4929 obtineant;
3736 4864 3872 4916 tum
3915 4854 4068 4936 (1313

2498 4949 2927 5030 consanguinei
2967 4948 3032 5009 in
3070 4950 3267 5030 prima
3309 4948 3704 5028 dispositione
3748 4947 3952 5010 vocati
3987 4947 4068 5010 ad

2492 5044 2594 5122 jus
2634 5045 2895 5103 activum
2934 5045 3323 5116 nominandi,
3354 5045 3480 5125 jam
3529 5042 3761 5103 mortui
3795 5052 3977 5116 sunu
4007 5048 4072 5105 et

2502 5138 2742 5200 tandem
2784 5136 2930 5217 quia
2966 5140 3144 5200 Pater
3192 5140 3406 5200 Rector
3445 5135 3698 5216 collegii
3748 5136 4073 5198 Societatis

2499 5231 2640 5293 Jesu
2668 5251 2732 5293 se
2763 5233 3312 5314 promptissimum,
3345 5240 3405 5293 et
3449 5229 3908 5312 paratissimum
3956 5249 4070 5292 ex·-

2500 5326 2734 5400 hibuit,
2764 5336 2824 5389 et
2865 5326 3113 5389 exhibet
3146 5326 3220 5389 ad
3272 5324 3759 5387 renunciandum
3808 5345 3923 5405 pro
3953 5345 4021 5387 se
4042 5372 4064 5400 ,

2500 5421 2744 5500 suisque
2766 5422 3217 5484 Successoribus
3238 5421 3364 5503 juri
3389 5418 3744 5481 nominandi
3768 5419 4017 5482 sibimet
4046 5469 4065 5491 ,

2502 5516 2597 5578 vel
2641 5517 3095 5581 Successorihus
3134 5517 3259 5578 suis
3288 5512 3613 5578 deferendo
3662 5521 3798 5595 post
3822 5515 4067 5578 obitum
