4393 6299
1673 541 2134 608 coms-rto
2188 543 2296 597 xc.
3321 547 3395 596 ιτ

348 693 473 763 dit,
516 695 633 758 sibi
669 706 1009 776 competere
1034 695 1381 757 facultatem
1425 712 1491 756 se
1516 692 1819 756 liberandi
1870 711 1908 755 a
1940 690 1945 699 ’
2021 695 2437 776 dispositivam
2463 742 2480 771 ,
2512 696 2797 761 babuerit
2825 697 3121 761 rationem
3151 699 3228 760 de
3257 698 3402 763 tiliis
3446 709 3572 765 tam

350 790 571 871 Legato
604 808 813 852 annuo
842 788 1141 852 librarum
1179 795 1315 851 300.
1350 788 1678 863 solvendo,
1711 797 1773 850 et
1800 788 1909 850 im·

344 883 668 965 plicando,
699 885 876 947 sicuti
904 885 1087 957 fecit,
1120 885 1309 947 libras
1339 891 1518 947 6000.

464 981 742 1042 Testatur
771 980 1019 1063 legavit
1016 981 1217 1043 libras
1246 987 1382 1061 300.
1415 993 1477 1043 et
1504 979 1701 1042 voluit
1742 936 1906 1059 quod

352 1070 415 1134 in
466 1073 754 1155 Cappella
800 1075 1072 1155 quotidie
1109 1074 1403 1138 celebrari
1434 1075 1681 1136 deberet
1724 1074 1907 1135 Missa

347 1187 470 1230 una
489 1189 668 1248 usque
686 1172 755 1230 in
779 1183 1128 1251 perpetuum.
1165 1169 1344 1232 Dedit
1367 1168 1732 1231 haeredibus
1756 1166 1905 1241 suis,

348 1271 409 1325 et
428 1262 657 1324 seniori
690 1264 1041 1326 eorumdem
1080 1263 1427 1326 facultatem
1452 1262 1713 1372 eligendi
1749 1262 1903 1342 Cap-

347 1355 684 1436 pellanum,
709 1368 761 1418 et
793 1360 928 1438 tegle,
951 1359 1100 1438 quod
1122 1360 1288 1420 liceat
1309 1358 1554 1428 seniori,
1586 1367 1638 1416 et
1666 1357 1908 1437 propin-

349 1453 544 1530 quior-i
562 1472 640 1514 ex
663 1454 853 1521 dietis,
883 1466 936 1515 et
970 1454 1359 1534 infrascriptis
1382 1452 1711 1515 haeredibus
1737 1451 1904 1522 meis,

348 1556 398 1606 et
418 1549 718 1609 successive
743 1549 991 1621 seniori,
1015 1557 1067 1609 et
1084 1549 1434 1628 promere·
1454 1545 1906 1608 descendentium

350 1659 599 1702 eteorum
621 1691 637 1713 ‚
675 1644 764 1704 vel
791 1644 1049 1720 familiae
1092 1661 1246 1704 aneae
1290 1661 1468 1720 usque
1498 1643 1573 1701 in
1612 1641 1909 1722 infinitum

350 1738 551 1816 οἰέῃσι
571 1736 990 1819 Coppellmwm
1007 1728 1293 1798 idemne.
1309 1735 1683 1801 Facultatum
1702 1734 1909 1798 subin·

352 1830 427 1893 de
462 1833 737 1895 Testator
779 1832 1121 1913 impertitus
1167 1838 1258 1894 est
1305 1830 1677 1893 exbursandi
1731 1829 1909 1893 unica

353 1924 487 1987 vice
513 1923 703 1988 libras
724 1930 905 1987 6000.
942 1934 1003 1987 et
1034 1925 1122 1987 sic
1158 1944 1223 1987 se
1250 1925 1551 1988 liberandi
1582 1925 1662 1987 ab
1706 1940 1913 1989 annua

351 2022 759 2101 praestatione
783 2020 1085 2084 librarum
1116 2025 1256 2083 300.
1290 2022 1453 2083 liceat
1479 2022 1654 2084 etiam
1695 2021 1862 2081 dictis
1889 2064 1907 2093 ,

354 2126 408 2175 et
430 2117 811 2197 infrascriptis
838 2115 1172 2178 haeredibus
1197 2117 1332 2177 neeis
1351 2135 1408 2176 ee
1431 2115 1674 2187 liberare
1699 2133 1738 2178 a
1756 2116 1914 2176 dicto

361 2210 541 2288 leym
562 2212 843 2271 librorum
866 2214 1005 2272 300.
1031 2210 1425 2290 imperialium
1453 2217 1776 2289 computato
1799 2254 1815 2278 ,
1847 2218 1914 2269 ut

359 2324 552 2384 supra,
578 2306 857 2367 mediante
879 2305 1278 2367 eoebursatione
1301 2305 1583 2365 librarum
1601 2308 1783 2366 6000.
1802 2306 1915 2364 im-

350 2400 662 2481 pen’aliune
680 2445 697 2471 ,
727 2401 814 2461 cel
838 2400 1227 2480 implicatione
1252 2398 1611 2459 mumdum.

475 2494 617 2555 Post
659 2493 808 2557 baec
833 2541 851 2566 ,
896 2494 1171 2555 Testator
1205 2492 1496 2555 haeredes
1521 2491 1637 2553 sibi
1679 2490 1919 2572 scripsit

354 2585 515 2648 filios
536 2587 872 2669 legitimos,
916 2596 979 2650 et
1018 2587 1328 2652 naturales
1353 2634 1370 2657 ,
1415 2602 1571 2668 quos
1609 2585 1912 2662 babebat,

354 2685 498 2744 stibi
524 2684 785 2745 hau-des
809 2685 1154 2745 uniccrealee
1190 2683 1457 2751 institui,
1479 2691 1531 2742 et
1557 2683 1799 2743 instituo
1823 2702 1918 2745 ors

355 2798 473 2840 meo
511 2780 746 2858 proprio
785 2779 1166 2850 nominando,
1213 2777 1507 2838 nominavi
1533 2823 1548 2846 ,
1594 2786 1648 2837 et
1688 2781 1917 2839 nomino

356 2872 861 2936 Bartltolomoeum
883 2921 899 2944 ,
934 2871 1305 2934 Benedictum
1321 2918 1337 2942 ,
1376 2869 1728 2935 ludovicum
1772 2872 1916 2935 Pra-

355 2970 643 3048 ὠνία-κω
667 3015 683 3038 ,
719 2965 1022 3030 &lovium
1038 3013 1056 3040 ,
1087 2978 1139 3030 et
1160 2966 1444 3030 ,loannem
1463 2967 1747 3046 Anqetm
1768 2968 1919 3049 filice

356 3083 499 3124 m
528 3065 805 3142 leyitimoe
824 3110 838 3132 ,
870 3072 921 3124 et
958 3064 1255 3124 naturales
1285 3064 1481 3141 aequis
1518 3064 1872 3142 portionibus
1890 3082 1914 3124 .·

355 3168 413 3219 et
438 3158 577 3220 licet
603 3158 666 3219 in
694 3158 808 3220 hac
830 3159 1144 3221 vocatione
1170 3159 1442 3221 Testatur
1471 3158 1548 3220 ad
1589 3158 1915 3222 ulteriore·

358 3253 582 3331 gradus
598 3271 721 3313 non
746 3252 1023 3314 videatur
1054 3251 1238 3314 tuisse
1258 3260 1629 3334 progroesus,
1655 3253 1716 3313 in
1746 3261 1919 3333 parte

359 3354 558 3408 tamen
591 3345 745 3408 Fisci
790 3345 1099 3409 exclusiva
1136 3347 1252 3409 dici
1296 3345 1457 3410 valet
1494 3344 1781 3410 habuisse
1817 3365 1916 3408 ra·

360 3441 584 3503 tionem
604 3441 880 3502 omnium
902 3440 1395 3503 descendentium
1425 3447 1549 3502 tam
1572 3460 1652 3502 ex
1681 3453 1915 3504 masea-

359 3535 478 3608 lis,
514 3549 704 3617 quam
731 3556 807 3598 ex
834 3535 1115 3598 foeminis
1140 3584 1156 3607 ,
1187 3547 1238 3598 et
1287 3537 1388 3598 ubi
1429 3555 1616 3604 omnes
1659 3537 1917 3599 heredes

361 3635 501 3702 mei,
533 3633 621 3692 cel
646 3634 886 3692 ultimus
926 3650 1002 3692 ex
1024 3633 1163 3693 meis
1190 3632 1571 3709 delinqueret,
1614 3640 1681 3691 ut
1713 3650 1914 3711 supra,

362 3736 498 3786 tunc
519 3746 605 3786 eos
632 3772 646 3794 ,
677 3726 765 3787 vel
783 3745 911 3786 eum
928 3727 1151 3806 pariter
1175 3727 1403 3806 privavi
1430 3772 1447 3796 ,
1487 3735 1539 3787 et
1565 3726 1730 3804 privo
1748 3743 1916 3805 prae·

359 3821 596 3880 ambula
625 3821 799 3892 horn,
828 3829 894 3878 ut
930 3820 1265 3899 supradicta
1286 3820 1655 3888 haereditate,
1679 3828 1731 3880 et
1759 3819 1917 3880 bonis

359 3917 524 3983 meis,
556 3924 608 3974 et
636 3917 715 3975 eis
742 3960 777 3983 ,.
801 3933 900 3974 eeu
927 3915 980 3974 ei
1003 3913 1456 3994 substituofilioe
1499 3914 1751 3994 ipsorum
1791 3913 1933 3975 leae*

362 4008 557 4068 redum
585 4026 837 4068 meorum
864 4053 879 4076 ,
930 4008 1016 4068 vel
1056 4006 1307 4085 alicujus
1354 4019 1588 4074 eorum,
1635 4017 1689 4067 et
1725 4008 1777 4067 si
1807 4026 1920 4066 non

364 4104 622 4175 adn-int,
654 4103 809 4184 filias
850 4121 1033 4173 meae,
1077 4111 1269 4162 eorum
1314 4119 1560 4172 sorores,
1606 4103 1694 4163 vel
1728 4115 1921 4164 eorum

410 4199 534 4258 lios.

368 4199 409 4280 fi
477 4291 576 4352 Ab
604 4287 703 4351 his
720 4298 921 4351 autem
950 4289 1151 4351 verbis
1177 4261 1360 4354 infert
1378 4288 1719 4354 Ludovicus
1740 4290 1917 4371 Ripa,

365 4402 427 4446 se
449 4403 619 4465 posse
639 4383 728 4445 uti
760 4383 1047 4446 facultate
1070 4384 1208 4445 data
1234 4404 1269 4446 a
1290 4385 1600 4446 Testatore
1625 4384 1752 4446 suis
1777 4384 1919 4448 bae-

363 4478 612 4541 redibus
638 4496 702 4540 se
729 4477 1030 4542 liberandi
1062 4478 1144 4541 ab
1170 4497 1377 4541 annua
1404 4473 1707 4542 solutione
1729 4479 1919 4546 libra-

363 4592 502 4634 rum
526 4578 667 4634 300.
697 4572 1086 4635 exbursando
1105 4571 1295 4635 libras
1325 4577 1505 4634 6000.
1534 4591 1672 4634 cum
1696 4573 1919 4635 etenim

364 4667 503 4731 data
528 4666 718 4729 fuerit
742 4666 893 4730 baec
919 4666 1174 4729 facultas
1199 4668 1366 4728 dietis
1393 4714 1410 4737 ,
1455 4678 1505 4729 et
1529 4668 1919 4748 infrascriptis

364 4762 714 4832 haeredibus,
738 4763 854 4824 sub
872 4760 1118 4824 nomine
1136 4763 1413 4824 dictorum
1436 4764 1738 4828 haeredum
1755 4781 1921 4826 com-

367 4855 834 4939 prehenduntur
878 4876 1089 4918 omnes
1126 4856 1416 4919 haeredes
1444 4856 1508 4918 in
1562 4856 1871 4924 infinitum
1896 4901 1919 4931 ς

367 4969 442 5012 ex
467 4969 594 5030 quo
617 4951 888 5012 'l'oetator
916 4951 1335 5012 antecedenter
1357 4949 1594 5014 locutus
1622 4949 1821 5016 fuerat
1843 4952 1920 5018 du

364 5044 602 5107 seniore
619 5089 636 5116 ,
670 5051 731 5106 et
778 5042 1245 5125 propinquiores
1283 5064 1360 5106 ex
1407 5044 1811 5117 haeredibus,
1859 5053 1920 5107 et

367 5138 865 5202 descendentibus
897 5138 1024 5200 suis
1049 5184 1067 5211 ,
1095 5157 1362 5218 suaeque
1393 5137 1695 5212 familiae,
1725 5157 1921 5220 nsque

367 5234 427 5296 in
453 5234 788 5295 infinitum.
817 5232 1145 5294 Consimile
1179 5232 1327 5295 dicit
1366 5233 1715 5298 babendum
1745 5234 1925 5316 judi*

2018 791 2457 868 masculorum,
2484 812 2668 873 quam
2700 792 3106 856 foeminarum
3128 843 3141 865 ,
3168 796 3284 858 sub
3305 814 3571 875 quorum

2019 886 2264 947 nomine
2288 895 2528 967 nepotes
2553 928 2570 959 ,
2600 886 2832 967 aliique
2871 888 3293 951 descendentes
3321 890 3385 951 in
3430 888 3572 952 infi-

2017 980 2212 1042 nitum
2237 982 2837 1062 comprehenduntur
2861 1029 2876 1055 ,
2920 984 3158 1063 quoties
3201 984 3575 1065 dignoscitur

2015 1077 2382 1139 Testatorem
2409 1077 2669 1139 noluisse
2688 1098 2859 1141 suam
2879 1078 3254 1144 vocationem
3278 1081 3339 1141 in
3362 1082 3576 1161 primis

2015 1169 2259 1233 haeredi
2271 1172 2380 1233 bus
2409 1173 2772 1255 restringere
2797 1219 2812 1246 ,
2849 1174 2952 1235 sed
2982 1174 3057 1236 ad
3106 1174 3424 1239 ulteriores
3465 1197 3575 1239 ex-

2015 1265 2262 1327 tendere
2287 1265 2565 1328 voluisse.

2135 1360 2301 1423 Haec
2319 1369 2465 1422 sunt
2492 1360 2552 1422 in
2579 1361 2806 1425 Causa.
2837 1362 3172 1436 Quaeritur
3198 1383 3345 1445 ergo

2212 1454 2309 1515 An
2337 1455 2528 1517 haeres
2564 1467 2822 1519 tenentur
2841 1459 3133 1536 supplere,
3167 1459 3254 1519 vel
3285 1462 3476 1539 potius
3501 1462 3579 1521 eit

2019 1550 2172 1615 locus
2195 1551 2517 1613 reductioni
2541 1553 2727 1612 enee-ie
2754 1550 3077 1615 Missurum
3105 1554 3172 1613 in
3198 1570 3354 1616 casu.

2124 1743 2281 1796 Sacra
2306 1743 2507 1811 Congr.
2535 1742 2624 1794 «lie
2655 1744 2703 1794 1.
2732 1742 2932 1811 Aprilis
2963 1745 3120 1796 ¹71⁹.
3149 1744 3458 1813 respoudit:
3492 1798 3498 1805 .

2132 1831 2333 1899 Quoad
2352 1833 2590 1899 primam
2618 1832 2776 1885 dubia·
2792 1845 3013 1904 partem
3051 1833 3333 1903 negative.
3374 1835 3470 1889 Ad
3499 1853 3578 1890 se*

2012 1921 2253 1989 cundum
2283 1919 2643 1991 affirmative,

2519 2118 2881 2195 QUAESTIO
2937 2119 3099 2182 xm.

2052 2268 2055 2273 λ
2180 2308 2254 2370 ln
2285 2272 2481 2372 Causa
2519 2308 2758 2371 Lucana
2781 2357 2797 2380 ,
2839 2311 2930 2379 die
2957 2315 3017 2371 2.
3050 2311 3209 2373 Iulii
3248 2311 3420 2374 1718.

2021 2436 2399 2578 Episcopus
2423 2499 2704 2561 Lucanus
2735 2546 2752 2569 ,
2771 2498 3009 2571 inactu
3039 2498 3420 2563 Visitaticnis
3439 2499 3579 2565 cot-

2026 2590 2282 2673 legiatae
2302 2591 2600 2657 Ecclesiae
2624 2592 2824 2656 Sancti
2852 2595 3030 2659 Marti
3040 2595 3100 2655 ni
3125 2596 3349 2656 Terrae
3375 2595 3588 2656 Petrae

2023 2686 2280 2749 Sanctae
2302 2733 2319 2761 ,
2351 2687 2657 2750 decretum
2690 2687 3045 2769 sociaequod
3071 2689 3130 2748 in
3156 2708 3227 2750 ea
3259 2696 3580 2752 caneretur

2022 2779 2425 2861 Evangelium
2492 2781 2839 2844 Dominicae
2881 2782 3202 2851 &essionis
3269 2781 3585 2845 Dominica

2025 2874 2374 2937 Palmarum
2392 2921 2410 2949 ,
2432 2875 2690 2957 aliisque
2710 2876 2924 2941 diebus
2934 2878 3199 2959 ,Maioris
3234 2877 3582 2939 Hebdomaf-

2022 2970 2167 3043 dae,
2200 2969 2326 3032 illis
2355 2973 2534 3032 modo
2553 3016 2571 3045 ,
2618 2980 2680 3033 et
2709 2971 2901 3034 forma
2928 3016 2943 3038 .
2966 2972 3220 3051 ‘quibus
3246 2970 3489 3037 canitur
3520 2972 3582 3037 iu

2022 3062 2367 3127 Catbedrali
2410 3063 2709 3137 Ecclesia,
2739 3064 2854 3129 boc
2889 3065 3218 3144 est,·-quod
3266 3065 3585 3127 Dominica

2025 3160 2409 3233 Palmarum,
2432 3171 2492 3222 et
2517 3159 2695 3223 Feria
2726 3160 2992 3224 sexta‘in
3038 3161 3365 3223 Parasceve
3405 3179 3582 3221 cane-2

2025 3266 2194 3318 retur
2237 3275 2271 3318 a
2321 3255 2639 3317 Canonicis
2666 3303 2682 3326 ,
2726 3266 2783 3317 et
2814 3255 2990 3317 Feria
3035 3254 3246 3326 tertia,
3297 3265 3358 3315 et
3406 3253 3586 3316 Feria

2024 3360 2242 3430 marta
2271 3357 2657 3413 canet-etune
2689 3346 3072 3429 Cappellam‘s
3097 3392 3114 3418 ,
3148 3347 3230 3409 ita
3254 3347 3417 3409 enin}
3449 3365 3582 3427 pra·

2023 3445 2232 3508 cti‘cari
2265 3444 2473 3506 andivi
2502 3443 2566 3504 in
2608 3443 2953 3508 Catbedrali
3007 3441 3274 3504 Ecclesia
3301 3442 3545 3503 Lucana
3568 3481 3585 3514 ,

2023 3548 2085 3600 et
2112 3537 2228 3600 hoc
2262 3538 2460 3619 ipsum
2489 3540 2847 3600 observatur
2869 3537 3052 3599 etiam
3085 3536 3148 3597 in
3181 3545 3388 3597 nostra
3416 3536 3583 3597 Basi-

2026 3630 2142 3695 lica
2169 3632 2464 3694 Vaticana
2489 3677 2505 3704 ,
2555 3640 2743 3713 utque
2785 3633 3104 3695 Decretum
3135 3649 3307 3693 suam
3336 3630 3588 3693 haberet

2024 3725 2472 3798 executionem,
2506 3726 2667 3787 idem
2704 3726 3035 3805 Episcopus
3067 3724 3242 3786 'ultra
3299 3725 3585 3787 mulctam

2025 3829 2333 3882 scutorum
2385 3820 2587 3881 decem
2627 3819 2799 3880 Locis
2840 3819 2962 3879 Piis
3004 3816 3468 3898 applicandam,
3521 3817 3583 3880 in

2024 3932 2164 3978 casu
2191 3911 2726 3984 contraventionis,
2753 3931 3011 3991 poenam
3036 3911 3315 3992 apposuit
3343 3930 3587 3992 suspen·

2025 4006 2215 4069 sionis
2241 4025 2277 4069 a
2311 4005 2581 4068 divinis
2564 4024 2694 4086 ipso
2718 4005 2873 4066 facto
2906 4004 3331 4065 incurrendae.

2044 4151 2053 4154 -
2146 4100 2534 4164 Contendunt
2553 4097 2883 4174 Canonici,
2927 4101 3175 4166 Decreta
3211 4097 3358 4160 baec
3387 4098 3587 4160 nulla-

2028 4202 2204 4258 tenus
2244 4195 2609 4264 subsistere,
2658 4205 2786 4258 tum
2815 4194 2961 4273 quia
3009 4193 3277 4273 ipsorum
3327 4192 3587 4264 Ecclesia

2025 4288 2144 4351 fuit
2178 4300 2373 4351 erecta
2402 4289 2463 4348 in
2485 4287 2875 4369 Collegiatam
2906 4306 3068 4348 anno
3098 4292 3272 4349 1673.
3300 4296 3360 4349 et
3388 4287 3590 4356 Testes

2029 4382 2342 4464 deponunt
2365 4382 2764 4464 Evangelium
2791 4383 3144 4445 Dominicae
3178 4381 3473 4444 Passionis
3497 4381 3588 4448 fu·

2027 4478 2143 4540 isse
2179 4478 2259 4539 ab
2286 4497 2355 4538 eo
2386 4476 2511 4537 fere
2536 4487 2803 4555 tempore
2832 4484 3137 4537 cantatum
3179 4494 3298 4536 non
3327 4495 3363 4538 a
3392 4469 3587 4540 Cano·
3715 4492 3720 4498 ·

2029 4573 2182 4638 uicis
2207 4572 2358 4646 ,sed
2385 4591 2421 4634 a
2444 4566 2827 4651 Coppellanis
2852 4615 2869 4642 ,
2905 4580 3032 4632 tuni
3061 4571 3205 4649 quia
3234 4589 3368 4634 curn
3392 4570 3588 4634 Gano-

2029 4669 2148 4731 nici
2177 4667 2300 4728 sint
2332 4686 2434 4728 sex
2456 4711 2473 4739 ,
2504 4676 2564 4727 et
2605 4666 2665 4726 in
2712 4665 3031 4726 Dominica
3062 4664 3361 4726 Passionis
3407 4665 3589 4732 Missa

2026 4765 2304 4827 cantetur
2333 4783 2368 4823 a
2405 4759 2747 4840 Praeposito
2774 4781 2791 4832 3
2821 4758 2918 4821 cui
2946 4759 3067 4820 duo
3118 4759 3407 4820 Canonici
3444 4760 3586 4820 Dia-

2026 4878 2253 4930 oonuS,
2292 4865 2352 4917 et
2394 4855 2813 4916 Subdiaconus
2861 4854 3207 4915 ministrare
3254 4863 3537 4918 tenentur
3564 4898 3582 4926 ,

2025 4954 2076 5015 si
2111 4963 2230 5013 tres
2265 4950 2370 5011 alii
2415 4948 2699 5011 Canonici
2743 4967 2962 5010 canere
2998 4947 3292 5009 deberent
3351 4946 3585 5008 Passio-

2026 5065 2190 5115 nem,
2218 5063 2376 5104 unus
2403 5052 2636 5105 tantum
2652 5062 2727 5103 ex
2749 5041 3065 5104 Canonicis
3088 5041 3148 5101 in
3171 5039 3369 5102 Choro
3392 5059 3587 5102 rema·

2026 5150 2232 5210 neret,
2261 5138 2424 5219 quod
2447 5138 2688 5199 videtur
2721 5136 3075 5198 absurdum.

2132 5232 2416 5303 Additur,
2433 5232 2594 5312 quod
2616 5230 2680 5293 in
2701 5229 3135 5293 caeremoniali
3150 5229 3584 5309 Episcoporum

363 5329 523 5391 cium
552 5329 630 5390 de
650 5326 790 5388 aliis
810 5327 1048 5399 verbis,
1074 5339 1124 5388 et
1155 5327 1544 5414 infrascriptis
1586 5329 1919 5392 homilibus
2032 5329 2131 5388 tib.
2166 5331 2225 5387 2.
2258 5346 2383 5406 cap.
2415 5331 2515 5386 25.
2551 5328 2767 5406 popina
2797 5328 2944 5385 mihi
2968 5330 3103 5386 326.
3132 5325 3353 5384 dicitur
3376 5369 3393 5396 ‚
3423 5324 3588 5404 quod

366 5427 521 5495 meis,
545 5442 688 5483 cum
717 5421 780 5483 in
810 5431 982 5502 parte
1001 5421 1155 5484 Fisci
1188 5420 1519 5495 exclusiva,
1544 5441 1702 5504 quae
1722 5421 1916 5485 inser-
2025 5423 2322 5502 Episcopo
2341 5420 2716 5494 celebrante,
2750 5420 2965 5501 illique
2992 5418 3409 5483 assistentibus
3434 5421 3585 5480 dim·

369 5517 499 5582 vire
520 5515 685 5582 valet
704 5533 816 5600 pro
834 5514 1241 5584 declaratione
1262 5514 1324 5578 in
1348 5515 1564 5582 ordine
1587 5516 1663 5582 ad
1679 5526 1912 5600 partem

2026 5518 2142 5581 bus
2164 5513 2482 5582 Canonicis
2503 5560 2522 5592 ‚
2556 5515 2823 5578 Diacouo
2844 5561 2862 5590 ,
2902 5526 2963 5579 et
2996 5515 3378 5580 Subdiacono
3410 5515 3587 5584 Fen-ia
