4393 6299
1541 548 2187 618 Quffisrtoxxv.
3291 554 3364 609 2¹1

321 719 436 774 qne
461 703 656 754 ilerum
686 698 786 753 sub
815 699 905 754 die
932 700 1016 753 1⁸.
1041 703 1156 756 lan.
1180 701 1337 756 1720.
1360 704 1501 758 Sacr.
1529 705 1884 773 congregatio
1996 714 2160 767 ctum
2194 702 2658 785 Juspfltronatus
2699 705 2879 771 efigm
2904 708 2982 770 gd
3004 706 3228 771 lineam
3262 708 3545 772 foemini-

324 792 531 859 pariter
550 788 854 858 respondit,
875 788 1102 856 Dilata5
1131 789 1315 844 eadem
1337 790 1534 846 deinde
1552 795 1890 863 reproposita
1996 820 2135 862 nam
2160 846 2177 872 ‚
2221 820 2296 861 ex
2327 819 2450 883 quo
2480 800 2637 881 facta
2674 810 2763 863 est
2814 801 3044 864 oblatio
3087 805 3395 885 augmenti
3428 807 3546 866 Bo-

328 878 422 931 die
447 877 541 929 2⁴·
569 876 732 930 Feb‘·
764 876 922 929 ¹⁷²⁰·
944 893 1043 929 nec
1076 878 1182 928 ⁰¹¹⁸
1226 886 1350 930 tuuc
1375 897 1592 950 quoque
1618 880 1717 932 sust
1741 891 1891 951 ⁰⁸9⁸·
1999 915 2219 957 norum
2246 916 2360 976 pro
2400 897 2550 958 Dote
2577 898 3021 973 praedictorum
3043 898 3541 962 Canonicatuum.

324 965 629 1024 resolutiog
678 963 770 1015 sed
814 963 938 1015 visis
991 964 1119 1015 actis
1145 964 1336 1019 Curiae
1357 966 1718 1031 Ceth-censis,
1747 971 1889 1024 Sacr-

321 1052 711 1121 Congregatio,
757 1060 814 1103 ut
837 1052 1036 1103 cautius
1066 1054 1399 1120 procederet,
1447 1057 1744 1126 rescripsit,
1789 1056 1893 1111 Di·

323 1145 475 1209 Iota,
524 1154 578 1194 et
627 1139 704 1192 acl
730 1154 988 1206 mentem,-
1038 1153 1090 1194 et
1119 1161 1268 1193 mens
1296 1143 1413 1209 fuit,
1441 1144 1590 1214 quod
1622 1146 1887 1199 moderno

319 1232 604 1299 Episcopo
632 1231 972 1284 Neocastren.
1017 1230 1339 1284 scriberetur
1365 1250 1466 1301 pro
1495 1240 1692 1286 secreta
1721 1233 1883 1287 infor·

323 1320 590 1370 motione.
619 1320 770 1370 Licet
794 1320 936 1369 enim
968 1320 1021 1368 in
1052 1317 1146 1371 bac
1172 1319 1340 1373 Causa
1367 1320 1482 1371 bini
1514 1322 1710 1373 suerint
1762 1342 1886 1375 con·

321 1407 443 1461 fecti
475 1425 781 1476 processus,
812 1406 988 1458 nullus
1019 1416 1190 1460 tamen
1221 1429 1245 1459 a
1268 1409 1372 1459 loci
1402 1408 1677 1479 Episcopo
1707 1411 1886 1464 conse·

322 1505 440 1547 ctus
467 1504 608 1548 erat.
638 1497 771 1549 Nam
802 1496 1006 1564 primus
1035 1513 1063 1547 a
1087 1496 1301 1548 vicario
1328 1497 1641 1566 capitulari,
1667 1500 1799 1553 alter
1823 1499 1886 1551 ab

327 1582 608 1651 Episcopo
630 1581 913 1635 Cathacen.
943 1590 1190 1652 tanquam
1221 1583 1460 1653 delegato
1491 1585 1656 1636 suerat
1685 1588 1892 1655 compi·

318 1672 476 1723 latus.
525 1673 960 1739 supervenerunt
1012 1672 1189 1739 itaque
1235 1673 1615 1740 responsiones
1642 1674 1886 1726 moderni

322 1760 584 1827 Episcopi
613 1762 925 1813 Neocasten.
956 1758 1153 1829 quibus
1178 1760 1350 1826 lectis,
1377 1769 1429 1812 et
1455 1762 1769 1814 examinatis
1799 1763 1888 1813 die

320 1849 373 1899 ’1.
401 1848 533 1900 Dee.
564 1848 724 1899 1721.
751 1864 1065 1915 responsum
1089 1849 1206 1912 fuit,
1228 1851 1352 1901 Non
1375 1866 1485 1901 esse
1511 1849 1691 1902 Iocum
1739 1851 1891 1904 resta·-

321 1934 528 1987 um’om‘
549 1934 605 1985 in
632 1934 931 2002 integrum,
960 1946 1014 1987 et
1042 1935 1231 2002 quoad
1253 1936 1649 1991 absolutionem
1676 1957 1713 1991 a
1760 1941 1887 1993 Cen·

323 2024 472 2076 suris
492 2022 566 2074 od
581 2023 633 2075 d.
651 2023 1015 2075 Secreearium
1036 2042 1159 2076 eum
1190 2024 1540 2079 sanctissimo
1563 2064 1576 2077 .

443 2113 754 2164 Reti-mavit
781 2112 846 2163 ab
875 2112 971 2163 bac
999 2112 1271 2165 decisione
1298 2114 1465 2167 Maria
1486 2114 1815 2180 hinad-lene,
1834 2125 1888 2170 et

334 2200 459 2252 licet
484 2201 678 2270 pluries
708 2202 920 2268 rejecta,
951 2200 1161 2253 tandem
1191 2201 1279 2251 die
1304 2200 1394 2253 28.
1424 2204 1568 2271 Sept.
1607 2204 1767 2257 172⁶.
1789 2205 1884 2256 im·

337 2291 570 2357 petrarit,
601 2299 656 2340 ut
683 2288 875 2340 iterum
905 2290 1200 2342 audiretur.
1227 2291 1539 2343 Consultius
1568 2300 1739 2344 tamen
1766 2310 1882 2346 een-

332 2378 428 2430 suit
456 2378 604 2430 Sacr.
641 2378 1033 2447 congregatio,
1062 2386 1339 2446 antequanm
1369 2377 1536 2432 Causa
1560 2396 1888 2450 proponere·

323 2475 420 2530 tur,
474 2466 748 2534 requirere
775 2466 1102 2536 Episcopum
1132 2466 1371 2518 Mileten.
1413 2476 1468 2518 ut
1494 2463 1590 2519 bac
1618 2466 1685 2520 de
1713 2487 1768 2521 re
1806 2486 1887 2521 se-

323 2564 486 2607 cretas
514 2553 738 2606 notitias
780 2553 1155 2623 investigaret,
1194 2572 1254 2606 ac
1283 2554 1350 2606 de
1394 2555 1463 2607 iis
1510 2557 1619 2610 BE.
1661 2558 1758 2609 1‘12.
1804 2557 1885 2609 in·

320 2650 579 2703 strueret;
629 2640 975 2712 adrectisque
1023 2639 1087 2693 ad
1115 2640 1313 2696 Urbem
1343 2642 1512 2713 ipsius
1539 2644 1793 2714 Episcopi
1820 2645 1883 2697 li-

324 2729 470 2792 teris,
499 2746 726 2799 quatum
757 2731 996 2798 exempla
1048 2729 1102 2780 in
1144 2730 1286 2781 Saer.
1312 2729 1746 2802 congregatione
1792 2733 1884 2788 die

318 2815 403 2870 21.
430 2816 563 2885 Aug.
602 2814 761 2869 1728.
791 2817 1075 2870 distributa
1114 2825 1268 2877 suntg
1308 2827 1360 2870 et
1407 2818 1666 2872 absolutis
1695 2821 1884 2874 Paren-

318 2904 458 2955 tibus
486 2903 749 2957 Oratricis
770 2924 795 2955 a
813 2903 1099 2967 censuris:
1126 2921 1184 2955 ac
1207 2907 1557 2971 Monasterio,
1579 2905 1725 2977 quod
1748 2909 1881 2962 olim

320 2992 548 3044 viriiiter
575 2990 1271 3060 propugnaritvaliditatem
1299 2993 1676 3060 professionis,
1695 2997 1883 3049 volun·

321 3080 409 3129 tati
430 3078 689 3130 Monialis
711 3079 1096 3149 acquiescente,
1136 3081 1477 3151 propositum
1506 3080 1612 3134 fuit
1632 3081 1883 3137 deciden-

323 3166 450 3219 dum
479 3168 804 3237 quaesitum,

431 3259 528 3309 An
555 3266 691 3309 esses
710 3255 968 3309 standum
984 3295 1004 3322 ,
1050 3257 1150 3309 vel
1165 3255 1523 3310 recedendum
1551 3276 1587 3311 a
1608 3257 1811 3313 deeiuis
1827 3297 1841 3312 .

429 3439 572 3490 Sacr.
600 3438 801 3507 Congr.
839 3438 927 3491 die
956 3441 1039 3489 1¹.
1068 3440 1210 3507 Sept.
1241 3439 1399 3491 ¹728.
1457 3441 1772 3509 respondit,

505 3525 752 3579 Praevia
779 3543 989 3580 recessu
1018 3545 1053 3577 a
1082 3526 1298 3594 decisis,
1327 3545 1440 3582 esse
1459 3529 1644 3583 locum
1670 3529 1883 3584 renitu-

325 3613 463 3666 eiom'
485 3613 544 3665 in
571 3615 864 3682 integrum,
894 3627 946 3668 eu
970 3614 1048 3667 ad
1068 3628 1329 3669 mentem.

774 3807 1136 3882 QUAESTlo
1178 3809 1409 3872 XXVI.

2114 991 2229 1052 His
2260 990 2344 1054 ita
2367 993 2603 1053 statutis
2626 1038 2643 1065 ,
2669 992 2826 1056 nibil
2857 993 3024 1055 aliud
3051 1010 3357 1074 superesse
3378 993 3548 1057 vide-

1997 1085 2177 1147 batur
2203 1105 2312 1165 pro
2335 1086 2633 1147 erectione
2648 1106 2836 1147 novae
2858 1086 3243 1169 Collegiatae,
3268 1088 3370 1149 sed
3394 1088 3543 1150 dum

1997 1180 2277 1260 Deputati
2324 1199 2565 1242 omnem
2599 1200 2846 1261 operam
2902 1183 3208 1245 navabant
3263 1203 3394 1262 pro.
3415 1185 3546 1265 ejus

1992 1275 2214 1338 actuali
2252 1276 2586 1349 erectione,
2613 1295 2790 1348 nova,
2819 1285 2877 1339 et
2902 1298 3118 1359 magna
3147 1279 3402 1342 excitata
3429 1279 3546 1342 fuit

1994 1388 2028 1432 a
2056 1367 2337 1451 Capitulo
2360 1369 2735 1433 Cathedralis
2752 1371 3053 1434 Ecclesiae
3073 1374 3304 1433 Lunen.
3334 1374 3547 1436 Sarza-

1997 1482 2141 1525 nen.
2186 1463 2630 1538 controversia,
2663 1464 2990 1526 consistens
3025 1465 3086 1526 in
3135 1466 3503 1548 praejudicio
3525 1514 3543 1542 ,

1995 1557 2160 1636 quod
2211 1558 2345 1619 sibi.
2381 1578 2457 1619 ex
2500 1558 2801 1621 erectione
2836 1559 3198 1641 collegiatae
3226 1562 3549 1642 provenire

1995 1651 2234 1715 dicebat
2259 1672 2277 1725 ς
2326 1672 2463 1714 cum
2509 1652 2674 1714 enim
2711 1653 2789 1715 ad
2837 1653 3032 1736 ipsum
3075 1654 3402 1737 pertineret
3444 1661 3548 1740 jus

1994 1746 2341 1809 conferendi
2377 1747 2793 1810 parochialem
2832 1750 3158 1812 Ecclesiam
3183 1750 3385 1815 Sancti
3427 1752 3547 1815 Ge-

1997 1841 2292 1915 miniani,
2320 1851 2379 1903 et
2402 1841 2587 1925 hujus
2611 1841 2984 1908 Parochialis
3009 1844 3175 1907 Bona
3219 1854 3417 1910 essent
3437 1867 3548 1928 ap-

1995 1936 2274 2015 plicanda
2306 1937 2652 2017 Praeposito
2698 1958 2891 2002 novae
2933 1937 3328 2021 collegiatae,
3367 1950 3427 2003 et
3464 1944 3546 2005 ad

1994 2032 2404 2111 Praepositum
2424 2042 2810 2114 protempore
2836 2032 3194 2096 Animarum
3218 2055 3364 2098 cura
3392 2044 3545 2100 esset

1991 2126 2337 2201 deferenda,
2363 2147 2681 2208 suppresso
2706 2147 3091 2209 quocumque
3117 2130 3322 2191 Titulo
3349 2130 3544 2194 Colla-

1992 2221 2119 2282 tivo
2146 2222 2445 2283 Ecclesiae
2471 2221 2670 2284 Sancti
2695 2221 3067 2294 Geminiani,
3102 2223 3543 2305 praejudicium

1991 2314 2251 2393 Capituli
2302 2325 2536 2378 certum
2585 2335 2712 2379 esse
2743 2315 3099 2391 videbatur,
3147 2318 3430 2398 quocirca
3469 2319 3539 2381 in

1990 2407 2465 2489 Congregatione
2490 2406 2700 2470 habita
2728 2411 2818 2469 dio
2856 2415 2914 2471 3.
2970 2408 3314 2491 Septembris
3358 2416 3534 2473 1707.

1989 2501 2310 2583 propositis
2357 2502 2595 2563 duobus
2625 2500 2829 2564 dubiis
2851 2549 2868 2575 ,
2899 2503 3098 2582 primo
3139 2504 3365 2567 scilicet
3387 2550 3406 2579 ,
3460 2526 3542 2566 an

1985 2607 2263 2658 constaret
2292 2599 2357 2657 de
2374 2596 2508 2675 jure
2528 2597 2870 2671 conserendi,
2905 2608 2959 2659 et
2989 2607 3266 2677 quatenus
3286 2600 3540 2679 affirmo·

1991 2694 2121 2766 tivo,
2140 2691 2426 2762 secunde,
2444 2711 2522 2753 an
2542 2692 2697 2752 illud
2713 2692 2956 2753 obstaret
2977 2696 3241 2754 erectioni
3263 2693 3542 2775 coueqia-

1988 2795 2100 2856 τσο,
2128 2785 2203 2847 ad
2231 2791 2560 2864 utrumque
2580 2804 2928 2868 responsum
2955 2784 3074 2849 fuit
3099 2785 3468 2866 affirmative.

2102 2879 2374 2941 Iuridica
2410 2879 2557 2942 haec
2576 2878 2837 2961 Capituli
2864 2880 3161 2962 oppositio
3188 2882 3538 2963 sepulchra·

1989 2972 2106 3035 lem
2138 2973 2586 3055 quodammodo
2610 2974 2872 3055 lapidem
2906 2975 3262 3058 impositura
3294 2975 3541 3039 videba-

1987 3077 2087 3129 tur
2112 3069 2399 3131 erectioni
2422 3087 2613 3131 novae
2632 3068 3014 3153 Collegiatae,
3030 3089 3152 3130 non
3165 3069 3297 3133 sine
3318 3070 3542 3136 damno

1985 3163 2184 3225 cultus
2223 3163 2453 3236 divini,
2488 3184 2599 3226 nec
2625 3164 2758 3225 sine
2804 3163 3289 3246 praecedentium
3318 3184 3540 3247 expen-

1983 3276 2191 3320 sarum
2205 3277 2326 3321 non
2339 3257 2573 3320 modica
2587 3257 2826 3340 jactura
2843 3278 2860 3332 3
2883 3275 3144 3338 cumque
3164 3256 3370 3319 nullus
3381 3258 3540 3322 alius

1985 3360 2318 3431 superesset
2353 3351 2519 3412 locus
2561 3351 2635 3413 de
2681 3352 2880 3412 medio
2912 3350 3162 3413 tollendi
3209 3352 3537 3431 oppositio-

1986 3461 2124 3506 nem
2150 3444 2439 3527 Capituli,
2470 3464 2654 3525 quam
2699 3444 2895 3506 eidem
2915 3444 3222 3507 offerendo
3243 3447 3344 3527 jus
3368 3464 3538 3526 prae-

1984 3538 2261 3600 sentandi
2305 3540 2379 3600 ad
2423 3558 2614 3599 unum
2645 3557 2719 3599 ex
2749 3533 3253 3613 Canonicatibus,
3284 3539 3347 3601 in
3378 3559 3533 3602 nova

1985 3631 2309 3714 Collegiata
2334 3632 2656 3714 erigendis,
2676 3633 2751 3695 ad
2780 3634 3224 3696 emendandum
3256 3633 3536 3698 videlicet

1985 3729 2309 3801 damnum,
2364 3727 2526 3808 quod
2572 3727 2636 3787 in
2683 3727 2878 3808 ipsum
2914 3728 3230 3792 derivabat
3280 3749 3355 3791 ex
3398 3749 3535 3810 sup-

1984 3821 2292 3904 pressione
2321 3819 2694 3885 Parochialis
2721 3821 3021 3886 Ecclesiae
3059 3822 3123 3886 S.
3145 3817 3530 3898 Geminiani,

1880 3931 1885 3938 “
1952 3901 2070 3979 nui
2097 3916 2347 3998 hujusce
2371 3916 2599 3980 Causae
2627 3916 2946 3979 historiam
2981 3917 3300 3981 referendo
3320 3919 3531 3981 admo-

331 4006 399 4069 Ie
423 4007 620 4071 θαωα
640 4007 864 4070 Leaen.
885 4009 1210 4073 Sonam.
1243 4011 1563 4074 Erectionis
1587 4011 1871 4094 colleqia·

755 4105 971 4187 tamdia
988 4110 1047 4165 7.
1072 4105 1234 4185 Maji
1260 4111 1432 4168 1718.

323 4233 630 4355 praeviis
658 4291 896 4354 duabus
926 4291 1249 4356 luculentis
1276 4294 1672 4358 relationibus
1712 4297 1875 4359 Emi·

326 4386 664 4448 nentissimi
690 4387 934 4448 Domini
962 4390 1079 4449 mei
1107 4388 1447 4451 Cardinalis
1470 4392 1748 4463 Tanarii,'
1764 4393 1876 4454 Sa-

322 4497 418 4542 cra
445 4480 600 4542 haec
641 4481 1040 4563 Congregatio
1081 4483 1183 4544 die
1235 4489 1334 4544 26.
1384 4484 1665 4546 Januarii
1691 4492 1866 4549 1704.

323 4575 647 4648 concessit,
681 4585 753 4637 ut
797 4577 1064 4638 Ecclesia
1095 4578 1314 4641 Beatae
1341 4579 1574 4642 Mariae
1598 4580 1872 4660 Virginis

321 4667 394 4729 de
417 4668 674 4749 Populo,
699 4671 963 4732 existens
991 4671 1054 4731 in
1078 4673 1263 4734 Terra
1293 4674 1661 4736 Pontremoli
1688 4676 1865 4737 Dioe-

318 4763 465 4825 cesis
504 4763 737 4825 Lunen.
787 4764 1112 4828 Sarzanen.
1157 4774 1218 4829 et
1239 4768 1401 4830 intra
1432 4768 1654 4830 limites
1682 4768 1866 4831 Paro·

317 4854 532 4919 chialis
551 4857 851 4920 Ecclesiae
875 4859 938 4920 S.
970 4859 1313 4924 Geminiani
1338 4907 1355 4935 ,
1386 4862 1536 4944 erigi
1568 4871 1761 4942 posset
1800 4863 1863 4923 in

320 4949 738 5033 Collegiatam,
771 4962 832 5016 et
857 4955 1019 5034 quod
1042 4956 1506 5035 Juspatronatus
1535 4957 1866 5020 Canonica-

319 5052 492 5107 tuum
514 5093 529 5116 ‚
581 5056 829 5128 excepto
879 5049 1248 5111 Canonicatu
1297 5050 1554 5133 Reghini
1574 5097 1591 5122 ,
1643 5051 1706 5112 in
1741 5071 1864 5133 quo

319 5141 631 5204 mandavit
646 5143 1092 5206 oboervantiam
1114 5144 1523 5224 dispositionis
1552 5145 1863 5208 Fundato·

317 5235 422 5310 ris,
451 5244 606 5299 esset
626 5248 998 5301 reservatum
1027 5241 1102 5301 ad
1127 5239 1351 5302 lineam
1374 5247 1609 5302 tantum
1629 5260 1865 5304 mascu-

318 5327 511 5392 linam
561 5350 798 5404 eorum,
830 5332 939 5411 qui
970 5334 1134 5396 Bona
1160 5353 1271 5396 sua
1304 5353 1413 5414 pro
1440 5334 1686 5395 illorum
1731 5355 1866 5396 ere-

1983 4013 2119 4075 nuit
2145 4013 2219 4075 R.
2245 4012 2311 4072 P.
2341 4012 2413 4071 D.
2439 4011 2639 4084 Petra,
2668 4010 2817 4072 olim
2843 4030 2882 4075 a
2901 4012 3142 4074 secretis
3166 4011 3348 4094 hujus
3393 4012 3526 4074 Sac.

1980 4103 2476 4187 Congregationis
2503 4116 2645 4164 tomo
2665 4110 2723 4166 3.
2750 4125 2983 4166 suorum
3021 4103 3402 4168 Commentar.
3429 4126 3527 4187 pa.

1982 4205 2081 4261 66.
2104 4221 2265 4261 num.
2294 4204 2391 4261 39.
2420 4212 2470 4260 et
2493 4203 2593 4264 40.
2615 4199 2859 4260 Domini
2875 4199 2956 4262 de
2974 4199 3264 4263 Maraffiis
3284 4200 3532 4264 Funda-

1982 4303 2138 4356 tores
2163 4294 2349 4355 unius
2370 4299 2444 4356 ex
2476 4294 2945 4356 Canonicatibns
2966 4294 3030 4356 in
3055 4294 3383 4376 collegiata
3409 4296 3533 4357 eri-

1979 4388 2213 4469 gendiS,
2240 4407 2304 4449 se
2322 4396 2649 4469 promptOS,
2674 4394 2734 4449 et
2750 4395 2994 4468 paratos
3019 4386 3433 4449 exhibuerunt
3454 4388 3531 4451 ad

1978 4483 2311 4544 cedendum
2350 4481 2815 4561 Juspatronatus
2863 4481 3073 4544 favore
3120 4481 3383 4562 Capituli
3416 4481 3533 4545 Ca·

1979 4576 2273 4638 thedralis
2292 4576 2592 4639 Ecclesiae
2616 4569 2849 4637 Lu‘nen.
2884 4575 3209 4654 Sarzanen.

2092 4671 2304 4736 Delata
2333 4670 2521 4751 hujus
2542 4669 2872 4732 oblationis
2896 4669 3112 4732 notitia
3132 4669 3206 4732 ad
3237 4669 3393 4732 hanc
3419 4671 3529 4734 Sa-

1974 4785 2136 4827 cram
2170 4764 2732 4845 Congregationem,
2773 4763 2890 4825 fuit
2907 4764 3085 4847 juxta
3115 4782 3348 4825 morem
3375 4765 3524 4826 scri.

1976 4870 2143 4939 ptum
2192 4858 2524 4921 Ordinario
2573 4876 2686 4939 pro
2733 4857 3168 4920 informatione
3187 4903 3205 4931 ,
3266 4878 3528 4938 cumque

1976 4954 2363 5021 ordinarius,
2388 4953 2453 5015 in
2475 4952 2775 5013 commissi
2801 4951 2916 5012 sibi
2939 4951 3208 5013 muneris
3230 4950 3526 5031 adimple-

1978 5058 2271 5121 mentum,
2302 5048 2510 5109 Edicta
2535 5046 2694 5127 affigi
2722 5045 2991 5127 jusserit,
3013 5055 3080 5106 ut
3108 5044 3528 5125 unusquisque

1974 5161 2083 5205 sua
2104 5143 2245 5225 jura
2275 5141 2570 5203 deducere
2604 5148 2797 5221 posset
2829 5139 2891 5201 in
2919 5158 2990 5201 eo
3009 5138 3171 5220 quod
3194 5139 3409 5200 attinet
3444 5137 3524 5200 ad

1972 5254 2165 5297 novae
2199 5234 2561 5316 Cellegiatae
2587 5235 2948 5297 erectionem
2978 5278 2996 5304 ,
3053 5232 3267 5318 plures
3286 5231 3521 5294 inventi

1970 5338 2111 5392 sunt
2134 5329 2559 5411 Oppositores;
2609 5349 2673 5391 se
2711 5332 2995 5410 opposuit
3020 5326 3243 5390 etenim
3274 5325 3523 5410 Capitu-

316 5422 516 5487 ctione
542 5424 821 5487 conferre
858 5428 1314 5506 promittebant,
1351 5438 1411 5491 et
1439 5428 1540 5490 die
1573 5433 1667 5489 19.
1693 5429 1860 5490 Junii
1974 5424 2102 5485 lum
2132 5425 2368 5486 Lunen.
2390 5424 2718 5485 Sarzanen.
2742 5442 2868 5483 sese
2895 5430 3307 5503 opposuerunt
3322 5420 3523 5484 Ratio·

321 5519 494 5581 1704.
542 5518 693 5583 baec
721 5520 929 5582 eadem
957 5520 1140 5585 Sacra
1186 5521 1407 5605 Congr.
1465 5522 1736 5586 extendit
1768 5523 1862 5585 di·

640 5642 851 5682 nanno.
891 5644 1007 5685 xiv.
1046 5645 1192 5684 rou.
1230 5631 1346 5688 ΧΠ.

1974 5519 2272 5583 cinatores
2299 5519 2652 5593 Comitatus,
2676 5520 2957 5580 Rectores
2980 5514 3386 5580 Ecclesiarum
3405 5515 3521 5578 ea-

3157 5629 3193 5681 li
