4393 6299
1570 526 2078 597 souffis‘rro
2134 525 2322 583 xxm.
3334 530 3406 585 ss

372 677 438 738 ed
460 679 684 750 ultime,
728 701 757 742 c
784 683 928 743 delli
957 680 1176 744 Piviali
1202 684 1293 743 viel
1315 684 1495 753 inodo,
1529 703 1556 743 e
1582 685 1765 760 sonna
1789 729 1805 753 ‚
1835 682 1933 744 cho

373 775 423 835 si
441 776 735 854 ripartird
754 776 859 838 dal
910 777 1103 856 siqnor
1129 775 1425 858 PrepostO.
1465 775 1741 858 Cumque
1768 775 1936 839 Anti·

374 879 487 930 stes
518 868 643 939 hic,
673 870 736 931 in
765 871 976 931 eodem
1008 870 1200 933 edicto
1231 880 1476 934 testetur
1501 870 1576 933 de
1619 869 1932 934 immemo-

372 964 549 1025 rabili
581 965 995 1040 observantia,
1029 967 1303 1028 l'attenta
1323 968 1713 1048 applicazioue
1742 978 1844 1027 etc.
1885 968 1940 1026 ei

371 1059 594 1139 obbliga
628 1060 707 1120 ad
742 1061 1032 1122 inculcare
1060 1080 1162 1122 con
1205 1063 1343 1140 eqni
1380 1063 1489 1142 piis
1533 1061 1763 1124 ardente
1811 1061 1934 1123 zelo

375 1156 510 1233 quel
537 1166 701 1216 tanto
746 1156 822 1217 da
852 1167 1032 1237 tempo
1067 1157 1503 1219 immemorabile
1548 1156 1737 1217 banno
1775 1157 1936 1236 pari·

372 1259 554 1308 niente
607 1250 1030 1311 determinatoi
1066 1254 1249 1313 nostri
1282 1250 1631 1314 Antecessori
1654 1299 1670 1323 ,
1703 1252 1748 1310 li
1769 1252 1934 1329 quali

369 1363 474 1423 per
498 1346 771 1424 riparare
788 1346 912 1405 alla
933 1348 1222 1418 numitd,
1237 1347 1333 1407 che
1356 1348 1415 1408 la
1440 1346 1737 1407 medesima
1762 1344 1931 1407 Chic-

368 1458 430 1498 sa
462 1438 537 1498 ba
572 1439 658 1497 de'
678 1436 971 1511 Ministri,
997 1440 1094 1501 ebe
1119 1459 1215 1501 con
1241 1441 1400 1499 titolo
1429 1441 1491 1499 di
1515 1438 1888 1518 Mansionarj
1910 1487 1928 1510 ,

371 1552 402 1592 o
423 1531 767 1613 Beneficiati
786 1535 1039 1614 prestino
1058 1537 1188 1613 quel
1208 1537 1468 1611 sm‘zio,
1492 1535 1591 1595 ebe
1613 1536 1856 1596 ricbiede
1883 1536 1931 1596 it

374 1628 523 1688 buon
546 1629 749 1688 ordlm
774 1628 925 1690 della
956 1625 1270 1689 Gerarchia
1293 1628 1718 1702 Ecclesiastico,
1750 1630 1927 1690 obbli-

367 1744 580 1802 9arouo
625 1725 713 1802 qli
754 1720 1072 1804 officiatori
1108 1724 1250 1785 delle
1289 1725 1432 1786 detto
1470 1722 1735 1805 Coppelle
1777 1726 1928 1787 della

370 1820 518 1879 detta
549 1817 600 1879 C
600 1818 879 1881 attedrale
896 1838 935 1880 a
955 1828 1188 1879 cantare
1207 1838 1284 1880 ec.
1303 1820 1602 1900 portarsli
1619 1820 1831 1901 piviali
1845 1839 1922 1880 cc.

370 1935 399 1975 e
424 1915 702 1975 celebrare
729 1914 781 1973 le
812 1911 997 1975 Messe
1028 1932 1131 1993 per
1164 1914 1212 1974 le
1243 1915 1361 1975 loro
1396 1912 1664 1994 Coppelle
1689 1914 1930 1976 merore

370 2010 687 2069 distribuite
717 2018 822 2069 etc.
867 2005 1172 2070 concludit
1216 2007 1541 2070 modernus
1574 2007 1924 2089 Episcopum,

372 2103 719 2165 nullatenus
742 2120 873 2165 esse
902 2102 1261 2183 permissum
1286 2099 1654 2184 cappellano
1680 2102 1927 2184 Cappel-

375 2196 571 2260 laniae
593 2196 799 2260 Sancti
822 2195 1183 2260 Ber-nardini
1212 2216 1277 2260 se
1305 2197 1575 2261 eximere
1598 2218 1638 2260 a
1687 2198 1923 2280 praedi-

376 2292 480 2355 etis
504 2292 798 2354 oneribus
817 2290 884 2354 in
908 2290 1182 2367 Tabella,
1209 2290 1338 2355 sive
1357 2290 1622 2354 Tabellis
1641 2291 1926 2372 praescri·

364 2387 497 2469 ptis.

483 2480 810 2562 Multoque
856 2481 1086 2563 magis,
1111 2500 1250 2543 cum
1286 2500 1409 2544 non
1439 2480 1633 2543 solum
1662 2480 1785 2542 duo
1810 2482 1922 2541 Te-

360 2588 475 2640 stes
494 2577 868 2651 Sacerdotes,
907 2576 1046 2657 qui,
1084 2576 1278 2657 spatio
1313 2575 1563 2658 triginta
1592 2595 1919 2650 annorum,

362 2671 789 2753 cappellanias
833 2671 1234 2733 obtinuerunt
1278 2671 1355 2733 de
1387 2676 1531 2752 jure
1571 2679 1924 2751 patronatus

365 2767 687 2829 Laicorum
737 2777 972 2828 erectas
1014 2765 1076 2827 in
1113 2764 1460 2828 Catbedrali
1487 2764 1752 2828 Ecclesia
1785 2764 1921 2827 Cal-

361 2862 560 2934 liensi,
586 2862 795 2924 dicant
814 2880 879 2922 se
900 2859 1113 2923 Missas
1131 2859 1526 2923 celebravisse
1545 2859 1622 2923 ad
1642 2878 1918 2923 normam

361 2957 672 3031 Tabellas,
707 2966 949 3037 tresque
971 2955 1079 3018 alii
1105 2956 1450 3019 Sacerdotes
1472 2955 1918 3018 observantiam

360 3051 725 3114 confirment
773 3050 1086 3125 Tabellae,
1121 3070 1245 3132 quo
1272 3050 1349 3113 ad
1381 3050 1741 3114 delationem
1776 3049 1914 3114 Plu·

362 3146 641 3220 vialium,
672 3145 775 3208 sed
807 3144 971 3226 quod
1004 3144 1200 3227 magis
1232 3154 1343 3219 est,
1398 3144 1638 3226 ipsimet
1665 3143 1917 3227 Cappel-

2042 677 2221 745 Clara
2251 679 2660 758 Rorboscbin3
2700 689 3081 764 etquatenus
3123 681 3595 745 matrimonium

2040 777 2316 840 validum
2345 785 2680 858 reputetur,
2704 778 3003 859 supplicat
3032 797 3144 860 pro
3176 779 3307 862 ejus
3335 776 3593 840 dissolu·

2041 873 2205 935 tione
2229 918 2247 947 ,
2298 893 2399 934 seu
2439 871 2918 953 dispensatione,
2956 873 3070 936 snb
3096 874 3346 935 obtentu
3369 921 3387 944 ,
3429 872 3593 955 quod

2044 966 2198 1028 illud
2231 966 2415 1028 fuerit
2439 976 2662 1040 ratum,
2695 967 2795 1030 sed
2830 988 2951 1039 non
2994 976 3511 1041 consummatum,
3533 973 3595 1030 et

2040 1061 2236 1124 Maria
2261 1060 2440 1123 Clara
2462 1060 2750 1124 adhaeret
2776 1072 2902 1123 tum
2932 1062 3281 1133 instantiae,
3302 1069 3430 1124 tum
3446 1080 3591 1142 sup-

2043 1154 2351 1236 plicationi
2382 1202 2398 1225 ,
2438 1156 2528 1216 uti
2558 1154 2896 1217 desumitur
2923 1176 2999 1218 ex
3027 1158 3158 1239 ejus
3191 1153 3594 1219 declaratione

2040 1271 2244 1313 coram
2285 1248 2539 1312 officiali
2584 1250 2951 1332 Frisingensi
2976 1297 2993 1325 ,
3049 1272 3084 1313 a
3127 1269 3253 1331 quo
3277 1249 3594 1343 de·ordine

2039 1345 2221 1427 hujus
2263 1346 2480 1408 Sacrae
2519 1344 3019 1428 Coiigregationis
3061 1346 3178 1409 fuit
3233 1344 3594 1428 compilatus

2040 1441 2404 1503 Processusv

2154 1536 2642 1598 Fundamentum
2705 1534 3028 1599 instantiae
3080 1555 3261 1617 super
3311 1535 3592 1598 nullitate

2036 1629 2411 1691 Matrimonii
2445 1623 2833 1691 constituitur
2862 1629 2924 1691 in
2970 1628 3119 1704 boc,
3152 1630 3315 1711 quod
3355 1639 3590 1693 contra-

2034 1734 2195 1788 ctum
2233 1724 2418 1785 fuisse
2444 1724 2666 1786 dicitur
2694 1744 2802 1805 per
2827 1724 2981 1799 vim,
3008 1734 3068 1787 et
3097 1733 3323 1787 metum
3355 1723 3590 1789 Mariae

2035 1819 2250 1882 Clarae
2301 1818 2632 1892 incussum,
2669 1818 2824 1881 itaut
2854 1829 3098 1901 propter
3132 1818 3320 1882 animi
3349 1827 3590 1901 pertur-

2035 1915 2341 1977 bationem
2377 1912 2717 1995 ignoretur,
2741 1932 2818 1975 an
2847 1913 3234 1988 affirmative,
3284 1912 3382 1977 vel
3406 1932 3589 1995 nega-

2034 2008 2158 2073 tive
2186 2008 2564 2091 responderit
2608 2008 2911 2072 Sacerdoti
2943 2055 2959 2081 ,
3003 2009 3079 2071 de
3110 2028 3277 2072 more
3327 2008 3590 2071 interro-

2031 2103 2223 2186 ganti,
2254 2102 2756 2166 anmatrimonio
2787 2123 2924 2166 cum
2957 2103 3174 2187 ‚loseph
3220 2103 3419 2166 Felice
3442 2123 3589 2166 con·

2032 2198 2328 2262 trahendo
2356 2217 2664 2260 assensum
2695 2205 3044 2280 praestaret,
3074 2197 3586 2278 quemadmodum

2031 2293 2159 2373 ipsa
2182 2292 2379 2355 Maria
2402 2291 2579 2355 Clara
2598 2311 2801 2355 coram
2826 2292 2987 2355 dicto
3001 2291 3242 2356 officiali
3271 2288 3586 2359 Leodiensi

2037 2386 2312 2450 asseruit.

2150 2481 2640 2543 Fundamentum
2679 2469 2910 2544 ⁸deinde
2962 2478 3421 2563 supplicationis
3472 2500 3586 2562 pro

2032 2574 2447 2648 dissolutione,
2465 2594 2569 2636 seu
2591 2574 3038 2656 dispensatione
3057 2574 3425 2638 matrimonii
3450 2584 3584 2638 tan·

2033 2691 2219 2752 quam
2265 2669 2380 2733 rati
2406 2718 2421 2742 ,
2463 2678 2523 2732 et
2568 2688 2691 2731 non
2735 2671 3131 2732 consummati
3179 2669 3491 2751 reponitur
3517 2667 3586 2731 in

2032 2775 2245 2828 mutuo
2272 2814 2290 2837 ,
2319 2772 2379 2847 et
2424 2764 2704 2828 concordi
2734 2764 3056 2826 amborum
3102 2764 3440 2847 Conjngum
3472 2778 3584 2845 pro

2029 2861 2471 2941 dispensatione
2493 2853 2783 2922 consensu
2807 2904 2824 2933 ,
2854 2857 2919 2919 in
2948 2858 3160 2921 aetatis
3183 2859 3199 2917 i
3209 2857 3584 2940 naequalita-

2030 2963 2087 3016 te
2117 2955 2271 3015 inter
2289 2974 2391 3016 eos
2409 2952 2837 3026 intercedente,
2863 2952 3004 3015 etin
3029 2951 3580 3034 odioimplacabili,

2028 3068 2152 3129 quo
2180 3049 2346 3111 Uxor
2371 3049 2580 3111 affecta
2610 3055 2699 3110 est
2720 3067 2862 3129 erga
2891 3047 3135 3122 Virum,
3164 3046 3316 3111 itaut
3345 3047 3583 3128 pericu-

2022 3142 2151 3205 lum
2176 3141 2741 3216 mortisimmineat,
2759 3141 2846 3203 nti
2872 3141 3212 3204 desumitur
3232 3162 3308 3204 ex
3331 3161 3580 3223 respon-

361 3240 477 3302 lani
505 3239 942 3321 cappellaniae
964 3240 1166 3303 Sancti
1188 3231 1922 3314 Bernardini,'occasione
2025 3237 2301 3308 sionibus
2330 3235 2607 3298 Mulieris
2636 3255 2841 3314 coram
2868 3234 3123 3299 Officiali
3143 3282 3161 3310 ,
3191 3243 3253 3298 et
3291 3254 3367 3298 ex
3394 3234 3582 3298 infor»

360 3333 692 3415 recipiendi
724 3333 1168 3396 institutionem
1197 3334 1277 3395 ab
1299 3332 1626 3415 Episcopo,
1660 3353 1723 3395 se
1745 3335 1916 3414 jura-

359 3438 561 3490 mento
593 3426 1040 3514 obstrinxerint
1072 3427 1434 3489 observandi
1466 3427 1918 3510 dispositionem

353 3520 750 3585 'fabellarum
775 3566 793 3594 ,
830 3520 918 3582 uti
951 3521 1271 3603 signanter
1301 3521 1611 3604 colligitur
1638 3543 1711 3584 ex
1745 3521 1919 3585 insti·

2025 3331 2292 3394 mationa
2316 3329 2626 3392 Ordinarii
2653 3374 2670 3392 .
2905 3399 2913 3406 Α

2146 3429 2237 3489 De
2265 3425 2488 3488 summi
2542 3423 2853 3487 Pontificis
2901 3432 3193 3505 potestate
3235 3424 3299 3486 in
3338 3423 3583 3507 dispen-

2023 3521 2213 3584 sando
2239 3539 2421 3601 super
2447 3518 2840 3582 Matrimonia
2869 3527 3027 3594 rato,
3060 3527 3119 3581 et
3144 3537 3269 3580 non
3294 3538 3577 3582 consum-

356 3616 591 3677 tutione
614 3614 889 3676 moderni
906 3613 1257 3695 Cappellani
1274 3660 1292 3689 ,
1321 3615 1553 3698 offerens
1573 3636 1629 3677 so
1640 3626 1919 3697 paratum
2024 3624 2211 3689 mato,
2242 3615 2412 3677 nulla
2437 3623 2526 3676 est
2552 3613 2615 3675 in
2639 3613 2796 3687 soro,
2822 3622 2881 3677 et
2911 3613 2977 3675 in
3008 3613 3184 3696 praxi
3212 3612 3576 3695 disputati03

354 3713 632 3772 sustinere
676 3730 849 3770 onera
880 3710 1124 3788 ejusdem
1174 3710 1482 3792 Coppellae
1505 3757 1522 3785 ,
1578 3720 1692 3773 tarn
1728 3712 1916 3788 quoad

351 3805 783 3867 celebrationem
799 3802 1143 3878 Missurum,
1166 3824 1340 3883 quam
1356 3805 1419 3873 in
1438 3805 1691 3885 parendo
1715 3803 1770 3864 T
1760 3804 1916 3867 abel·

354 3902 467 3973 lae,
497 3899 761 3979 faciendo
787 3897 1313 3970 Hebdomadarias,
1364 3899 1641 3961 servando
1659 3908 1911 3974 statuta,

347 4007 398 4056 ct
433 3995 752 4056 laudabiles
774 3994 1196 4055 consuetudines
1224 3993 1533 4067 Ecclesiae,
1558 4004 1608 4055 et
1630 3995 1710 4055 sic
1733 3993 1914 4056 medio

343 4091 673 4168 juramento
694 4090 858 4150 tactis
878 4101 981 4149 etc.
1000 4098 1049 4149 et
1068 4107 1230 4168 praes
1213 4089 1396 4150 ertim
1415 4089 1702 4150 observare
1717 4086 1914 4151 Decre-

345 4198 407 4248 ta
430 4185 848 4256 Illum-issimi,
870 4194 920 4245 et
941 4183 1411 4246 Reverendissimi
1430 4183 1702 4266 Episcopi
1723 4184 1912 4265 quoad

353 4280 703 4363 Coppeltau,
736 4290 788 4340 et
806 4280 1099 4340 sertitium
1129 4277 1446 4341 Ecclesiae.

474 4374 811 4451 Quaeritur
838 4372 1045 4454 itaque

472 4469 569 4530 An
609 4467 998 4549 Coppellanus
1023 4465 1232 4529 Sancti
1253 4465 1609 4530 Reman-dmi
1652 4477 1910 4531 tencatur

2021 3719 2084 3774 et
2125 3708 2256 3773 sola
2277 3709 2688 3772 controversia
2722 3708 2929 3772 reduci
2959 3708 3272 3772 consuevit
3312 3708 3386 3771 ad
3419 3707 3578 3771 Cau-

2023 3825 2176 3879 sam,
2202 3823 2282 3867 an
2313 3804 2471 3867 adsit
2498 3804 2778 3866 videlicet
2798 3822 2979 3866 causa
3005 3803 3307 3866 sufficiens
3327 3822 3440 3885 pro
3467 3801 3573 3866 tali

2021 3897 2471 3981 dispensatione
2494 3896 2906 3972 concedenda„
2929 3904 2990 3959 et
3015 3915 3094 3959 an
3120 3895 3427 3960 verificata
3454 3894 3575 3960 dici

2017 3994 2219 4058 valeat
2264 3992 2715 4057 circumstantia
2739 4038 2758 4067 ,
2790 3993 2955 4075 quod
2985 3991 3449 4056 Matrimonium
3492 3991 3573 4055 sit

2018 4099 2256 4164 ratum,
2288 4098 2349 4152 et
2376 4108 2495 4151 non
2520 4096 3041 4151 consummatum:
3079 4107 3157 4150 ex
3199 4085 3433 4150 defectu
3455 4093 3573 4149 ete-

2019 4186 2146 4249 nim
2181 4183 2613 4272 verificationis
2643 4183 2896 4266 hujusce
2931 4181 3443 4257 circumstantiae,
3471 4182 3576 4244 Sa·

1936 4349 1941 4352 ,
2013 4300 2118 4343 cra
2142 4280 2293 4344 baec
2312 4277 2710 4361 congregatio
2736 4277 2936 4340 noluit
2963 4296 3237 4345 annuere
3261 4276 3573 4357 dispensa-

2017 4375 2166 4438 tioni
2193 4421 2213 4450 ,
2254 4374 2395 4437 licet
2437 4381 2719 4455 ageretur
2750 4372 2827 4434 de
2872 4372 3155 4451 Muliere,
3183 4391 3342 4453 quae
3372 4371 3574 4435 fuerat

2013 4469 2281 4533 haeresis
2305 4469 2446 4532 labe
2477 4468 2722 4542 infecta,
2751 4475 2814 4530 et
2837 4486 2996 4548 quae
3016 4487 3050 4529 a
3095 4465 3573 4548 consanguineis

344 4564 570 4642 deferre
595 4561 889 4633 Plus-iate,
919 4572 971 4621 et
1003 4581 1232 4623 sacrum
1272 4563 1550 4624 celebrare
1586 4564 1753 4624 certis
1795 4564 1909 4625 die·
2009 4562 2327 4628 haereticis
2344 4562 2807 4635 sollicitabatur,
2834 4570 2902 4623 ut
2924 4561 2997 4623 ad
3023 4555 3319 4623 vomitum
3346 4560 3573 4626 rediret

341 4661 482 4730 bus,
511 4670 562 4719 et
584 4659 738 4718 horis
765 4658 1133 4737 praescriptis
1162 4658 1227 4716 in
1251 4655 1495 4718 Tabellis
1517 4659 1582 4717 in
1603 4676 1738 4719 casu
1761 4668 1862 4721 ete.

459 4835 603 4887 sacr.
634 4833 834 4899 Congr.
872 4830 961 4884 «lie
988 4831 1037 4884 l.
1066 4833 1220 4884 Mart.
1249 4832 1407 4886 1⁷1⁹.
1447 4835 1751 4905 respondit,

532 4917 916 4990 Affirmaeiue,
947 4930 1000 4970 et
1020 4918 1289 4990 amplius.

811 5063 1173 5138 QUAESTIO
1213 5063 1447 5129 xxlv.

510 5215 578 5276 In
613 5214 806 5276 Causa
832 5213 1149 5294 Frisinqen.
1184 5214 1272 5275 die
1292 5220 1352 5276 7.
1382 5214 1542 5296 Maii
1568 5222 1740 5280 1718.

2006 4660 2122 4722 sub
2149 4677 2277 4740 spe,
2299 4666 2362 4721 et
2389 4656 2823 4740 pollicitatione
2859 4654 3113 4717 alterius
3137 4654 3316 4728 dotis,
3340 4663 3402 4717 et
3419 4655 3574 4718 alte·

2015 4754 2144 4816 rius
2168 4753 2398 4824 mariti,
2419 4752 2508 4816 uti
2533 4751 2768 4816 desumi
2789 4750 2950 4814 valet
2971 4769 3048 4812 ex
3066 4747 3263 4840 Causa
3289 4749 3568 4814 Eisteten.

2017 4849 2452 4930 dispensationis
2474 4895 2488 4917 ,
2518 4865 2677 4928 quae
2703 4845 2820 4910 suit
2852 4843 3159 4927 proposita
3185 4845 3275 4906 die
3321 4850 3417 4907 15.
3462 4844 3571 4907 Se-

2013 4944 2285 5025 ptembris
2320 4946 2496 5003 1716.
2542 4949 2603 5003 et
2634 4938 2896 5003 resoluta
2915 4940 3006 5001 die
3031 4943 3129 5000 15.
3161 4937 3325 5018 Maji
3350 4943 3524 5002 1717.

2134 5035 2465 5117 Loquendo
2491 5034 2568 5098 de
2593 5035 2784 5096 Causa
2813 5032 3160 5115 praecipua,
3184 5032 3273 5095 uti
3302 5033 3570 5098 diximus

2018 5129 2080 5190 in
2105 5148 2270 5203 casu,
2298 5136 2386 5191 est
2413 5126 2518 5189 illa
2554 5126 2674 5188 odii
2705 5124 3107 5207 implacabilis
3135 5144 3273 5187 cum
3297 5126 3570 5208 periculo

2017 5225 2203 5297 vitae,
2230 5232 2289 5285 et
2318 5223 2464 5285 haec
2493 5222 2630 5284 licet
2653 5241 2690 5283 a
2714 5221 3017 5302 plerisque
3034 5218 3438 5284 scribentibus
3455 5239 3569 5304 pro

2014 5317 2329 5382 sufficienti
2368 5317 2703 5389 habeatur,
2734 5313 3116 5377 existimatur
3142 5322 3342 5377 tamen
3369 5314 3567 5378 insuf-

340 5349 599 5486 Joseph
634 5401 810 5464 Felix
838 5402 1058 5482 Dopste
1104 5401 1285 5465 instat
1312 5403 1629 5480 declarari,
1663 5408 1902 5471 nullum
2016 5411 2227 5475 ficiens
2248 5431 2284 5475 a
2310 5412 2599 5493 Fagnano
2625 5412 2691 5470 iu
2714 5428 2840 5490 cap.
2868 5418 3127 5491 exparte
3148 5428 3309 5470 num.
3343 5414 3439 5475 15.
3498 5413 3566 5476 de

334 5502 534 5584 fuisse
554 5495 1014 5582 matrimonium
1032 5516 1067 5559 a
1082 5518 1143 5584 se
1156 5507 1527 5562 contractum
1547 5521 1685 5565 cum
1710 5481 1964 5570 Maria¹

2017 5506 2387 5570 Conuersione
2419 5504 2901 5586 conjuqatorum.
