4393 6299
902 530 1009 582 32⁴

724 683 934 744 Sacros
960 682 1219 745 Ordines
1245 690 1574 747 assumeret
1601 728 1618 757 ,
1652 690 1709 744 et
1731 683 1904 766 juxta
1936 705 2162 746 morem
2186 686 2275 746 Ci-

722 778 924 839 vitatis
981 779 1423 858 Neapolitanae
1471 778 1811 840 abstinendi
1868 799 1905 841 a
1960 780 2277 841 collatione

723 874 1032 935 Tonsurae
1055 919 1072 946 ‚
1123 873 1236 934 nisi
1267 873 1698 936 Tonsurandus
1731 873 1952 936 habeat
1980 874 2274 936 Patrimo-

722 968 894 1029 nium
921 972 984 1028 in
1013 988 1230 1029 summa
1278 970 1404 1029 duc.
1442 974 1540 1030 36.
1586 989 1906 1029 annuorum
1935 1017 1948 1038 ‚
1995 969 2276 1030 Nicolaus

725 1075 867 1126 tunc
900 1064 1150 1126 haberet
1191 1064 1441 1125 domum
1484 1063 1599 1124 sibi
1645 1083 1680 1125 a
1723 1064 1899 1125 Patre
1939 1064 2000 1123 in
2038 1063 2275 1125 saeculo

724 1160 1008 1221 donatam
1034 1205 1049 1231 ,
1097 1159 1296 1240 quoad
1332 1158 1774 1220 usumfructum
1802 1204 1819 1229 ‚
1866 1167 1932 1219 ut
1961 1160 2034 1220 ad
2067 1159 2277 1221 Sacer·

723 1254 953 1315 dotium
985 1255 1329 1315 ascenderet
1355 1300 1370 1325 ,
1403 1253 1664 1314 infertur
1683 1274 1758 1314 ex
1781 1253 1896 1314 boc
1923 1254 2274 1316 Societatem

725 1368 845 1409 non
880 1349 1066 1409 teneri
1101 1349 1178 1409 ad
1226 1348 1413 1409 ullam
1443 1347 2063 1409 subministrationem
2086 1394 2103 1421 ,
2137 1348 2277 1409 licet

726 1442 859 1515 hic,
905 1452 964 1504 et
995 1463 1157 1504 nunc
1196 1442 1480 1504 Nicolaus
1517 1451 1867 1522 paupertate
1900 1442 2170 1515 laboret,
2216 1451 2276 1504 et

727 1537 971 1598 domum
995 1556 1029 1598 a
1056 1538 1233 1599 Patre
1254 1538 1617 1619 assignatam
1647 1556 1766 1597 non
1796 1537 2047 1607 habeat,
2078 1557 2274 1598 exem-

724 1628 826 1709 plo
856 1629 1176 1711 Episcopi,
1213 1630 1321 1710 qui
1365 1631 1650 1711 ignorans
1681 1630 2034 1710 qualitatem
2081 1633 2272 1692 Bene-

725 1722 871 1797 ficii,
902 1732 961 1786 et
989 1733 1274 1803 reputans
1298 1724 1451 1786 illud
1471 1744 1597 1786 esse
1619 1733 1837 1795 tutum,
1863 1736 1925 1787 et
1951 1725 2272 1800 sufficiens,

724 1819 800 1879 ad
829 1820 957 1900 ejus
983 1819 1254 1881 'l'itnlum
1280 1819 1544 1898 aliquem
1574 1819 1880 1881 ordinavit
1909 1842 1926 1890 ς
1959 1840 2077 1881 non
2109 1829 2275 1882 tene-

729 1922 828 1974 tur
858 1913 1021 1973 enim
1047 1914 1377 1993 Episcopus
1412 1913 1645 1993 aliquid
1674 1933 1749 1974 ex
1785 1915 2018 1994 justitia
2048 1915 2275 1977 contri-

727 2005 915 2067 buere
941 2027 1051 2086 pro
1076 2006 1551 2068 substentatione
1578 2007 1852 2069 Ordinati
1874 2056 1891 2077 ,
1922 2008 1969 2069 si
1997 2008 2058 2069 d.
2094 2010 2276 2069 Bene-

724 2099 929 2161 ficium
979 2100 1162 2160 fuerit
1208 2101 1284 2162 ab
1338 2100 1460 2162 alio
1506 2102 1939 2182 subsequenter
1986 2102 2271 2163 evictum.

726 2195 986 2275 Faqnan.
1033 2197 1097 2254 in
1131 2197 1305 2273 capit.
1342 2216 1469 2256 cum
1511 2198 1812 2256 secundum
1837 2217 2056 2257 nutrior.
2091 2201 2189 2257 141.
2227 2207 2279 2257 et

724 2309 872 2368 seqq.
905 2290 970 2348 dc
1006 2288 1355 2349 Praebendis
1380 2334 1395 2360 ,
1437 2288 1684 2368 Pirhinq
1711 2292 1788 2350 ad
1826 2292 1884 2350 d.
1935 2293 2025 2350 tit.
2073 2292 2273 2350 decret.

723 2393 852 2446 sect.
892 2388 945 2443 1.
976 2382 1041 2465 3.
1077 2387 1133 2442 3.
1167 2403 1325 2442 num.
1365 2387 1463 2443 24.
2244 2397 2248 2410 '

840 2477 1042 2539 Tertio
1069 2525 1085 2548 ,
1122 2478 1269 2556 quia
1316 2497 1433 2538 non
1463 2478 1786 2540 subsistere
1829 2477 2051 2540 dicitur
2079 2478 2144 2539 in
2179 2479 2274 2540 fa·

725 2578 855 2644 cto,
891 2571 1052 2650 quod
1082 2572 1156 2632 ad
1189 2571 1464 2633 effectum
1492 2573 1802 2634 obtinendi
1834 2574 2277 2653 exemptionem

725 2685 762 2728 a
791 2665 965 2728 Bulla
1004 2666 1192 2727 Piana
1222 2668 1428 2728 Patres
1469 2686 1737 2746 unquam
1767 2668 2099 2730 obtulerint
2128 2669 2278 2731 assi-

727 2761 1073 2840 gnationem
1103 2780 1403 2842 congruae
1433 2761 1639 2822 favore
1658 2782 1866 2823 eorum
1890 2809 1906 2835 ,
1932 2764 2037 2843 qui
2070 2764 2279 2825 dimit-

728 2857 1003 2915 terentur
1030 2901 1046 2925 ‚
1094 2854 1194 2914 sed
1228 2874 1460 2934 semper
1502 2855 1828 2928 dixerunt,
1871 2876 1992 2917 non
2029 2877 2155 2918 esse
2207 2857 2279 2917 ti-

730 2948 1018 3010 mendum
1058 2948 1133 3009 de
1175 2968 1383 3010 eorum
1427 2949 1806 3011 mendicitate
1831 2996 1848 3023 ‚
1892 2971 2028 3012 cum
2064 2952 2278 3031 ejecti,

727 3050 799 3104 ut
830 3042 1163 3122 plurimum
1206 3051 1311 3103 aut
1351 3042 1629 3104 fortunae
1674 3053 1779 3104 aut
1816 3052 2067 3104 naturae
2095 3045 2275 3105 bonis

729 3135 929 3199 taliter
970 3137 1094 3200 sint
1138 3137 1434 3217 praediti,
1476 3147 1544 3201 ut
1583 3139 1766 3201 vitam
1812 3159 1983 3200 suam
2028 3138 2279 3202 honeste

730 3236 926 3292 essent
969 3229 1301 3292 traducturi
1332 3253 1347 3306 ;
1397 3232 1548 3293 itaut
1586 3233 1885 3312 quidquid
1917 3232 2279 3295 adnotatum

727 3323 1027 3403 reperitur
1059 3324 1120 3384 in
1151 3325 1418 3405 Regestis
1449 3326 1632 3407 hujus
1673 3326 1803 3387 Sac.
1837 3326 2129 3406 Congreg.
2183 3346 2280 3387 re-

730 3415 877 3479 ferri
922 3418 1240 3480 dicendum
1273 3418 1387 3491 sit,
1416 3438 1539 3479 non
1564 3419 1641 3481 ad
1668 3418 2096 3481 resolutionem
2122 3464 2139 3492 ,
2177 3420 2282 3483 sed

732 3511 808 3575 ad
841 3512 1137 3592 privatam
1164 3512 1481 3574 Secretarii
1513 3513 1983 3595 adnotationem.

851 3606 1164 3687 Multoque
1194 3606 1403 3687 magis,
1437 3627 1575 3668 cum
1602 3607 1707 3670 alii
1742 3609 2052 3671 adfuerint
2079 3609 2278 3690 ejecti,

739 3701 844 3780 qui
875 3702 1253 3780 potissimum
1281 3720 1352 3763 ex
1385 3702 1578 3780 capite
1604 3722 1811 3763 eorum
1836 3749 1853 3776 ‚
1884 3723 2044 3785 quae
2070 3705 2133 3765 in
2164 3707 2281 3765 Re-

735 3795 913 3876 gestis
939 3794 1221 3857 adnotata
1254 3795 1609 3857 dicebantur
1636 3841 1653 3869 ,
1690 3797 2134 3860 insteteruntin
2165 3799 2282 3861 bac

735 3889 900 3952 Sacr.
943 3889 1231 3972 Congreg.
1261 3909 1372 3970 pro
1398 3909 1662 3972 congrua
1703 3893 2063 3955 obtinenda:
2111 3913 2283 3955 cum-

735 4004 856 4065 que
884 4003 1118 4064 semper
1147 3983 1374 4045 fuerint
1404 3984 1601 4065 rejecti
1632 4031 1647 4057 ,
1676 4004 1784 4047 nec
1808 3986 2041 4067 aliquid
2073 4007 2281 4050 conse-

737 4079 843 4159 qui
874 4078 1210 4160 potuerint,
1243 4078 1330 4140 uti
1361 4079 1672 4159 signanter
1698 4081 2001 4162 colligitur
2036 4102 2112 4144 ex
2135 4082 2232 4144 his
2260 4130 2277 4154 ,

729 4190 893 4257 ‘quae
932 4172 1312 4253 contigerunt
1339 4171 1401 4232 in
1433 4172 1786 4252 famigerata
1829 4193 2005 4236 causa
2034 4174 2279 4258 Georgii

713 4264 1051 4325 ·Vaccarini
1072 4310 1088 4337 ,
1129 4263 1204 4325 de
1229 4283 1350 4344 qua
1379 4266 1534 4342 apud
1568 4264 1871 4343 Piynatcll.
1905 4271 2143 4328 consult.
2177 4274 2276 4329 92.

738 4358 813 4421 ad
836 4361 1041 4419 calcem
1067 4369 1197 4418 tom.
1236 4364 1330 4419 10.
1361 4358 1599 4438 signum
1632 4360 2143 4424 evidentissimum
2168 4363 2284 4425 hoc

736 4463 867 4524 est,
918 4473 1023 4514 nec
1061 4452 1428 4515 oblationem
1472 4453 1780 4515 Societatis
1829 4454 2052 4517 babere
2082 4458 2282 4518 subsi-

736 4548 1036 4620 stentiam,
1073 4566 1178 4610 nec
1206 4546 1398 4608 ullum
1436 4547 1640 4609 adesse
1669 4548 1995 4625 decretum,
2031 4570 2154 4630 quo
2174 4551 2283 4615 So-

736 4641 918 4704 cietas
937 4642 1214 4723 adigatur
1234 4640 1312 4704 ad
1332 4660 1659 4721 congruam
1689 4642 1949 4705 dimissis
1970 4645 2283 4728 assignan-

737 4735 900 4807 dam.
1347 4790 1378 4797 ,.

819 4817 826 4825 ’
854 4828 964 4890 His
986 4826 1302 4899 stantibus,
1334 4828 1685 4908 quaeritur:

741 4962 750 4969 -
853 4923 949 4982 An
976 4926 1048 4982 sit
1076 4923 1342 4983 standum
1366 4969 1383 4992 ,
1414 4924 1499 4987 vel
1526 4924 1885 4985 recedendum
1911 4946 1949 4988 a
1968 4927 2165 4988 decisis
2192 4928 2283 4988 die

736 5023 796 5079 2.
823 5009 1072 5095 Auyusti
1103 5021 1274 5077 1721.
1307 5019 1370 5076 in
1397 5036 1532 5077 casu
1560 5027 1661 5078 etc.

840 5213 992 5264 Sacra
1023 5212 1206 5275 Congu·
1252 5208 1528 5277 respondit
1555 5231 1569 5261 ε

915 5300 978 5355 ln
1007 5296 1230 5362 decisis,
1261 5309 1312 5350 el
1338 5298 1592 5366 amplius.

1893 533 2335 601 QuAEs’rioNsss
2378 535 2736 591 cauomcaz

2677 743 2681 747 .
2781 687 3140 762 QUAESTIO
3183 684 3525 751 CCXLVII-

2425 877 2496 936 In
2528 876 2718 938 Causa
2753 877 3122 965 Veliternensi
3144 925 3160 948 ,
3200 879 3288 938 die
3321 882 3414 939 14.
3461 877 3681 940 Martii
3716 876 3892 939 1722.

2382 1014 2950 1127 Eminentissimus
2980 1067 3054 1127 D.
3078 1064 3418 1127 Cardinalis
3438 1065 3735 1126 Tanarius
3765 1065 3826 1125 in
3856 1064 3940 1125 vi-

2383 1157 2664 1219 sitatione
2686 1178 2721 1220 a
2745 1177 2808 1219 se
2836 1167 3074 1238 peracta
3106 1158 3326 1238 Oppidi
3360 1159 3686 1237 nuncupati
3711 1160 3772 1217 di
3795 1156 3940 1217 Coro

2384 1252 2694 1313 existentis
2721 1253 2784 1312 in
2812 1272 2921 1314 sua
2943 1252 3207 1314 Dioecesi
3234 1252 3603 1312 veliternen.
3633 1252 3938 1313 decretum

2384 1346 2607 1420 edidit,
2640 1347 2702 1406 in
2729 1366 2852 1427 quo
2887 1346 3298 1418 demandavit,
3330 1346 3491 1426 quod
3523 1347 3801 1407 Canonici
3832 1347 3939 1406 Ec·

2383 1439 2597 1502 clesiae
2632 1440 2999 1521 Collegiatae
3027 1441 3311 1520 praedicti
3341 1441 3559 1520 Oppidi
3595 1449 3940 1501 tenerentur

2382 1536 2652 1614 quotidie
2682 1536 2925 1597 Missam
2974 1535 3445 1598 Conventualem
3490 1535 3793 1614 applicare
3828 1553 3939 1614 pro

2386 1628 2914 1700 Benefactoribus,
2946 1637 3005 1689 et
3036 1630 3197 1708 quod
3226 1628 3339 1690 boc
3371 1628 3566 1708 ipsum
3600 1628 3796 1689 facere
3835 1627 3942 1688 de·

2382 1723 2593 1784 berent
2616 1770 2631 1795 ,
2664 1724 2909 1803 quando
2934 1726 3111 1805 juxta
3157 1723 3450 1784 Rubricas
3485 1722 3834 1802 obligantur
3862 1721 3937 1782 ad

2384 1818 2811 1881 celebrandum
2833 1818 3048 1898 ,plures
3093 1818 3306 1879 Missas
3340 1816 3781 1878 Conventualoe
3815 1834 3941 1876 uno

2386 1913 2504 1985 die,
2537 1932 2657 1972 non
2693 1913 2970 1973 obstante
2991 1900 3398 1993 quacumque,
3428 1930 3587 1990 quae
3616 1910 3677 1970 in
3703 1919 3943 1971 contra-

2386 2006 2544 2067 rium
2595 2006 3009 2088 allegabatur,
3064 2006 3531 2066 consuetudine.
3580 2005 3945 2066 Habuerunt

2386 2095 2669 2162 Canonici
2704 2120 3014 2161 recursum
3048 2100 3122 2162 ad
3146 2100 3305 2160 hanc
3335 2099 3576 2160 Sacram
3603 2099 3944 2180 Congrege-

2388 2195 2612 2257 tionem
2638 2240 2655 2267 ,
2692 2195 3039 2256 humillime
3078 2193 3387 2255 exorando
3424 2212 3533 2274 pro
3564 2192 3945 2273 exemptione
4018 2191 4023 2199 '

2387 2309 2420 2349 a
2447 2288 2752 2368 praedicto
2779 2308 2963 2349 onere
2986 2286 3407 2367 applicationis
3430 2287 3648 2349 Missae
3668 2287 3946 2347 Conven-

2390 2383 2570 2444 tualis
2595 2431 2611 2454 ,
2643 2384 2757 2444 sub
2785 2384 3060 2452 obtentu,
3093 2381 3254 2461 quod
3286 2381 3685 2442 Canonicatus
3717 2380 3948 2442 babent

2391 2479 2619 2539 reditus
2641 2478 2786 2540 satis
2814 2477 3064 2558 exiguos
3082 2521 3097 2536 .
3128 2477 3202 2537 Et
3222 2476 3749 2537 Eminentissimus
3771 2474 3948 2536 Ordi-

2391 2573 2599 2634 narius
2627 2572 2689 2632 in
2720 2592 2827 2635 sua
2859 2571 3292 2632 informatione
3320 2580 3542 2642 censet,
3569 2591 3669 2631 eos
3691 2590 3814 2632 esse
3840 2569 3949 2630 ali·

2388 2667 2554 2746 quali
2586 2666 2965 2748 indulgentia
2988 2667 3214 2747 ‹dignos
3242 2713 3257 2739 ,
3289 2675 3345 2726 et
3378 2666 3707 2744 expositam
3737 2666 3947 2727 -Cano-

2390 2762 2700 2823 nicatuum
2727 2761 3079 2823 tenuitatem
3113 2760 3176 2821 in
3210 2760 3365 2821 facto
3393 2760 3757 2832 subsistere3
3788 2759 3947 2820 obli·

2389 2866 2611 2936 gantur
2640 2855 2865 2936 quippe
2897 2855 3183 2919 Canonici
3218 2855 3292 2917 ad
3316 2856 3632 2915 servitium
3652 2854 3951 2934 quotidia-

2394 2969 2563 3020 num,
2598 2956 2658 3011 et
2683 2950 2758 3011 ad
2789 2949 3203 3011 recitationem
3238 2948 3460 3028 integri
3486 2947 3678 3008 Officii
3713 2947 3945 3021 Divini,

2389 3052 2449 3104 et
2492 3043 2877 3105 Praebendae
2919 3041 3310 3105 Canonicales
3348 3062 3470 3103 non
3512 3043 3842 3104 ascendunt
3868 3042 3949 3103 ad

2391 3157 2595 3198 annua
2633 3145 2798 3200 scuta
2844 3143 2942 3199 30.
2995 3157 3106 3217 pro
3152 3135 3468 3217 qualibet,
3522 3144 3582 3198 et
3629 3136 3828 3197 minor
3859 3142 3951 3199 est

2389 3250 2622 3294 sumnia
2664 3232 3164 3293 distributionum
3216 3231 3710 3312 quotidianarum
3740 3276 3757 3304 ,
3808 3251 3948 3293 cum

2390 3324 2603 3386 diebus
2638 3324 2871 3386 feriatis
2900 3333 3262 3405 punctatura
3286 3325 3360 3385 sit
3387 3325 3448 3385 in
3479 3325 3679 3386 obuiis
3709 3323 3904 3385 tribus
3925 3369 3945 3399 ,

2389 3425 2448 3481 et
2473 3419 2686 3482 diebus
2712 3419 2943 3481 festivis
2975 3420 3054 3481 sit
3078 3419 3139 3480 in
3170 3419 3371 3480 obuiis
3400 3439 3525 3480 sex.

2510 3514 2650 3575 Fuit
2681 3514 2832 3576 alias
2856 3523 3056 3577 actum
3080 3515 3141 3574 in
3175 3514 3289 3576 bac
3314 3513 3496 3575 Sacra
3521 3512 3949 3593 Congregatio·

2392 3627 2467 3668 ne
2502 3609 2575 3668 de
2616 3609 2728 3670 hac
2767 3599 3014 3669 materia
3047 3655 3064 3682 ,
3111 3607 3510 3686 exemptionis
3553 3606 3829 3669 videlicet
3866 3608 3949 3670 ab

2389 3701 2791 3780 applicatione
2835 3702 3224 3782 quotidianae
3267 3701 3482 3762 Missae
3516 3698 3948 3763 Conventualis

2390 3813 2501 3872 pro
2550 3795 3041 3856 Benefactoribus
3093 3805 3335 3873 propter
3388 3793 3737 3855 tenuitatem
3784 3794 3948 3856 redi·

2393 3897 2562 3948 tuum
2609 3888 3113 3950 Canonicatuum.
3168 3887 3477 3966 Proposita
3517 3886 3634 3947 fuit
3680 3887 3743 3948 in
3795 3888 3944 3950 folio

2389 3968 2880 4064 Congregationis
2899 3983 3142 4044 habitae
3165 3984 3254 4041 die
3276 3987 3333 4041 6.
3359 3980 3533 4041 lunii
3560 3985 3733 4042 1605.
3768 4001 3948 4061 quae-

2389 4075 2528 4137 dam
2572 4096 2745 4139 causa
2779 4077 3157 4138 Camerinen.
3212 4076 3429 4137 Missae
3468 4076 3897 4139 Conventualis
3921 4122 3943 4152 ,

2387 4179 2447 4230 et
2474 4170 2630 4232 inter
2654 4179 2885 4233 caetera
2916 4171 3257 4251 quaesitum
3292 4171 3407 4232 fuit
3437 4217 3454 4244 ,
3487 4172 3561 4232 ad
3600 4191 3779 4251 quem
3809 4192 3944 4253 spe-

2388 4272 2575 4326 ctaret
2603 4265 2664 4325 in
2695 4265 3019 4346 Collegiata
3056 4266 3319 4327 Ecclesia
3356 4266 3417 4326 S.
3455 4266 3685 4327 Mariae
3725 4268 3948 4329 Terrae

2391 4360 2589 4421 Sancti
2633 4360 2862 4422 Giuesii
2906 4359 3234 4421 celebratio
3279 4360 3495 4422 Missae
3544 4359 3726 4422 lectae
3760 4361 3945 4422 Paro-

2390 4454 2602 4515 chialis
2631 4502 2645 4524 ,
2688 4474 2913 4515 necnon
2945 4454 3268 4515 celebratio
3300 4455 3517 4516 Missae
3564 4455 3944 4517 Conventua-

2393 4548 2468 4610 lis
2492 4597 2505 4618 ,
2551 4557 2610 4610 et
2638 4569 2747 4629 pro
2782 4549 3006 4629 quibus
3032 4548 3227 4609 dictae
3260 4547 3476 4609 Missae
3515 4558 3706 4609 essent
3748 4547 3943 4628 appli-

2393 4643 2657 4715 candae,
2706 4651 2774 4705 ut
2818 4663 2894 4704 ex
2939 4651 3144 4705 tenore
3187 4642 3567 4723 sequentium
3613 4642 3940 4702 dubiorum

2395 4737 2721 4818 colligitur.
3037 4812 3045 4820 ⁵

2513 4834 2562 4892 Ι.
2610 4831 2741 4901 An,
2786 4842 2838 4891 ct
2882 4832 2958 4893 ad
3000 4852 3163 4910 quem
3202 4841 3400 4910 spectet
3449 4850 3589 4891 onus
3624 4830 3943 4890 celebrandi

2394 4926 2638 4989 Missam
2670 4927 2867 4986 lectam
2901 4925 3321 4986 Paroclu'alem.

2517 5021 2594 5079 ll.
2630 5019 2743 5088 An,
2774 5030 2824 5078 et
2853 5021 3053 5097 quibus
3082 5020 3270 5079 diebus
3294 5020 3367 5077 sit
3391 5017 3722 5078 celebranda
3753 5016 3942 5081 Missa

2395 5111 2795 5176 Com-cntualis
2819 5160 2835 5183 ,
2860 5122 2911 5173 et
2937 5122 3213 5191 quatenus
3243 5113 3599 5192 affimativa:

2513 5208 2623 5268 111.
2667 5207 2790 5280 An,
2836 5218 2888 5267 ct
2927 5227 2963 5268 a
2995 5211 3198 5285 quibus
3224 5209 3332 5273 itta
3358 5208 3438 5264 sit
3467 5205 3813 5284 applicanda
3841 5225 3946 5285 pro

2393 5301 2613 5380 Populo
2644 5303 2706 5360 in
2733 5321 2868 5362 casu
2894 5312 2993 5362 etc.
3022 5302 3098 5362 Et
3127 5302 3185 5360 S.
3218 5297 3608 5378 Congregatio
3637 5299 3945 5378 respondit

2391 5395 2466 5456 ad
2498 5394 2792 5473 primum,
2823 5407 3067 5475 spectare
3099 5396 3173 5455 ad
3217 5394 3781 5471 Arcfiipresbyterum
3812 5403 3942 5453 tan-

2394 5499 2513 5547 tum
2552 5509 2654 5568 pro
2679 5491 2887 5568 populo
2915 5508 2947 5559 ,·
2969 5490 3043 5551 ad
3086 5488 3412 5550 secundum
3445 5487 3751 5566 respondit
3784 5488 3942 5565 affir-
