4393 6299
954 478 1059 529 19⁴

767 647 899 687 rum
925 647 964 688 a
982 626 1253 708 Capitulo
1278 626 1564 691 Basilicas
1596 627 1923 699 Vaticanus,
1955 631 2068 691 sive
2089 648 2165 690 sm
2188 650 2318 709 qra-

2010 470 2455 547 Qonsrtonss
2492 476 2856 532 CANONtcAE

2431 631 2550 691 hibi
2554 633 2631 691 tio
2645 634 2861 713 quoque
2879 634 3108 713 copulas
3125 635 3440 716 conjuqciis
3460 645 3734 716 quartum
3749 655 3982 701 consan-

769 723 1008 781 titudinc
1037 771 1051 791 ‚
1075 726 1185 784 sive
1206 743 1305 803 per
1322 734 1641 785 contractus
1667 772 1684 796 ,
1714 726 1828 784 sive
1850 741 1928 784 ex
1948 725 2169 784 ultimis
2217 744 2313 785 vo-
2428 728 2760 804 9uinitatis,
2790 738 2841 787 ot
2878 728 3173 807 affinitatis
3213 729 3458 807 pradum
3502 730 3567 791 de
3595 740 3815 792 coetero
3861 752 3978 793 non

779 816 1092 878 tentatibus
1115 865 1132 889 ‚
1170 820 1237 878 in
1271 836 1407 881 casu
1441 830 1544 879 stc.

868 1008 1034 1061 Causa
1063 988 1118 1059 in
1144 1011 1298 1062 Sacra
1322 1012 1519 1082 Congr.
1549 1029 1659 1064 non
1686 1013 1784 1065 fuit
1814 1011 2033 1080 proposi
2046 1020 2093 1062 ta
2121 1048 2133 1061 .

1199 1205 1560 1309 QUAESTIO
1617 1207 1883 1270 CLXVI.

885 1390 960 1452 In
983 1390 1175 1455 Causa
1208 1392 1517 1474 Bojansnsi
1554 1396 1962 1487 Matrimonii,
2011 1395 2101 1456 dis
2137 1401 2198 1455 8.

1359 1489 1533 1551 Junii
1569 1495 1745 1552 1720:
1798 1548 1799 1551 ,

768 1620 1163 1738 Dominicus
1181 1676 1490 1740 Marzillus
1508 1679 1584 1741 de
1593 1680 1784 1741 Terra
1803 1678 2119 1759 Cantalupi
2140 1679 2311 1742 Dioc-

767 1770 918 1831 cesis
967 1772 1251 1852 Bojanen.
1316 1773 1769 1836 matrimonium
1817 1773 2118 1836 contraxit
2172 1794 2312 1835 cum

768 1862 1010 1926 Martha
1045 1864 1119 1925 de
1163 1865 1341 1927 Prato
1370 1867 1610 1938 Vidua,
1665 1886 1942 1948 quaeque
1984 1886 2062 1928 ex
2109 1868 2306 1947 primo

768 1956 991 2037 Marito
1006 1957 1265 2020 habebat
1285 1960 1507 2021 Filium
1530 1962 1798 2021 Marcum
1824 1961 2171 2023 Antonium.
2200 1963 2312 2025 Hic

769 2052 1010 2112 Marcus
1033 2053 1332 2115 Antonius
1368 2055 1819 2130 matrimonium
1844 2055 2145 2117 contraxit
2172 2076 2310 2118 cum

765 2144 1144 2208 Samaritana
1165 2147 1457 2221 Petrecca,
1471 2169 1733 2230 cumque
1751 2162 1870 2212 tam
1892 2150 2131 2211 Martha
2146 2150 2312 2212 Uxor

765 2238 1101 2313 Dominici‚
1136 2259 1319 2321 qnam
1352 2244 1589 2304 Marcus
1616 2244 1914 2305 Antonius
1951 2245 2080 2325 ejus
2121 2244 2314 2307 Filius

770 2351 847 2394 ex
878 2334 1075 2414 primo
1103 2335 1252 2397 Viro
1277 2339 1494 2397 mortui
1524 2339 1674 2411 sint,
1712 2345 1770 2400 et
1804 2339 2154 2400 Dominicus
2181 2358 2309 2403 ma·-

746 2427 1121 2492 ‘trimonium
1149 2431 1504 2492 contrahere
1532 2432 1802 2495 intendat
1824 2452 1961 2505 cum
1987 2433 2313 2496 Samarita-

770 2538 874 2595 na,
903 2540 1060 2602 quae
1085 2523 1203 2586 fuit
1225 2525 1387 2605 Uxor
1419 2526 1604 2588 Marci
1629 2527 1873 2588 Antonii
1898 2527 1990 2587 sui
2015 2527 2310 2609 Privigni,

771 2618 1045 2695 quaestio
1087 2619 1341 2682 excitata
1390 2628 1516 2693 est,
1566 2640 1645 2682 an
1687 2612 1745 2683 id
1785 2621 1947 2683 licite
1974 2667 1991 2694 ,
2020 2631 2078 2684 et
2116 2622 2316 2685 valide

769 2709 904 2771 fieri
933 2711 1148 2791 possit,
1184 2733 1442 2794 cumque
1468 2716 1596 2795 ejus
1632 2714 1916 2776 resolutio
1944 2714 2128 2778 fuerit
2171 2717 2314 2779 huic

767 2804 986 2868 Sacrae
1011 2806 1467 2887 Congregationi
1503 2809 1838 2880 commissa,
1869 2810 2161 2889 scriptum
2199 2810 2315 2872 fnit

765 2898 940 2980 juxta
972 2918 1195 2962 morem
1223 2898 1515 2982 Episcopo
1558 2922 1666 2982 pro
1704 2902 2133 2966 informatione
2155 2951 2172 2978 ,
2206 2906 2314 2987 qui

772 2992 982 3053 retulit
1009 2994 1275 3074 exposita
1318 2994 1381 3055 in
1423 2996 1576 3057 sacto
1602 2996 1926 3058 subsistere
1952 3043 1969 3071 ,
2013 2998 2074 3059 et
2125 3005 2311 3061 totam

769 3084 1179 3152 difficultatem
1215 3089 1463 3152 in'Jnre
1511 3091 1777 3162 versari,
1825 3093 2193 3172 expectando
2228 3094 2309 3157 ab

769 3180 885 3244 hoc
915 3202 1084 3244 sacro
1110 3197 1383 3245 consessu
1408 3185 1832 3247 resolutionem
1855 3232 1872 3259 ,
1903 3196 1963 3249 et
1989 3187 2309 3250 cohaeren-

771 3285 865 3339 ter
892 3279 967 3342 ad
995 3277 1142 3341 haec
1166 3280 1522 3360 proponitur
1547 3280 1805 3343 dubium
1842 3281 2002 3345 infra
2032 3281 2312 3345 ‘referen-

772 3369 952 3432 dum.

892 3464 1080 3525 Porro
1099 3484 1173 3526 ex
1200 3484 1321 3527 una
1348 3475 1515 3546 parte
1535 3468 1776 3532 videtur
1807 3469 1957 3530 nihil
1986 3489 2133 3544 esse,
2156 3472 2319 3551 quod

769 3556 1009 3618 obstare
1044 3558 1240 3620 valeat
1283 3560 1685 3622 matrimonio*
1706 3561 2133 3624 contrahendo¹
2151 3564 2309 3626 inter

769 3649 1093 3723 Vitricum,
1121 3660 1182 3713 et
1208 3653 1464 3714 Uxorem
1489 3654 1782 3737 Privigni3
1816 3655 1978 3717 Uxor
1996 3657 2162 3719 enim
2188 3659 2317 3720 Pri·

767 3744 934 3826 vigui
967 3755 1054 3808 est
1075 3746 1270 3808 affinis
1303 3749 1549 3822 VitricO,
1572 3750 1673 3811 sed
1698 3761 1933 3812 nonest
1953 3751 2150 3823 affinis
2180 3752 2309 3833 pri·

765 3859 869 3901 mo
893 3861 1112 3922 genere
1148 3842 1480 3924 affinitatis,
1529 3845 1630 3905 sed
1678 3846 1937 3907 secundo
1960 3892 1976 3918 ‚
2006 3847 2100 3907 uti
2157 3848 2310 3914 bene

767 3935 1028 4015 explicat
1053 3936 1259 3998 Glossa
1279 3938 1340 3998 in
1359 3958 1483 4019 cap.
1512 3959 1626 3998 non
1648 3941 1796 4000 debet
1818 3942 1884 4000 in
1905 3942 2066 4000 verbo
2090 3943 2155 4001 in
2177 3939 2315 4001 201

771 4034 829 4090 3.
855 4031 920 4091 de
946 4035 1449 4110 consenquinitate,
1474 4043 1524 4093 et
1557 4034 1829 4114 affinitate
1853 4082 1869 4105 ,
1892 4039 1953 4096 'et
1979 4027 2171 4116 juxta⁸
2193 4056 2303 4098 no·

766 4140 912 4182 vum
933 4125 1033 4205 jus
1067 4123 1316 4184 Concilii
1351 4126 1766 4187 Lateranensis
1806 4128 1919 4188 sub
1960 4117 2313 4192 Innocentio

768 4216 971 4278 Tertio
990 4217 1292 4279 sublatum
1319 4227 1406 4280 est
1431 4220 1951 4300 impedimentum,
1975 4223 2138 4308 quod
2162 4217 2309 4286 olim

765 4308 1047 4392 vigebat,
1095 4311 1381 4384 secundi,
1411 4319 1472 4373 et
1513 4313 1670 4374 tertii
1713 4316 1948 4394 generis
1978 4317 2309 4389 affinitatis,

762 4411 828 4466 et
850 4404 1028 4466 hodie
1058 4406 1254 4467 solum
1284 4407 1885 4485 primumaffinita'tis,
1906 4423 2096 4492 genus
2117 4422 2207 4474 est
2234 4410 2311 4473 il-

765 4498 871 4561 lud
896 4545 913 4574 ,
951 4501 1111 4582 quod
1143 4501 1453 4563 constituit
1482 4503 1983 4582 impedimentum
2011 4526 2202 4587 usque
2232 4506 2311 4569 ad

763 4602 1050 4671 quartum
1077 4595 1331 4675 gradum
1379 4594 1671 4658 inclusive
1694 4643 1713 4670 ,
1761 4598 1851 4659 uti
1894 4601 2183 4661 statuitur
2246 4600 2310 4662 in

761 4685 1022 4768 allegato
1049 4696 1214 4749 textu
1242 4692 1306 4749 in
1331 4707 1456 4770 cop.
1484 4710 1597 4751 non
1637 4692 1786 4752 debet
1819 4695 1908 4752 tit.
1945 4694 2011 4753 dc
2042 4714 2307 4774 consang.

756 4789 809 4841 ct
850 4782 1006 4861 affin.
1041 4782 1162 4842 ibi:
1194 4803 1322 4844 cum
1350 4804 1479 4863 erqo
1500 4787 1896 4864 prohibitiones
1939 4787 2003 4848 de
2048 4791 2313 4868 conjuqio

762 4875 831 4934 in
857 4877 1094 4936 “cundo
1121 4886 1173 4936 st
1195 4879 1358 4936 tertio
1379 4877 1674 4957 affinitatis
1698 4899 1892 4958 penore
1922 4883 2152 4942 minimo
2175 4902 2307 4943 con·

762 4969 1035 5029 trahendo
1053 4979 1152 5030 etc.
1183 4969 1567 5049 difficultatem
1586 4972 1904 5050 frequenter
1926 4975 2226 5045 inducant,
2260 4986 2312 5037 st

762 5063 1077 5142 aliquando
1119 5065 1435 5142 periculum
1480 5067 1716 5144 pariant
1759 5068 2087 5128 animarum
2118 5113 2135 5141 ,
2184 5089 2312 5130 cum

762 5167 1002 5218 cessante
1025 5159 1401 5238 prohibitione
1434 5170 1594 5219 cesset
1613 5159 1855 5240 effectus,
1884 5164 2310 5225 constitutiones

761 5269 929 5331 super
954 5253 1052 5312 hoc
1077 5254 1253 5314 editas
1276 5297 1292 5324 ,
1331 5250 1467 5313 Sao.
1495 5254 1893 5334 approbatione
1923 5253 2172 5318 Concilii
2215 5278 2307 5320 rs·

761 5356 1012 5405 vocantes
1045 5347 1326 5424 praesenti
1348 5345 1762 5408 Constitutione
1810 5349 2154 5418 decernimus
2176 5397 2194 5424 ,
2243 5364 2308 5413 ut

763 5440 843 5499 sic
871 5439 1250 5501 contrahentes
1278 5441 1344 5502 dc
1362 5452 1574 5503 caetero
1596 5442 1761 5503 libers
1781 5444 2133 5524 copulentur.
2163 5445 2308 5508 Pro·

2433 821 2696 881 excedat.

2551 915 2797 996 Absque
2840 936 2912 978 eo
2951 918 3114 997 quod
3152 919 3488 1000 quidquam
3519 919 3771 993 referat,
3816 920 3982 1001 quod

2434 1008 2634 1070 aJure
2661 1010 2838 1071 Civili
2866 1012 3209 1091 prohibitae
3248 1013 3370 1075 sint
3396 1014 3645 1093 nuptiae
3673 1013 3834 1076 inter
3868 1013 3980 1074 Vi-

2435 1104 2652 1165 tricum
2667 1149 2684 1179 ,
2714 1112 2775 1166 et
2801 1106 3060 1168 Uxorem
3083 1107 3352 1189 Privigni
3372 1128 3388 1180 ;
3411 1107 3474 1169 in
3505 1109 3616 1171 hac
3636 1108 3934 1190 siquidem
3956 1154 3978 1182 ,

2435 1197 2497 1258 in
2525 1217 2645 1279 qua
2669 1219 2979 1261 versamur
2998 1246 3014 1269 ,
3048 1201 3300 1263 materia
3316 1247 3333 1275 ,
3359 1220 3477 1263 nou
3497 1202 3605 1263 Jus
3626 1200 3817 1264 Civile
3833 1249 3852 1273 ,
3873 1202 3980 1263 sed

2431 1292 2464 1351 J
2470 1312 2539 1353 us
2551 1292 2920 1356 Canonicum
2938 1303 3025 1356 est
3043 1296 3476 1357 attendendum
3493 1341 3510 1368 ,
3532 1296 3619 1357 uti
3643 1298 3860 1376 probat
3880 1295 3979 1358 Te-

2430 1395 2571 1446 oetus
2592 1387 2657 1445 in
2676 1407 2800 1466 cap.
2829 1390 2975 1466 quod
2999 1387 3233 1449 Clericis
3259 1390 3324 1449 ds
3348 1388 3491 1450 Foro
3512 1392 3868 1469 competenti.

2519 1480 2859 1562 ·Multoque
2889 1482 3090 1544 minus
3133 1481 3497 1566 refragante,
3528 1485 3692 1565 quod
3730 1485 3973 1551 sublato

2426 1571 2855 1659 impedimento
2875 1576 3180 1638 affinitatis
3200 1580 3217 1637 i
3227 1598 3263 1638 n
3286 1580 3545 1641 secundo
3566 1600 3789 1662 genere
3807 1579 3978 1643 aliud

2426 1679 2732 1755 remaneat
2761 1670 3266 1752 impedimentum
3285 1722 3302 1746 ‚
3350 1675 3515 1756 quod
3558 1675 3837 1739 illicitum
3855 1721 3874 1750 ,
3918 1682 3981 1739 et

2423 1762 2663 1837 nullum
2684 1764 2934 1826 reddere
2955 1773 3144 1844 potest
3165 1767 3622 1829 matrimonium
3649 1814 3666 1839 ,
3685 1776 3746 1829 et
3762 1775 3852 1830 est
3869 1768 3978 1830 im·

2424 1856 2830 1935 pedimentum
2852 1859 3127 1938 publicae
3149 1858 3508 1933 honestatis,
3530 1861 3771 1924 sublato
3798 1863 3975 1943 quip-

2424 1970 2498 2030 pe
2523 1956 2559 2013 a'
2577 1953 2736 2037 Jure¹
2753 1952 3054 2015 Canonico
3079 1954 3393 2015 recentiori
3432 1955 3863 2034 impedimento
3888 1976 3977 2018 se·

2425 2047 2604 2108 cundi
2640 2038 2875 2129 generis
2908 2047 3215 2110 affinitatis
3239 2093 3256 2120 ,
3289 2048 3596 2123 sublatum
3628 2049 3811 2111 etiam
3857 2049 3976 2112 dici

2422 2140 2597 2202 debet
2635 2141 3131 2221 impedimentum
3176 2143 3452 2221 publicae
3500 2142 3830 2205 honestatis
3871 2144 3977 2207 de-

2422 2235 2708 2297 scendens
2727 2257 2761 2298 a
2786 2234 2945 2297 dicto
2960 2237 3219 2299 secundo
3239 2257 3458 2319 genere
3475 2237 3782 2300 affinitatis
3796 2239 3977 2320 juxta

2422 2330 2690 2413 Glossam
2741 2332 2872 2393 loco
2901 2333 3085 2393 citato
3112 2332 3230 2394 ibi:
3269 2333 3453 2393 Potest
3502 2334 3656 2405 dici,
3695 2334 3844 2411 quod
3875 2335 3982 2395 ubi

2378 2427 2646 2522 ‘publica
2677 2427 2928 2488 honestas
2954 2428 3126 2486 simut
3153 2429 3352 2487 incidit
3397 2429 3462 2487 in
3493 2429 3743 2488 eumdem
3776 2449 3972 2489 casum

2421 2541 2549 2580 cum
2566 2522 2821 2589 secundo,
2852 2524 2940 2583 cel
2965 2524 3126 2582 tertio
3151 2542 3346 2601 ponere
3362 2532 3465 2583 etc.
3490 2543 3604 2583 uno
3620 2524 3844 2584 sublato
3866 2525 3974 2583 tol-

2419 2604 2569 2675 litur
2607 2626 2658 2675 et
2703 2617 2867 2676 aliud
2910 2636 3008 2695 per
3051 2617 3194 2676 banc
3223 2619 3711 2689 constitutionem,
3762 2618 3980 2698 quoties

2420 2712 2570 2769 enim
2597 2713 2800 2769 vitium
2826 2730 2901 2769 cx
2936 2731 3050 2771 una
3072 2713 3243 2772 stiam
3270 2713 3459 2773 radice
3489 2715 3747 2774 nascitur
3785 2759 3807 2784 ,
3840 2732 3975 2774 con·

2423 2822 2649 2884 sequens
2672 2815 2749 2865 cst
2772 2852 2788 2875 ,
2820 2816 2885 2864 ut
2905 2825 3026 2864 una
3058 2806 3167 2883 leqs
3198 2807 3472 2866 tollatur.

2541 2898 2633 2960 Ex
2655 2897 2778 2961 alia
2801 2918 2946 2959 vero
2970 2907 3138 2978 parte
3163 2917 3283 2961 non
3315 2899 3623 2961 videbitur
3653 2901 3817 2981 quod
3846 2900 3980 2963 ullo

2423 2993 2599 3055 modo
2616 2992 2888 3055 contrahi
2916 2992 3098 3073 possit
3121 2992 3579 3055 matrimonium
3605 2994 3763 3057 inter
3782 2996 3976 3058 Vitri-

2424 3105 2562 3148 cum
2585 3135 2602 3160 ‚
2631 3094 2690 3148 et
2726 3086 2984 3148 Uxorem
3020 3086 3316 3169 Privigni,
3347 3088 3548 3151 clarus
3569 3089 3738 3151 enim
3769 3101 3856 3154 est
3884 3097 3974 3153 te·

2424 3190 2564 3244 xtus
2593 3181 2655 3242 in
2685 3183 2753 3244 L.
2786 3181 3045 3244 Uxorem
3082 3187 3178 3266 ¹5.-
3229 3183 3292 3243 ff.
3345 3183 3419 3245 de
3467 3183 3589 3245 ritu
3624 3184 3976 3264 nuptiarum

2426 3276 2509 3337 ibi
2542 3298 2557 3337 ε
2592 3277 2840 3340 Uxorem
2873 3277 3155 3355 quondam
3185 3276 3453 3357 Priviqni
3478 3279 3746 3359 conjungi
3766 3282 3976 3341 matri·

2427 3374 2612 3432 monio
2652 3371 2856 3432 Vitrici
2882 3391 2996 3431 non
3023 3373 3276 3451 oportet.

2542 3465 2662 3527 Nec
2682 3474 2771 3527 est
2792 3463 3145 3536 dicendum,
3178 3465 3339 3546 quod
3383 3464 3754 3528 contrarium
3788 3464 3978 3531 fuerit

2425 3579 2463 3623 a
2486 3561 2635 3621 Jure
2665 3559 2966 3621 Canonico
2991 3567 3280 3620 statutum
3308 3597 3324 3630 ,
3354 3559 3501 3640 quia
3532 3560 3706 3621 Text.
3747 3561 3815 3620 in
3841 3581 3969 3641 cop.

2424 3674 2539 3715 non
2568 3655 2717 3715 debet
2741 3654 2806 3715 de
2826 3656 3193 3733 consenquin.
3224 3698 3241 3726 ,
3271 3663 3321 3713 ct
3341 3655 3547 3734 affluit.
3583 3653 3855 3735 loquitur
3900 3655 3982 3719 de

2423 3748 2871 3812 collateralibus
2898 3747 3354 3829 consanguineis
3378 3793 3394 3819 ,
3424 3755 3483 3809 et
3510 3747 3800 3810 affinibus
3835 3795 3854 3823 ,
3886 3750 3974 3814 ita

2424 3851 2492 3905 ut
2518 3843 2798 3923 aptabilis
2820 3839 3097 3904 'videatur
3120 3841 3471 3922 propositio,
3505 3842 3669 3923 quod
3697 3843 3847 3905 Jura
3865 3845 3896 3904 J
3903 3864 3976 3905 u-

2423 3937 2595 4001 ribus
2611 3946 2751 4000 sunt
2774 3937 3189 3999 concordanda
3218 3982 3236 4010 ,
3274 3944 3334 3997 et
3378 3937 3541 4017 quod
3571 3938 3817 4017 quando
3858 3938 3973 4001 ali-

2422 4033 2679 4113 quidest
2701 4033 2956 4094 dubium
2984 4031 3059 4094 de
3084 4031 3232 4092 Jure
3255 4030 3584 4105 Canonico,
3610 4040 3671 4094 et
3696 4040 3786 4095 est
3811 4033 3973 4095 deci·

2422 4144 2557 4189 sum
2585 4128 2658 4189 de
2682 4128 2827 4198 Jure
2854 4126 3030 4189 Civili
3059 4170 3076 4198 ,
3099 4126 3201 4206 jus
3241 4125 3434 4188 Civile
3467 4145 3587 4187 non
3624 4126 3826 4189 solum
3855 4127 3966 4189 ob·

2422 4221 2777 4284 servatoria
2807 4219 2939 4281 foro
2969 4219 3172 4289 Civili,
3202 4220 3307 4281 sed
3329 4220 3515 4282 etiam
3537 4220 3599 4281 in
3621 4219 3756 4283 foro
3781 4221 3974 4283 Cano·

2401 4317 2595 4390 ‚nico,
2633 4323 2693 4376 et
2718 4314 2881 4395 quod
2929 4307 3174 4395 quando
3208 4312 3447 4394 aliquid
3491 4321 3581 4375 est
3606 4314 3861 4376 dubium
3899 4314 3978 4376 de

2421 4411 2454 4470 J
2461 4430 2568 4472 ure
2593 4409 2768 4470 Civili
2792 4456 2811 4484 ,
2829 4417 2902 4475 ⁴et
2926 4418 3013 4469 est
3035 4407 3301 4469 decisum
3343 4408 3419 4470 de
3446 4408 3593 4470 Jure
3623 4407 3923 4469 Canonico
3949 4453 3971 4481 ,

2422 4506 2532 4566 Jus
2559 4503 2932 4565 Canonicum
2962 4504 3316 4564 observatur
3350 4510 3472 4565 tam
3513 4503 3577 4563 in
3612 4501 3744 4564 foro
3778 4501 3974 4563 Cano-

2427 4599 2587 4669 nico,
2606 4618 2788 4679 quam
2812 4599 2872 4659 in
2907 4598 3038 4659 foro
3062 4597 3239 4680 Civili
3265 4600 3440 4679 juxta
3461 4598 3717 4688 Textum
3733 4597 3799 4655 in
3819 4592 3965 4677 Cap.

2422 4695 2687 4755 Intellsx.
2719 4695 2784 4754 ds
2807 4696 2942 4756 >novi
2969 4695 3149 4773 operis
3170 4693 3532 4753 nunciationc
3555 4693 3619 4751 in
3644 4710 3769 4769 cap.
3807 4709 3977 4770 super

2423 4789 2586 4870 Spec.
2620 4790 2685 4850 ds
2708 4791 2909 4869 pricit.
2939 4836 2956 4860 ,
2993 4799 3043 4849 ct
3072 4789 3138 4847 in
3171 4784 3322 4867 Cap.
3356 4783 3569 4847 Clerici
3590 4784 3654 4844 do
3680 4782 3969 4845 Iudiciis.

2539 4882 2637 4945 Sic
2675 4881 3067 4944 ratiocinatur
3109 4880 3357 4943 Ioannes
3402 4876 3690 4940 Oinotom.
3737 4878 3815 4938 ad
3863 4879 3967 4939 lib.

2418 4979 2671 5057 primum
2694 4975 2885 5037 Instit.
2911 4978 3003 5036 tit.
3039 4976 3105 5035 de
3133 4972 3373 5055 Nuptiis
3400 4973 3467 5032 de
3495 4972 3693 5032 arbore
3718 4971 3974 5050 affinita-

2422 5073 2493 5132 tis
2519 5091 2678 5131 num.
2717 5074 2810 5131 1t.
2863 5089 2998 5149 paq.
3036 5068 3179 5128 mihi
3227 5070 3325 5127 45.
3376 5064 3461 5126 ibi
3482 5085 3496 5124 z
3527 5064 3771 5127 Mortua
3798 5063 3975 5129 Anno

2420 5166 2617 5228 Matre
2641 5163 2776 5242 caji
2805 5208 2822 5236 ,
2852 5173 2903 5223 'st
2930 5164 3100 5223 stiam
3125 5161 3244 5240 ojus
3272 5159 3421 5219 Filio
3453 5157 3597 5238 ano
3620 5203 3639 5232 ,
3673 5161 3975 5238 quaeritur

2420 5281 2498 5322 an
2533 5259 2780 5319 Vitricus
2816 5256 3154 5335 Pamphilus
3174 5256 3350 5335 possit
3379 5254 3577 5313 ducere
3610 5252 3844 5315 Bertam
3882 5255 3978 5314 sui

2421 5353 2686 5431 Priviqni
2712 5351 2844 5429 Caji
2877 5350 3159 5410 Viduam?
3179 5348 3262 5408 Do
3278 5346 3424 5408 Jure
3447 5346 3732 5409 Canonico
3755 5349 3978 5410 videtur

2428 5448 2723 5508 dicendum
2759 5445 2906 5525 quod
2932 5445 3034 5515 sic,
3064 5444 3203 5523 quio
3230 5445 3341 5505 ista
3369 5442 3546 5505 Bortn
3567 5453 3648 5506 cst
3672 5442 3978 5524 Pamphilo
