4393 6299
767 645 962 714 posset
1005 652 1131 695 esse
1161 631 1360 693 minus
1399 630 1608 692 doctus
1631 675 1648 702 ,
1676 633 1776 694 sed
1829 632 2020 715 magis
2063 632 2313 695 idoneus

766 745 878 807 pro
904 727 1164 789 Ecclesia
1195 724 1528 787 parochiali
1553 769 1570 797 ,
1601 725 1745 788 hinc
1771 735 1860 788 est
1881 773 1899 798 ,
1926 727 2092 807 quod
2118 726 2317 808 exple-

766 821 844 882 tis
880 822 1297 894 examinibus,
1330 819 1698 882 instituenda
1728 828 1818 884 est
1857 820 2128 901 quaestio
2153 820 2316 883 circa

761 915 1158 979 Collationem
1189 913 1558 977 parochialis
1576 960 1593 988 ,
1621 914 1894 995 adeoque
1919 914 2075 977 circa
2111 914 2315 977 unius·

763 1010 1056 1092 cujusque
1100 1008 1388 1089 requisita
1418 1057 1435 1080 ‚
1471 1016 1530 1071 et
1572 1016 1715 1070 tuuc
1749 1009 2061 1084 formiter,
2106 1016 2166 1071 et
2208 1028 2315 1090 per

762 1105 1181 1167 concludentes
1208 1103 1591 1184 probationes
1619 1103 1759 1184 poni
1787 1105 1961 1166 debet
1988 1103 2050 1164 in
2081 1102 2261 1166 claris
2292 1149 2310 1176 ,

762 1200 923 1279 quod
974 1198 1338 1260 Ordinarius
1372 1197 1762 1279 praeelegerit
1819 1197 2019 1259 minus
2058 1198 2312 1280 dignum

761 1292 825 1354 in
863 1293 1314 1372 comparatione
1347 1292 1643 1375 dignioris
1670 1338 1689 1365 ,
1722 1301 1782 1353 et
1821 1293 1886 1352 in
1915 1292 2012 1353 his
2038 1292 2313 1354 terminis

763 1387 1081 1468 procedere
1107 1387 1393 1449 dicuntur
1424 1387 1608 1449 verba
1643 1385 1853 1448 Bullae
1889 1386 2146 1449 Pianae:
2179 1406 2312 1448 con·

758 1484 893 1542 stito
919 1483 985 1543 dc
1008 1484 1222 1562 prioris
1249 1483 1505 1562 cliqmtis
1525 1482 1920 1542 irrationabili
1939 1482 2191 1559 judicio,
2225 1501 2316 1542 co-

759 1597 866 1656 que
913 1588 1166 1639 revocato
1181 1624 1198 1648 ,
1231 1574 1595 1639 Parocltialis
1635 1577 1816 1655 maqis
1842 1577 2037 1637 idoneo
2057 1576 2313 1659 conssra-

759 1683 895 1733 tar:
924 1678 987 1734 et
1015 1670 1134 1733 late
1162 1671 1238 1732 ad
1273 1689 1400 1732 rem
1435 1678 1885 1751 prosequuntur
1937 1669 2213 1749 thriql.
2247 1672 2313 1730 in

755 1768 941 1846 praxi
991 1785 1184 1827 rerum
1226 1765 1444 1826 Eccles.
1490 1774 1645 1844 part.
1702 1768 1761 1825 2.
1813 1774 2073 1828 annotat.
2130 1771 2188 1824 5.
2244 1762 2309 1847 §-

761 1867 820 1920 2.
874 1880 1034 1920 utura.
1084 1865 1183 1920 53.
1220 1870 1272 1920 ct
1315 1862 1417 1920 54.
1453 1857 1702 1919 Garzias
1739 1860 1804 1918 dc
1851 1860 2024 1933 benef.
2064 1879 2196 1940 par.
2248 1864 2306 1919 9.

759 1976 885 2035 cap.
919 1959 976 2015 2.
1011 1975 1171 2015 aum.
1207 1958 1346 2014 252.
1395 1954 1705 2017 Monaccll.
1732 1957 1794 2012 in
1817 1953 2051 2031 sortnul.
2084 1966 2217 2014 tom.
2245 1958 2304 2012 2.

760 2052 850 2109 tit.
911 2054 1000 2110 15.
1039 2069 1202 2110 num.
1254 2053 1353 2109 20.
1385 2060 1436 2109 ct
1473 2046 1767 2108 annom
1791 2049 1858 2107 in
1903 2046 2124 2108 Luam.
2158 2047 2306 2108 Sar-

759 2164 960 2205 zanen.
1010 2143 1369 2206 Parocbialis
1389 2147 1449 2203 2.
1490 2141 1649 2204 lolii
1679 2146 1850 2202 1706.
1877 2140 2171 2223 §.Neque
2213 2143 2307 2200 ob·

756 2251 908 2301 stare
945 2259 1136 2301 coram
1184 2241 1312 2298 bon.
1345 2257 1508 2298 mont.
1557 2234 1826 2297 Omanna
1855 2284 1869 2306 ,
1900 2245 1952 2295 et
1992 2237 2158 2297 decis.
2209 2241 2300 2297 10.

755 2352 914 2392 num.
949 2336 1006 2394 4.
1042 2342 1093 2393 ct
1123 2337 1182 2392 5.
1206 2342 1327 2411 post
1354 2330 1668 2392 Monacell.
1699 2332 1765 2389 in
1790 2330 2021 2407 {ormttL
2063 2340 2193 2388 tom.
2223 2332 2285 2390 t.

880 2431 976 2487 12.
1009 2426 1297 2506 Exposita
1328 2425 1501 2505 praxi
1534 2472 1546 2492 ,
1577 2425 1751 2504 juxta
1780 2423 2128 2484 methodum
2159 2424 2307 2484 insi-

756 2528 1028 2592 nuatam,
1056 2539 1289 2581 necesse
1314 2529 1399 2580 est
1426 2522 1586 2598 loqui
1614 2520 1688 2578 dc
1719 2519 2299 2592 inconvenientibus,

756 2626 816 2678 et
848 2615 1232 2696 praejudiciis
1254 2659 1269 2685 ,
1320 2632 1478 2693 quae
1526 2634 1598 2673 cx
1630 2614 1783 2673 dicta
1815 2613 1983 2691 praxi
2033 2611 2307 2673 derivare

758 2710 1066 2770 dicuntur.
1124 2708 1310 2768 Porro
1341 2707 1632 2767 nonnulla
1668 2709 1987 2785 respiciunt
2029 2706 2184 2787 juris
2212 2704 2304 2766 di-

758 2801 1144 2882 spositionem
1174 2844 1191 2872 ,
1229 2809 1289 2860 et
1329 2801 1605 2860 ordinem
1629 2843 1647 2870 ,
1697 2801 1987 2860 nonnulla
2032 2798 2305 2860 decorem

756 2894 1154 2976 episcopalem
1178 2939 1195 2967 ,
1251 2901 1311 2954 et
1354 2891 1647 2954 nonnulla
1695 2893 1984 2953 damnum
2036 2893 2303 2973 ipsarum

758 2989 1159 3051 Ecclesiarum
1183 2986 1653 3057 parochialium,
1695 3005 1801 3049 nec
1829 3006 1951 3055 non
1983 2986 2303 3051 Parachia-

759 3104 999 3145 uorum.
1266 3130 1269 3137 .

881 3184 975 3239 13.
1032 3174 1244 3253 Quoad
1273 3176 1722 3257 dispositionem
1749 3222 1767 3252 ,
1799 3188 1861 3240 et
1890 3178 2166 3240 ordinem
2202 3178 2304 3259 ju-

759 3273 845 3333 ris
871 3318 887 3345 ,
919 3272 1140 3332 durum
1169 3277 1230 3332 et
1250 3269 1644 3331 durissimum
1666 3269 1887 3333 dicitur
1912 3290 2038 3333 esse
2063 3316 2081 3346 ,
2112 3271 2301 3352 quod,

755 3367 804 3427 si
834 3365 1240 3447 praesumptio
1276 3364 1435 3445 juris
1459 3372 1549 3425 est
1577 3384 1687 3446 pro
1726 3365 1996 3448 Episcopi
2021 3365 2254 3448 judicio
2283 3414 2301 3439 ,

755 3462 955 3541 quoad
985 3479 1176 3541 usque
1209 3458 1580 3521 contrarium
1609 3459 1892 3522 doceatur
1915 3505 1931 3532 ,
1957 3461 2303 3542 provocatio

756 3556 833 3617 ad
866 3573 1088 3616 novum
1114 3573 1368 3616 examen
1413 3553 1631 3615 deinde
1654 3554 2045 3629 admittatur,
2077 3556 2302 3618 nedum

758 3651 989 3729 absque
1021 3648 1150 3709 ulla·
1167 3647 1521 3729 probatione
1541 3693 1560 3721 ,
1586 3649 1688 3710 sed
1715 3648 1896 3712 etiam
1922 3652 2153 3731 absque
2175 3650 2303 3712 ullo

757 3745 926 3805 fumo
961 3742 1508 3804 irrationabilitatis
1552 3742 1904 3824 episcopalis
1935 3745 2198 3827 judicii,
2244 3753 2305 3808 et

758 3838 948 3899 multo
975 3837 1165 3918 magis
1191 3883 1207 3910 ‚
1231 3855 1366 3897 cum
1390 3856 1467 3897 ex
1497 3854 1654 3898 novo
1675 3838 1954 3900 examine
1976 3859 2096 3900 non
2125 3839 2303 3901 desu-

756 3943 956 3995 matur
986 3933 1098 3992 nisi
1132 3933 1344 4011 major,
1373 3931 1471 3992 vel
1492 3931 1693 3992 minor
1720 3932 2081 4008 litteratura,
2113 3953 2303 4015 quan—

754 4027 833 4088 do
859 4037 1084 4088 certum
1110 4034 1197 4086 est
1226 4026 1512 4106 majorem
1563 4024 1962 4088 litteraturam
1992 4047 2115 4089 non
2134 4027 2300 4089 suffi-

753 4141 889 4181 cere
919 4139 1026 4199 pro
1051 4119 1376 4179 obtinenda
1404 4117 1737 4181 parochiali
1767 4166 1784 4194 ,
1816 4121 1970 4183 itaut
1998 4122 2301 4203 possibilis

753 4217 830 4277 sit
859 4233 1029 4275 rasus
1056 4259 1070 4279 .
1103 4213 1262 4293 quod
1309 4213 1422 4273 rite
1443 4258 1460 4284 ,
1493 4222 1552 4273 et
1591 4222 1750 4275 recte
1773 4215 2099 4296 Episcopus
2129 4235 2298 4297 prae-

753 4308 963 4370 tulerit
990 4307 1189 4367 minus
1208 4306 1447 4365 doctum
1476 4306 1663 4388 magis
1690 4307 1861 4369 docto
1890 4354 1908 4380 ,
1941 4328 2016 4370 ex
2043 4328 2166 4388 quo
2189 4310 2296 4369 mi·

757 4422 872 4464 nus
932 4400 1140 4461 doctus
1179 4400 1429 4458 caeteris
1477 4398 1614 4458 aliis
1654 4401 2001 4462 necessariis
2045 4402 2294 4481 polleret

752 4494 1149 4577 qualitatibus
1194 4511 1303 4572 pro
1352 4492 1644 4573 regimine
1690 4495 2031 4556 animarum
2059 4545 2074 4567 ,
2118 4506 2187 4558 ut
2231 4497 2294 4558 in

754 4601 977 4672 puncto
1000 4634 1016 4661 ,
1049 4587 1541 4669 perpensa.praxi
1568 4635 1584 4658 ‚
1610 4588 1686 4649 de
1710 4607 1831 4668 qua
1856 4608 2016 4651 nunc
2052 4592 2253 4672 agitur
2276 4641 2292 4668 ‚

757 4685 1048 4765 ponderat
1097 4681 1274 4741 Card.
1325 4682 1389 4741 dc
1430 4679 1589 4741 Luca
1628 4683 1692 4742 dc
1736 4681 2013 4743 Pan-ochis
2055 4686 2192 4746 disc.
2234 4692 2291 4748 6.

747 4798 907 4837 nuta.
929 4782 985 4836 3.
1009 4787 1059 4835 ct
1081 4794 1230 4852 seqq.

873 4876 967 4932 14.
1008 4868 1301 4943 Quocirca
1331 4866 1539 4928 dicunt
1588 4871 1870 4930 Doctores
1896 4914 1912 4940 ,
1949 4873 2109 4951 quod
2155 4874 2301 4937 haec

750 4965 1093 5046 provocatio
1132 4963 1206 5023 ad
1246 4981 1469 5023 novum
1498 4982 1749 5024 examen
1774 4965 1955 5026 etiam
1982 4985 2122 5028 cum
2153 4971 2296 5030 sub-

749 5068 951 5120 secuto
980 5057 1182 5117 favore
1193 5055 1296 5115 bili
1330 5053 1541 5116 effectu
1565 5100 1582 5127 ,
1607 5057 1770 5135 quod
1798 5060 2110 5139 appellans
2133 5062 2293 5122 scili-

749 5162 841 5214 cet
882 5159 1185 5212 remaneat
1215 5149 1584 5228 approbatus
1610 5196 1627 5218 ,
1679 5159 1738 5211 et
1763 5152 1944 5214 etiam
1987 5155 2297 5233 qualifica-

751 5255 848 5306 tus
877 5257 1161 5323 tanquam
1208 5240 1399 5321 magis
1424 5242 1632 5302 doctus
1652 5286 1670 5316 ,
1702 5242 2048 5308 nullatenus
2072 5248 2126 5308 ei
2167 5250 2293 5310 suf·

749 5338 913 5400 ficiat
962 5356 1072 5416 pro
1121 5334 1448 5397 obtinenda
1498 5335 1834 5398 parochiali
1859 5384 1875 5411 ,
1909 5341 2010 5401 sed
2061 5351 2293 5403 tantum

749 5434 825 5496 ad
853 5431 1238 5493 avertendam
1286 5438 1489 5491 notam
1515 5476 1532 5499 ,
1565 5440 1623 5491 et
1659 5430 1971 5497 infamiam
2005 5438 2286 5516 reproba-

1927 481 2373 548 Quns‘rtomss
2422 481 2785 536 exsontes:

2421 633 2603 696 tionis
2628 681 2646 709 ,
2705 641 2813 697 aut
2852 632 3305 714 approbationis
3352 631 3420 693 in
3463 631 3727 695 secundo
3778 632 3971 712 gradu

2421 738 2761 809 reportatae
2800 728 2863 789 in
2911 727 3108 808 primo
3158 725 3439 789 examine
3475 725 3844 807 episcopali,
3882 726 3974 788 uti

2422 823 2714 905 ponderat
2745 823 3023 902 Ventriql.
3055 825 3120 883 in
3139 825 3322 901 praxi
3343 822 3481 883 Rcr.
3513 821 3732 882 Ecclcs.
3753 841 3884 902 par.
3907 827 3970 882 2.

2420 930 2619 980 annot.
2648 925 2706 978 5.
2732 917 2798 1000 §.
2844 921 2905 977 2.
2942 938 3103 977 num.
3136 920 3235 983 48.
3261 923 3320 977 et
3338 915 3611 996 sequitur
3633 915 3781 977 Rota
3801 916 3968 977 decis.

2429 1018 2524 1074 10.
2575 1015 2700 1074 sub.
2766 1032 2925 1074 num.
2983 1018 3040 1073 9.
3093 1023 3214 1092 post
3259 1011 3570 1073 Mottaccll.
3618 1014 3683 1071 in
3733 1011 3966 1088 formul.

2422 1117 2553 1168 tom.
2587 1110 2648 1168 t.

2540 1205 2636 1262 15.
2674 1199 2888 1277 Quoad
2918 1201 3189 1261 decorem
3216 1197 3612 1279 episcopalem
3638 1243 3655 1271 ,
3692 1198 3972 1262 animad-

2420 1295 2699 1368 vertitur,
2729 1295 2892 1375 quod
2934 1312 3264 1374 provocans
3311 1293 3388 1354 ad
3419 1312 3643 1354 novum
3672 1312 3924 1356 examen
3947 1340 3971 1368 ,

2417 1400 2479 1452 et
2503 1390 2783 1452 obtinens
2799 1388 3305 1469 »approbationem
3339 1386 3401 1448 in
3427 1386 3709 1458 secundo,
3735 1396 3796 1448 et
3817 1386 3972 1450 ulte-

2418 1482 3098 1555 rioribusexaminibuS,
3121 1490 3186 1542 ut
3208 1480 3540 1562 plurimum
3560 1479 3969 1543 Parochialem

2418 1577 2829 1658 consequitur,
2849 1583 2912 1638 et
2936 1596 2970 1637 a
2988 1574 3425 1637 Tribunalibus
3448 1574 3629 1637 Urbis
3656 1575 3970 1653 responde-

2419 1678 2541 1746 tur,
2566 1671 2729 1751 quod
2758 1681 2973 1731 constat
2994 1671 3058 1731 dc
3076 1671 3471 1732 irrationabili
3488 1669 3971 1750 judicioss'pisco-

2410 1767 2501 1846 pi,
2521 1763 2965 1827 itautParochia
2985 1763 3063 1826 sit
3082 1763 3430 1844 provocanti
3449 1762 3837 1825 conferenda.
3862 1765 3973 1825 Re-

2415 1859 2656 1939 sponsio
2676 1867 2877 1921 autem
2903 1904 2920 1931 ,
2945 1857 3108 1939 quod
3134 1868 3350 1918 constat
3374 1857 3441 1917 dc
3455 1858 3851 1919 irrationabili
3866 1857 3970 1935 ju-

2416 1955 2564 2014 dicio
2600 1953 2887 2034 Episcopi,
2919 1953 3353 2035 praejudicium
3382 1951 3557 2015 affert
3596 1952 3797 2014 decori
3843 1951 3970 2031 epi-

2415 2049 2662 2129 scopali,
2691 2048 3042 2129 etquidem,
3075 2057 3142 2109 ut
3166 2047 3359 2127 aliqui
3383 2048 3616 2116 dicunt,
3662 2046 3794 2107 sine
3829 2045 3967 2105 fun-

2415 2142 2697 2204 damento
2723 2187 2741 2216 ,
2785 2153 2845 2205 et
2876 2141 3150 2213 ratione;
3181 2140 3426 2203 deberet
3450 2142 3671 2201 etenim
3708 2140 3785 2201 de
3815 2140 3967 2200 irra-

2418 2236 2818 2300 tionabilitate
2843 2244 3118 2298 constare
3138 2255 3214 2299 ex
3244 2235 3392 2297 actis
3411 2234 3751 2297 Concursus
3776 2233 3969 2296 habiti

2413 2349 2615 2393 coram
2642 2330 2934 2411 Episcopo
2948 2374 2968 2404 ,
2988 2337 3202 2392 etnon'
3222 2349 3299 2393 ex
3321 2348 3478 2390 novo
3500 2327 3803 2401 examine,
3826 2327 3973 2408 quia

2411 2424 2588 2487 sicuti
2617 2425 2900 2506 possibile
2924 2432 3035 2498 est,
3066 2433 3134 2487 ut
3153 2424 3380 2505 aliquis
3408 2423 3564 2485 male
3594 2422 3971 2503 responderit

2414 2519 2478 2582 in
2511 2519 2817 2582 Concursu
2842 2565 2859 2593 ,
2889 2519 3100 2582 habito
3125 2538 3327 2582 coram
3360 2518 3655 2597 Episcopo
3680 2562 3697 2590 ,
3728 2527 3789 2578 et
3818 2517 3972 2579 bene

2413 2615 2769 2696 respondeat
2799 2616 2861 2677 in
2910 2616 3215 2678 Concursu
3240 2659 3258 2686 ,
3284 2613 3389 2694 qui
3444 2612 3508 2673 tit
3531 2631 3734 2674 coram
3760 2611 3791 2670 J
3800 2610 3972 2672 udice

2411 2710 2873 2790 Appellationis,
2893 2711 2980 2772 sic
3010 2707 3293 2790 possibile
3314 2715 3425 2779 est,
3451 2708 3613 2787 quod
3636 2704 3968 2768 rationabi-

2412 2802 2472 2865 le
2496 2803 2683 2866 fuerit
2715 2804 2989 2885 Episcopi
3038 2803 3334 2886 judicium
3357 2847 3376 2876 ,
3411 2821 3532 2863 non
3557 2801 3833 2862 obstante
3858 2818 3967 2878 ap·

2410 2899 2769 2979 probatione
2801 2919 2834 2960 a
2867 2905 3566 2979 provocantes-sportam
3594 2895 3659 2954 in
3706 2892 3969 2954 secundo

2411 2993 2691 3057 examine
2718 3041 2735 3065 ‚
2788 2993 2852 3055 iu
2900 3013 3026 3075 quo
3054 3011 3260 3054 rerum
3286 2992 3553 3054 themate
3575 3032 3595 3062 ,
3628 3005 3808 3050 nemo
3842 3005 3965 3046 nun

2412 3086 2577 3151 videt
2604 3087 2736 3149 sine
2756 3086 3171 3161 fundamento,
3201 3094 3261 3149 et
3293 3084 3425 3147 sine
3452 3082 3711 3156 ratione,
3741 3090 3964 3142 etcum

2412 3181 2700 3245 dedecore
2720 3181 3071 3261 episcopalis
3091 3179 3437 3262 Dignitatis‚
3464 3177 3702 3259 saepius
3724 3193 3963 3255 respon·

2410 3276 2540 3340 deri
2559 3324 2575 3351 ,
2608 3276 2771 3358 quod
2802 3286 3019 3339 constat
3052 3279 3119 3337 dc
3150 3276 3546 3338 irrationabili
3575 3271 3843 3352 Episcopi
3860 3269 3964 3346 ja-

2411 3372 2592 3439 dicio:
2632 3390 2824 3451 eoque
2865 3369 3103 3445 fortius,
3139 3369 3304 3450 quod
3334 3369 3463 3430 sive
3489 3385 3567 3429 ex
3615 3360 3911 3425 industria
3941 3406 3959 3433 ,

2407 3464 2536 3528 sive
2562 3485 2637 3527 ex
2665 3465 2955 3527 accidenti
3008 3483 3293 3545 magnum
3312 3506 3329 3536 ,
3357 3470 3423 3525 ut
3451 3459 3817 3542 plurimum,
3867 3455 3963 3515 in-

2409 3559 2659 3622 tercedit
2712 3567 2946 3640 tempus
3004 3559 3162 3621 iuter
3215 3575 3468 3620 examen
3525 3550 3846 3633 Episcopi,
3902 3557 3964 3611 et

2408 3673 2659 3717 examen
2689 3674 2890 3717 coram
2921 3654 3133 3716 Judice
3169 3646 3628 3733 Appellationis‚
3659 3664 3784 3726 quo
3811 3653 3962 3705 tem·

2411 3768 2557 3830 pore
2584 3749 2942 3811 intermedio
2976 3748 3330 3827 reprobatus
3368 3744 3596 3806 distaere
3640 3746 3862 3821 potest,
3906 3744 3967 3799 et

2408 3841 2781 3923 experientia
2832 3847 2978 3903 teste
3026 3841 3314 3913 habetur,
3373 3836 3535 3918 quod
3579 3832 3819 3915 probati
3870 3830 3964 3894 di-

2405 3945 2603 4009 scunt,
2631 3936 2825 3998 edocti
2845 3933 3126 3997 videlicet
3151 3943 3211 3996 et
3234 3930 3587 4013 praesertim
3609 3928 3673 3989 iu
3706 3927 3866 3989 Urbe
3883 3925 3964 3987 ab

2405 4030 2614 4111 aliquo
2634 4030 2765 4091 viro
2788 4029 3065 4109 peritiam
3096 4027 3358 4089 habente
3374 4022 3739 4103 Theologiae
3766 4021 3961 4083 Mora-

2408 4121 2506 4194 lis,
2530 4132 2590 4184 et
2613 4142 2863 4185 casuum
2886 4146 2904 4195 ,
2927 4120 3016 4182 uti
3040 4120 3284 4194 dicunt,
3316 4115 3737 4182 conscientiae.

2528 4223 2623 4278 16.
2658 4216 2871 4292 Quoad
2900 4216 3191 4277 damnum
3222 4214 3486 4293 denique
3506 4256 3526 4286 ,
3569 4220 3629 4273 et
3660 4205 3964 4290 praejudi-

2403 4311 2564 4373 cium
2598 4310 3000 4377 Ecclesiarum
3036 4307 3513 4379 parochialium,
3549 4312 3611 4367 et
3637 4300 3959 4365 Parochia-

2402 4424 2646 4479 norum,
2675 4405 2750 4466 de
2775 4403 2883 4465 illo
2924 4402 3147 4463 dicitur
3190 4419 3313 4462 non
3355 4420 3483 4462 esse
3509 4395 3911 4460 dubitandum
3932 4435 3952 4464 ,

2403 4499 2548 4578 quia
2566 4507 2882 4578 postquam
2898 4496 3123 4557 electus
3140 4495 3202 4556 in
3222 4510 3516 4555 concursu
3536 4488 3959 4571 possessionem

2402 4592 2667 4653 obtinuit
2698 4590 2991 4652 Ecclesiae
3018 4587 3406 4661 Parochiatis,
3427 4586 3476 4647 si
3503 4589 3856 4666 provocetur
3876 4578 3957 4641 ad

2405 4705 2627 4748 novum
2659 4703 2912 4746 examen
2937 4731 2954 4758 ,
2999 4683 3172 4745 debet
3217 4701 3254 4744 a
3283 4680 3570 4744 Parochia
3614 4673 3915 4737 discedere
3939 4719 3956 4743 ,

2403 4781 2581 4841 debet
2606 4781 2884 4842 accedere
2900 4779 2976 4840 ad
2996 4778 3267 4839 Iudicem
3298 4770 3763 4856 Appellationis,
3808 4774 3869 4827 et
3889 4776 3961 4827 ut

2402 4873 2735 4954 plurimum
2770 4873 2846 4934 ad
2876 4872 3100 4934 Urbem
3120 4918 3135 4943 ,
3165 4868 3436 4932 debetde
3463 4862 3807 4927 necessitate
3834 4877 3955 4920 non

2403 4970 2679 5030 recedere
2716 4968 2795 5029 ab
2834 4967 2992 5028 Urbe
3016 5011 3033 5037 ,
3084 4985 3195 5026 nec
3246 4984 3281 5027 a
3327 4963 3454 5023 loco
3500 4954 3720 5019 ludicii
3756 4952 3960 5035 quoad

2405 5081 2597 5143 usque
2624 5062 2806 5123 fuerit
2830 5059 3189 5139 completum
3212 5056 3514 5141 judicium.
3537 5050 3677 5111 novi
3724 5047 3958 5109 exami-

2404 5158 2520 5231 nis,
2574 5157 2733 5238 quod
2773 5175 2853 5218 ex
2901 5152 3258 5235 supradictis
3301 5161 3439 5222 tres,
3481 5155 3543 5209 et
3581 5152 3843 5225 quatuor
3867 5140 3958 5201 in-

2401 5253 2652 5313 stantias
2671 5249 2935 5312 admittit
2957 5293 2974 5320 ,
3005 5265 3127 5328 qua
3172 5245 3241 5306 in
3264 5265 3331 5306 re
3352 5289 3370 5316 ,
3414 5262 3492 5303 an
3528 5237 3908 5301 contineatur
3932 5278 3953 5305 ,

2402 5367 2513 5407 nuc
2560 5364 2635 5405 ne
2674 5346 2961 5405 damnum
3014 5338 3415 5403 Ecclesiarum
3457 5329 3903 5396 Parochialium
3931 5371 3952 5401 ,

2399 5449 2461 5502 et
2503 5437 3011 5501 Parochianorum
3038 5479 3057 5509 ,
3106 5429 3524 5513 unusquisque
3549 5424 3745 5508 „facile
3783 5420 3958 5488 colli·
