4393 6299
747 619 844 681 nis
865 626 1102 682 tenetur
1124 617 1542 688 redditionem,
1567 614 1936 696 quicumque
1966 614 2131 674 Bona
2154 630 2291 691 pos-

1943 450 2387 527 onAEs‘rmNsss
2426 424 2788 511 cmomciss

2518 610 2613 670 An
2637 613 2712 670 sit
2757 610 2907 670 locas
2951 605 3310 689 Beneplacito
3353 602 3705 686 Apostolico‚
3748 603 3813 661 in
3858 617 3956 663 ca·

750 714 903 777 sidet
924 715 1071 777 Jure
1099 712 1390 785 Salviani,
1451 712 1536 774 uti
1575 710 1754 771 tradit
1783 709 2005 771 Meam.
2061 708 2138 770 ad
2185 706 2297 767 Jas
2401 726 2468 765 su
2503 716 2606 767 etc.

756 808 939 870 Civile
961 808 1223 869 leodien.
1249 810 1519 869 obserrat.
1567 811 1705 866 237.
1738 825 1797 864 n.
1828 811 1884 864 5.
1913 803 2074 863 Clar.
2111 819 2290 862 mem.

752 901 1090 964 Cardinalis
1111 902 1350 963 Priolus
1371 901 1777 972 existimabat,
1802 898 1963 979 quod
1988 898 2293 958 Monaste·

751 997 916 1059 rium
934 1016 1010 1059 ex
1029 995 1328 1059 fructibus
1359 996 1653 1076 perceptis
1681 1000 2120 1073 consequutum
2142 990 2297 1052 fuis-

750 1101 839 1154 set
864 1092 1326 1155 satisfactionem
1352 1090 1533 1152 totius
1553 1091 1643 1150 sui
1669 1089 1841 1151 Credi
1851 1089 1891 1148 ti
1919 1088 2288 1149 florenorum

753 1191 969 1248 32000.
1001 1194 1060 1247 et
1089 1185 1194 1258 sic,
1243 1185 1406 1265 quod
1443 1204 1560 1244 non
1602 1191 1794 1263 posset
1821 1182 1978 1243 dicta
2009 1184 2174 1242 Bona
2201 1199 2297 1241 re-

754 1280 968 1352 tinere,
1014 1278 1128 1340 nisi
1160 1279 1501 1359 acquireret
1543 1278 1688 1338 Jura
1734 1275 1992 1346 dotalia,
2036 1292 2300 1354 quorum

752 1373 961 1436 favore
992 1391 1054 1433 se
1075 1371 1421 1434 confoveret
1466 1371 1531 1432 in
1556 1390 1767 1433 eorum
1798 1368 2164 1450 possessione
2193 1365 2303 1428 ad-

752 1485 962 1528 versus
982 1484 1398 1547 quoscumque
1417 1508 1433 1525 .

872 1560 1023 1622 Cum
1051 1559 1215 1622 hisce
1241 1560 1478 1636 duabus
1506 1557 1921 1620 Relationibus
1937 1555 2084 1617 clar.
2113 1573 2294 1616 mem.

753 1654 1142 1723 Eminentiss.
1174 1652 1357 1715 Prioli
1381 1652 1534 1714 facta
1565 1651 1683 1713 fuit
1718 1650 2045 1712 instantiae
2079 1666 2299 1729 propo·

754 1750 894 1812 sitio
923 1749 985 1809 in
1013 1748 1124 1811 bac
1151 1749 1329 1813 Sacra
1354 1746 1834 1828 Congregatione
1860 1732 2017 1806 i‘nter
2040 1760 2304 1804 summa·

757 1846 850 1909 ria
874 1864 1118 1925 precum
1144 1889 1160 1916 ‚
1196 1841 1652 1921 nonnullaeque
1689 1861 1762 1902 ex
1812 1839 2003 1901 officio
2052 1836 2303 1899 fuerunt

756 1940 1049 2013 excitatae
1075 1935 1476 2007 difficultates,
1502 1936 1741 2015 fuitque
1757 1919 2210 2004 demandatum,
2237 1939 2304 1992 ut

756 2034 1044 2097 instantia
1074 2038 1513 2112 proponeretur
1543 2030 1609 2090 in
1635 2029 1812 2089 folio.

878 2126 1270 2193 Difficultates
1286 2133 1489 2188 autem
1518 2145 1590 2186 ex
1617 2123 1827 2185 Officio
1847 2122 2139 2184 excitatae
2160 2140 2306 2182 con·
2335 2134 2340 2141 ’

757 2223 980 2286 sistunt
999 2222 1062 2283 111
1089 2221 1223 2294 boc,
1254 2220 1489 2301 quodsi
1523 2226 1644 2280 tota
1669 2218 1898 2279 utilitas
1946 2214 2296 2278 Monasterii

758 2319 833 2382 ad
895 2318 1056 2379 bunc
1106 2316 1354 2377 unicum
1390 2321 1678 2395 punctum
1736 2312 2044 2373 reducitur
2068 2356 2083 2382 ,
2139 2308 2303 2391 quod

759 2412 957 2493 ipsum
999 2409 1258 2491 acquirit
1299 2407 1608 2469 Creditum
1654 2424 2000 2467 annuorum
2044 2403 2305 2465 floreno·

759 2523 899 2566 rum
932 2496 1104 2567 1000.
1132 2502 1631 2566 constituentium
1661 2501 1916 2581 capitale
1937 2500 2309 2565 florenorum

760 2604 979 2661 20000.
1005 2607 1062 2661 et
1084 2598 1241 2660 cedit
1262 2597 1476 2660 Comiti
1498 2599 1573 2658 de
1595 2596 1775 2657 Mersi
1808 2595 2077 2675 Capitale
2098 2594 2308 2655 Flore-

761 2712 982 2755 norum
1012 2696 1227 2754 13330.
1263 2699 1323 2753 et
1349 2710 1413 2753 se
1437 2690 1663 2752 liberat
1681 2709 1714 2751 a
1739 2689 1846 2751 lite
1866 2709 1900 2751 a
1926 2690 2085 2751 dicto
2114 2688 2311 2750 Comi-

761 2797 822 2852 te
868 2787 1211 2850 introducta
1257 2805 1437 2865 super
1485 2785 1844 2847 Redditione
1879 2784 2131 2845 rationis
2179 2783 2311 2844 fru-

764 2892 969 2946 ctuum
1011 2888 1428 2962 perceptorum
1454 2900 1530 2941 ex
1560 2880 1742 2940 Bonis
1771 2880 1836 2939 de
1861 2879 2041 2939 Heers
2066 2878 2130 2943 in
2162 2876 2302 2939 Sal-

762 2976 968 3048 viano,
994 2993 1096 3036 seu
1121 2972 1362 3035 Saisina
1386 2991 1817 3054 possessorum.

883 3071 973 3130 De
1017 3067 1129 3130 bac
1171 3067 1434 3128 utilitate
1478 3076 1567 3127 est
1611 3064 2012 3127 dubitandum
2043 3110 2060 3138 ,
2109 3065 2309 3145 primo

765 3164 909 3245 quia
928 3163 1208 3225 habenda
1232 3171 1318 3224 est
1349 3161 1503 3224 ratio
1529 3160 1786 3223 dominii
1818 3159 2062 3233 directi,
2093 3169 2151 3221 et
2175 3179 2308 3240 spe-

767 3267 932 3341 ratae
959 3257 1362 3319 devolutionis
1382 3258 1713 3328 Bonorum,
1747 3251 1975 3316 necnon
2023 3254 2189 3316 Juris
2214 3275 2310 3316 re-

755 3352 932 3427 111νί1,
962 3359 1023 3414 et
1042 3350 1308 3433 homagii
1334 3371 1501 3431 saper
1530 3350 1791 3423 Poicoal,
1836 3369 2073 3414 ,necnon
2116 3349 2311 3411 Cano-

765 3464 916 3507 num
942 3445 1354 3517 decursorum,
1386 3451 1445 3505 et
1485 3462 1602 3504 non
1630 3443 1968 3505 solutorum
1997 3463 2030 3505 a
2074 3443 2307 3506 Comite

766 3539 842 3602 de
869 3539 1075 3610 Mersi,
1097 3538 1320 3618 quibus
1353 3537 1637 3598 omnibus
1662 3539 1845 3598 rebus
1876 3540 2308 3599 Monasterium

770 3633 965 3697 media
997 3633 1110 3695 hac
1135 3633 1535 3694 transactione
1562 3632 1911 3693 renuntiat.

886 3727 1159 3789 Secundo
1178 3725 1322 3808 quia
1343 3726 1775 3786 Monasterium
1796 3726 2163 3806 acquirendo
2174 3726 2311 3789 Cre-

767 3823 961 3886 ditum
992 3841 1334 3883 annuorum
1366 3820 1733 3882 florenorum
1761 3826 1932 3882 1000.
1965 3842 2080 3881 non
2118 3842 2312 3892 rema-

771 3928 871 3979 net
909 3917 1235 3979 liberatum
1264 3936 1299 3978 a
1331 3915 1668 3976 redditione
1697 3915 1948 3976 rationis
2003 3914 2310 3977 fructuum

773 4012 1084 4091 bucusque
1114 4018 1531 4091 perceptorum
1554 4030 1627 4070 ex
1654 4010 1836 4069 Bonis
1856 4010 1929 4070 de
1952 4009 2130 4070 Hem
2152 4055 2168 4083 ,
2203 4030 2312 4091 pro

770 4125 888 4187 qua
916 4104 1123 4166 saltem
1151 4104 1254 4165 alii
1286 4103 1623 4164 Creditores
1656 4103 1881 4165 instare
1911 4113 2190 4183 possunt.

887 4197 1092 4258 Tertio
1136 4198 1280 4277 quia
1326 4196 1387 4256 in
1426 4197 1540 4258 bac
1566 4198 1966 4258 transactione
2015 4198 2316 4261 Monaste·

771 4291 930 4352 rium
958 4310 1079 4350 non
1103 4289 1388 4370 acquirit,
1423 4309 1525 4350 seu
1559 4291 1792 4351 obtinet
1842 4292 2223 4355 securitatem
2251 4314 2315 4356 se

771 4384 1130 4447 confovendi
1163 4387 1224 4444 in
1257 4385 1621 4466 possessione
1645 4386 1951 4446 Bonorum
1984 4387 2058 4448 de
2114 4388 2312 4463 Heers,

770 4483 1059 4542 securitas
1093 4480 1317 4561 quippe
1344 4499 1418 4540 ex
1447 4479 1567 4539 alio
1596 4479 1789 4559 capite
1813 4479 2022 4541 baberi
2055 4501 2175 4543 non
2210 4503 2313 4563 po-

773 4585 919 4648 test,
969 4594 1153 4655 quam
1185 4593 1218 4635 a
1268 4573 1494 4638 credito
1534 4574 1691 4634 dotis
1730 4595 1836 4653 per
1882 4576 2313 4638 Monasterium

771 4669 1163 4749 acquirendo,
1187 4669 1286 4729 sed
1308 4689 1441 4729 cum
1468 4666 1762 4729 creditum
1769 4669 1895 4750 jam
1928 4671 2111 4733 fuerit
2133 4674 2316 4734 semel

773 4783 881 4844 per
902 4765 1258 4825 sententiam
1283 4765 1592 4843 rejectum,
1625 4783 1926 4844 suumque
1953 4764 2173 4828 habeat
2198 4768 2318 4828 ini-

776 4859 925 4921 tium
959 4859 1023 4916 de
1054 4879 1205 4919 anno
1232 4862 1403 4918 1737.
1437 4866 1495 4918 et
1519 4857 1828 4937 ignoretur
1859 4878 1934 4919 an
1970 4860 2168 4922 adsint
2209 4862 2313 4923 alii

2513 898 2666 949 Sacra
2693 897 2892 965 Congr.
2923 896 3012 948 die
3037 894 3127 947 22.
3160 894 3302 948 ,lunii
3336 890 3497 945 1⁷20.
3526 887 3842 957 responditt

2591 985 2874 1054 Negative.

2515 1076 2617 1128 Sed
2646 1076 2923 1142 impetrata
2952 1090 3088 1122 nova
3118 1069 3383 1122 audientia
3405 1107 3419 1131 ,
3439 1068 3722 1137 proposito
3750 1063 3917 1115 dubio
3940 1099 3958 1127 ,

2592 1165 2682 1216 An
2704 1163 2778 1216 sit
2798 1161 3075 1226 standum,
3112 1160 3201 1211 vel
3224 1155 3582 1210 recedendum
3611 1174 3643 1205 a
3671 1151 3884 1217 decisis,

2518 1254 2672 1305 Sacra
2698 1253 2895 1318 Congr.
2926 1250 3014 1300 die
3041 1250 3092 1302 6.
3122 1249 3245 1316 Maii
3280 1247 3438 1299 172³.
3468 1243 3777 1312 respondit:

2596 1337 2831 1392 Praevia
2884 1354 3093 1389 recessu
3120 1355 3155 1387 a
3187 1333 3401 1401 decisis,
3447 1329 3799 1385 concordiam
3851 1345 3964 1381 esse

2408 1425 2867 1497 confirmandam.

2850 1631 3210 1710 QnAEsrlo
3254 1602 3524 1694 chxl.

2492 1839 2561 1899 In
2593 1837 2787 1901 Causa
2814 1837 3116 1898 Illerdensi
3164 1832 3581 1895 Translationis
3601 1877 3616 1902 ,
3646 1829 3736 1889 die
3780 1830 3878 1887 22.

2661 1969 2665 1974 ·
2984 1930 3158 1991 lunii
3214 1933 3388 1990 1720.

2417 2063 2506 2183 In
2526 2122 2876 2184 summitate
2904 2118 3130 2182 Montis
3156 2117 3358 2178 Villae
3378 2114 3451 2176 de
3472 2111 3758 2195 Alguaire
3781 2108 3960 2171 Dioe-

2410 2217 2524 2278 cesi
2551 2216 2837 2278 Illerden.
2865 2211 3258 2294 assurgentis,
3287 2209 3525 2291 insigne
3547 2252 3563 2280 ,
3589 2214 3651 2268 et
3681 2211 3965 2286 pervetu-

2414 2319 2571 2371 stum
2622 2310 2830 2372 aderat
2864 2299 3301 2370 Monasteriu'm
3326 2350 3342 2377 ‚
3396 2302 3459 2362 in
3510 2319 3632 2381 quo
3666 2297 3964 2377 degebant

2414 2398 2967 2487 Monialessseatae
3022 2400 3254 2463 Mariae
3300 2398 3602 2480 subjectae
3660 2387 3964 2472 Religioni

2415 2500 2477 2561 S.
2513 2499 2764 2563 Joannis
2787 2494 3328 2579 Hierosolymitani
3350 2537 3366 2553 .

2536 2596 2682 2657 Pars
2704 2594 2944 2655 aedium
2965 2591 3111 2654 olim
3138 2597 3382 2670 repente
3409 2588 3701 2667 lapsa‘aen
3718 2590 3777 2644 et
3806 2582 3970 2644 laxa-

2418 2700 2513 2753 tae
2542 2692 2786 2752 suerunt
2809 2706 3119 2749 murorum
3151 2684 3422 2745 omnium
3454 2698 3789 2760 compageS,
3815 2677 3969 2738 itaut

2419 2787 2742 2853 imminens
2767 2790 3040 2864 reputata
3072 2778 3257 2840 fuerit
3285 2776 3462 2837 ruina
3495 2770 3842 2836 Monasterii
3861 2814 3877 2830 .

2539 2881 2824 2959 Adeoque
2850 2897 3010 2938 311110
3049 2879 3221 2934 1699.
3251 2879 3503 2933 vacante
3537 2869 3687 2928 Sede
3721 2866 3966 2946 Episco-

2421 2977 2540 3055 pali
2582 2975 2864 3037 Illerden.
2918 2972 3129 3032 Frater
3156 2965 3496 3027 Felicianus
3529 2961 3688 3044 Sajol
3721 2959 3970 3023 Ordinis

2420 3064 2992 3148 Hierosolymitani,
3025 3063 3462 3122 Locumtenens
3498 3050 3700 3137 Magni
3742 3053 3968 3115 Prioris

2418 3163 2828 3231 Catalauniae,
2871 3156 3203 3240 praedictas
3246 3152 3541 3215 Monialcs
3571 3170 3606 3213 a
3637 3155 3969 3211 memorato

2419 3260 2549 3320 loco
2578 3259 2805 3335 absque
2848 3251 2977 3314 ulla
3009 3246 3346 3318 Ordinarii,
3379 3245 3475 3308 vel
3506 3245 3674 3307 Sedis
3720 3243 3968 3322 Aposto-

2419 3354 2569 3416 licae
2596 3349 2868 3420 licentia,
2894 3345 2998 3407 sed
3027 3343 3276 3425 praevio
3308 3349 3538 3402 tantum
3574 3356 3816 3400 assensu
3842 3335 3969 3399 Ma·

2417 3448 2520 3530 gni
2545 3443 2840 3527 Magistri,
2874 3444 3124 3521 ejusque
3148 3435 3395 3498 Consilii
3426 3430 3760 3501 Ordinarii,
3792 3438 3851 3491 et
3869 3449 3969 3491 as·

2417 3542 2715 3607 sembleae
2753 3538 3057 3599 prioratus
3106 3527 3515 3596 catalauniae,
3549 3526 3623 3588 ad
3649 3524 3968 3586 Civitatem

2419 3635 2725 3701 transtulit
2750 3629 3319 3697 Barchinonensem‚
3346 3622 3554 3701 ibique
3583 3619 3644 3680 in
3675 3619 3970 3680 Domibus

2419 3728 2900 3798 Parochialibus,
2925 3724 2988 3784 in
3020 3721 3245 3802 quibus
3267 3737 3427 3780 anno
3446 3715 3627 3776 etiam
3662 3718 3838 3774 tow.
3870 3732 3972 3774 ur-

2418 3835 2594 3908 gente
2621 3822 2763 3885 belli
2796 3809 3011 3881 timore
3039 3816 3280 3878 fuerant
3319 3803 3642 3874 collocatae
3671 3828 3781 3888 pro
3812 3807 3968 3870 inte-

2421 3922 2560 3992 rim,
2582 3926 2642 3979 et
2655 3912 3159 3997 provisionaliter‚
3181 3916 3242 3969 et
3262 3907 3450 3969 donec
3469 3911 3818 3984 quassatum
3834 3903 3967 3964 Mo·

2423 4012 2751 4074 naslerium
2769 4016 2919 4070 esset
2940 4010 3308 4084 reparatum,
3333 4000 3553 4060 iterum
3578 3995 3925 4059 collocavit.

2544 4105 2844 4166 Adversus
2864 4099 2977 4182 hoc
3014 4097 3238 4158 factum
3262 4093 3485 4155 nedum
3510 4089 3855 4170 Capitulum
3881 4106 3969 4149 re-

2423 4197 2746 4269 clamavit,
2799 4195 2901 4256 sed
2953 4191 3134 4253 etiam
3182 4198 3302 4251 tota
3350 4186 3576 4249 Civitas
3629 4182 3975 4246 Illerdensis

2422 4302 2717 4357 commota
2745 4299 2855 4360 est,
2889 4287 3220 4365 habitoque
3270 4300 3517 4344 recursu
3549 4279 3624 4342 ad
3654 4279 3810 4341 hanc
3836 4278 3966 4341 Sac.

2422 4386 2978 4470 Congregationem,
3003 4382 3066 4441 in
3092 4380 3220 4461 ipsa
3240 4378 3611 4457 disputatum
3625 4375 3742 4436 fuit
3758 4376 3847 4435 die
3867 4378 3966 4435 20.

2423 4485 2670 4563 Anqasti
2694 4484 2866 4541 1701.
2891 4497 2970 4538 an
2992 4487 3161 4536 essent
3191 4475 3339 4534 locus
3362 4472 3711 4532 restitutioni
3733 4469 3974 4531 Mania-

2427 4581 2591 4649 liam,
2616 4576 2700 4635 vel
2720 4574 2906 4653 potius
2932 4578 3065 4631 esset
3090 4565 3494 4629 concedendum
3516 4562 3968 4642 Beneplacitam,

2424 4674 2682 4750 dictaque
2707 4670 2796 4728 die
2829 4683 3056 4745 sequens
3091 4662 3304 4742 prodiit
3333 4676 3687 4738 responsam:
3720 4657 3972 4718 transla-

2427 4770 2632 4827 tionem
2678 4764 2850 4841 saissc
2894 4759 3143 4826 nullam,
3170 4764 3220 4815 et
3251 4753 3536 4813 scribatur
3563 4748 3789 4810 Nuntio
3816 4750 3973 4830 Apo-

2425 4863 2618 4921 stolico
2657 4877 2760 4939 pro
2787 4854 3144 4935 deputatione
3201 4847 3470 4927 Episcopi
3504 4844 3839 4915 Vicinioris,
3869 4845 3975 4923 qui

771 4951 1107 5014 creditores
1125 4952 1475 5024 anteriores,
1504 4972 1680 5014 nemo
1710 4964 1819 5025 est,
1843 4954 1948 5034 qui
1975 4975 2091 5015 non
2117 4957 2322 5019 videat
2428 4956 2684 5037 conficiat
2700 4969 3015 5033 processum
3018 4949 3198 5025 juxta
3209 4942 3655 5010 instructionem,
3669 4949 3721 4998 et
3739 4931 3974 4999 interim

774 5046 1151 5107 securitatem
1203 5065 1323 5106 non
1370 5065 1496 5107 esse
1539 5045 1666 5107 ullo
1712 5048 1887 5109 modo
1918 5049 2316 5112 verificatam.

2431 5049 2715 5112 Moniales
2738 5047 3097 5110 collocentur,
3128 5040 3190 5098 in
3217 5058 3332 5097 ano
3363 5036 3451 5095 vel
3470 5034 3729 5113 pluribus
3755 5032 3974 5094 Mona-

896 5140 1167 5201 Fuerunt
1232 5139 1349 5201 hae
1406 5139 1786 5202 difficultates
1842 5145 2322 5207 communicatae
2428 5145 2613 5205 storiis
2627 5140 3022 5202 Barchinonae
3039 5136 3166 5194 bene
3185 5134 3318 5192 visis
3336 5130 3576 5191 arbitrio
3590 5126 3806 5187 Sacrae
3829 5125 3976 5188 Coa·-

778 5233 1159 5295 Procuratori
1193 5232 1577 5304 Monasterii‚
1612 5253 1872 5314 cumque
1907 5236 2034 5317 ipse
2060 5238 2119 5298 in
2157 5238 2318 5300 Scri-

2429 5236 2793 5316 firmationis,
2839 5242 2888 5291 et
2914 5229 3098 5309 quoad
3138 5244 3400 5287 censuras
3448 5223 3739 5292 incursas,
3771 5229 3973 5282 extra·

777 5336 951 5405 ptura
978 5347 1080 5407 per
1103 5346 1317 5392 manus
1335 5327 1811 5391 circumferenda
1832 5340 2081 5392 conetur
2106 5332 2317 5401 iisdem
2430 5335 2612 5392 tientes
2640 5320 3320 5388 consulantaeonscientiis
3347 5317 3493 5376 suis.

774 5417 1135 5494 satisfacere,
1174 5420 1490 5500 quaeritur
1519 5440 1534 5479 :

2547 5422 2949 5485 Cohaerenter
2971 5416 3046 5480 ad
3069 5415 3216 5477 haec
3237 5412 3412 5474 datae
3433 5409 3682 5470 fuerunt
3710 5406 3972 5471 Litterae
