4393 6299
965 559 1071 614 ⁴26

903 712 1317 776 Intercedente
1345 717 1547 772 antem
1601 708 1925 790 apostolica
1952 708 2342 783 auctoritate,

786 825 1018 870 cessare
1049 806 1271 868 dicitur
1307 820 1727 885 quaecumque
1772 802 1938 866 labes
1969 802 2340 875 simoniaca,

787 921 897 964 nec
922 899 1250 964 consimilis
1282 897 1640 979 apostolicae
1674 896 2100 960 beneficentiae
2128 897 2344 959 desunt

786 995 1095 1078 exempla,
1145 1004 1273 1054 teste
1315 992 1576 1072 Faqnan.
1629 995 1695 1051 in
1723 995 1896 1053 citato
1945 1011 2071 1072 cap.
2115 1003 2217 1051 tua
2245 1012 2344 1052 nos

788 1111 945 1151 num.
980 1093 1038 1150 4.
1089 1087 1214 1149 ibi:
1243 1106 1372 1148 cum
1400 1088 1634 1166 quidam
1675 1085 1929 1148 Clericus
1954 1087 2179 1150 nonita
2215 1087 2345 1166 pri-

784 1185 905 1244 dem
933 1203 1039 1245 sua
1067 1183 1209 1242 bona
1239 1182 1680 1262 patrimonialia
1726 1181 2047 1241 contulisset
2074 1199 2178 1260 pro
2226 1199 2343 1241 ere-

784 1281 963 1339 ctione
991 1276 1586 1356 Archipresltyteratus
1614 1276 1680 1335 in
1722 1273 2058 1336 cathedrali
2083 1274 2342 1335 Ecclesia

785 1390 916 1437 cum,
953 1370 1325 1431 reservatione
1349 1370 1877 1451 jurispatronatus,
1909 1387 1970 1429 eo
1993 1377 2160 1448 pacto
2186 1368 2342 1445 adje-

783 1474 870 1524 cto
891 1509 910 1537 ,
940 1473 1005 1523 ut
1046 1471 1222 1542 posset
1256 1464 1446 1544 ipsum
1467 1471 1826 1541 praesentare
1854 1507 1869 1530 ,
1912 1470 1964 1521 et
2007 1480 2121 1521 non
2152 1461 2297 1522 alios
2320 1507 2339 1532 ,

782 1558 1067 1618 consultus
1094 1557 1168 1618 ab
1194 1556 1378 1617 eodem
1403 1555 1623 1616 Clerico
1643 1554 1904 1634 respondi
1921 1556 2269 1626 erectionem,
2294 1566 2344 1616 et

780 1655 1192 1713 institutionem
1217 1650 1348 1711 inde
1373 1659 1617 1711 secutam
1633 1694 1650 1721 ‚
1681 1649 1851 1726 {uisse
1876 1651 2267 1723 simoniacam,
2290 1658 2345 1710 et

784 1748 1010 1808 nullam
1052 1766 1153 1827 per
1191 1747 1337 1807 hanc
1386 1743 1764 1815 Decretalem,
1798 1753 1848 1804 et
1877 1763 2015 1823 opus
2064 1762 2172 1803 esse
2196 1763 2344 1806 nova

775 1841 1096 1922 provisione
1118 1886 1135 1910 ,
1176 1849 1227 1900 et
1250 1838 1519 1899 erectione
1550 1835 1720 1898 Sedis
1768 1838 2141 1917 apostolicae,
2168 1856 2345 1915 quam

784 1944 973 2014 postea
1018 1934 1166 1994 idem
1217 1930 1474 1994 Clericus
1516 1932 1840 2011 impetravit
1888 1950 1927 1992 a
1970 1929 2342 1992 Sanctissimo

783 2027 1028 2087 Domino
1048 2024 1262 2089 Nostro
1289 2024 1517 2086 Urbano
1547 2022 1781 2085 Octavo.

901 2120 1014 2182 His
1041 2119 1364 2193 stantibus,
1390 2117 1742 2199 quaeritur.

898 2214 1016 2290 An,
1043 2225 1096 2276 et
1115 2213 1387 2295 quomodo
1407 2214 1602 2296 petitis
1639 2213 1714 2273 sit
1754 2173 2120 2275 annuendum
2151 2212 2216 2272 in
2241 2230 2339 2273 ca·

781 2329 850 2370 8ss
877 2319 978 2371 0ἰο

885 2499 1038 2550 Sacra
1060 2497 1257 2566 congr.
1286 2496 1373 2553 die
1398 2498 1452 2553 ⁸.
1475 2465 1621 2552 junii
1651 2495 1806 2550 ¹723.
1836 2494 2140 2565 respondit:

958 2585 1184 2649 Dilata,
1211 2597 1264 2638 et
1294 2596 1613 2654 expectetur
1643 2583 1902 2639 maturio
1944 2586 2068 2638 Soc.
2114 2583 2340 2652 Congre-

772 2674 1015 2745 gastonis
1038 2673 1096 2726 ιἰι
1139 2675 1315 2729 Causa
1342 2675 1633 2728 Firmano.
1724 2729 1731 2736 ‚

883 2764 1046 2831 Hujus
1075 2763 1458 2815 resolutionem
1489 2760 1609 2813 vide
1632 2760 1953 2830 Quaestione
1977 2760 2108 2814 808.

1174 2954 1534 3030 QUAESTIO
1593 2953 1935 3017 CCCXXX-

898 3158 969 3219 In
1000 3157 1187 3220 Dubio
1210 3156 1586 3247 *Praebendae
1618 3155 1962 3239 Theoloqalis
1985 3203 2003 3232 ,
2036 3159 2126 3220 die
2151 3163 2211 3219 5.

1368 3251 1542 3315 Iunii
1583 3256 1760 3314 1723.

727 3442 733 3448 '
782 3387 1077 3524 Quando
1087 3440 1434 3504 Praebenda
1459 3438 1835 3522 Theologalis
1854 3459 1887 3501 a
1910 3438 2156 3502 Dataria
2178 3439 2335 3520 Apo·

778 3533 985 3597 stolica
1021 3534 1350 3608 confertur,
1386 3543 1447 3595 et
1480 3532 1753 3616 provisus
1791 3544 1952 3596 caret
1986 3533 2178 3616 gradu
2202 3535 2334 3595 Ma-

780 3626 1011 3709 gisterii
1050 3629 1112 3690 in
1164 3629 1295 3691 Sac.
1345 3628 1704 3710 Theologia,
1736 3629 1801 3690 in
1833 3628 2009 3692 Bulla
2035 3628 2331 3712 provisio-

777 3720 876 3783 nis
899 3721 1210 3801 sequentia
1239 3721 1424 3784 verba
1450 3720 1773 3802 leguntur:
1800 3724 2057 3784 volumus
2101 3731 2291 3784 autem
2313 3767 2331 3795 ,

778 3817 927 3894 quod
956 3826 1019 3875 ut
1050 3815 1211 3894 infra
1232 3833 1452 3876 annum
1476 3816 1830 3896 proximum,
1856 3817 2103 3896 qradum
2128 3815 2329 3894 Μαρί-

777 3910 938 3968 sterii
964 3910 1028 3968 in
1056 3906 1353 3987 Theoloqia
1381 3908 1444 3967 in
1470 3909 1674 3986 aliqua
1694 3910 2005 3989 approbata
2040 3908 2332 3971 Universi-

779 4011 894 4064 tate
920 4001 1097 4062 studii
1113 4001 1419 4079 generalis,
1441 4002 1666 4080 praevio
1690 4003 1939 4080 rigoroso
1959 4004 2242 4075 eoeamine,
2266 4021 2335 4063 ac

775 4098 911 4159 aliis
930 4097 1163 4158 servatis
1193 4094 1504 4164 servandis,
1523 4095 1797 4176 suscipere
1813 4098 2041 4158 omnino
2061 4099 2326 4169 tenearis,

777 4193 1037 4271 alioquin
1083 4189 1466 4253 canonicatus
1488 4235 1505 4259 ,
1560 4198 1611 4249 et
1667 4190 1980 4271 praebenda
2031 4201 2225 4253 vacent
2271 4211 2332 4251 eo

776 4287 898 4367 ipso
925 4296 1025 4345 etc.

898 4378 1048 4441 Cum
1076 4385 1276 4441 autem
1318 4395 1495 4457 saepe
1542 4377 1718 4439 detur
1758 4398 1958 4450 casus,
1988 4379 2148 4461 quod
2182 4379 2325 4442 dicti

779 4472 1003 4553 provisi
1030 4479 1160 4552 post
1176 4469 1557 4533 collationem
1570 4490 1634 4532 se
1654 4471 1980 4534 exhibeant
1998 4482 2327 4554 promptos,

779 4575 842 4631 et
882 4574 1119 4648 paratos
1136 4565 1213 4627 ad
1238 4565 1665 4627 assumendum
1691 4566 1965 4628 Doctoris
1985 4567 2240 4648 gradum
2265 4567 2328 4628 in

774 4660 915 4743 jure
939 4659 1244 4722 Canonico
1271 4659 1335 4720 in
1368 4658 1573 4740 aliqua
1597 4660 1929 4740 approbata
1957 4660 2329 4723 Universita-

780 4762 862 4829 te,
888 4774 1257 4836 recursuque
1285 4754 1494 4816 habito
1520 4754 1597 4816 ad
1644 4753 1801 4817 hanc
1826 4754 1957 4817 Sac.
1990 4755 2328 4838 Congrega-

781 4850 1040 4925 tionem,
1088 4848 1434 4930 responderi
1465 4849 1868 4922 consueverit,
1910 4850 2085 4931 ,quod
2122 4852 2328 4913 dentur

781 4945 1000 5006 decreta
1014 4992 1031 5016 ,
1054 4943 1280 5025 quibus
1300 4941 1480 5005 statui
1505 4943 1743 5005 videtur
1760 4943 2113 5007 sufficientia
2135 4946 2327 5029 Magi-

780 5039 945 5102 sterii
970 5039 1189 5120 injure
1214 5036 1513 5101 Canonioo
1530 5038 1605 5102 ad
1633 5039 1906 5103 effectum
1931 5040 2326 5121 praedictum,

781 5134 966 5215 idque
987 5132 1229 5195 difficile
1245 5143 1423 5213 captu
1446 5131 1724 5214 pluribus
1744 5132 2018 5197 videatur
2032 5179 2056 5209 ,
2085 5135 2202 5215 qui,
2218 5155 2328 5216 pu-

780 5236 933 5299 tant,
971 5226 1205 5289 decreta
1224 5244 1345 5287 non
1365 5224 1569 5300 fuisse,
1592 5225 1707 5287 nisi
1737 5226 2126 5306 particulares
2147 5247 2323 5308 quas-

780 5323 919 5386 dam
969 5320 1467 5402 dispensationes,
1517 5319 1579 5381 in
1620 5320 1845 5400 quibus
1885 5321 2019 5383 Viri
2053 5321 2325 5402 alioquin

782 5413 981 5478 idonei
1005 5434 1115 5495 pro
1132 5412 1383 5476 lectione
1403 5412 1534 5475 Sac.
1559 5412 1903 5492 Scripturas
1925 5414 2326 5476 absolvuntur

1983 554 2427 625 Qusss‘rloasss
2466 556 2822 614 cmomcm
2941 613 2956 624 ,

2451 710 2775 793 Theologia
2832 711 2893 771 in
2924 708 3129 790 aliqua
3178 706 3514 789 approbata
3563 698 3997 783 Universitate,

2450 815 2578 886 post
2602 806 2752 866 bene
2777 805 3104 891 ponderata
3128 823 3230 874 ea,
3251 820 3408 882 quae
3429 801 3575 863 hinc
3588 802 3732 864 inde
3751 803 4001 866 afferen-

2451 909 2548 960 tur
2573 899 2634 959 in
2663 898 2934 960 discursu
2957 895 3304 968 Secretarii,
3333 885 3680 976 quaeritur,

2566 994 2661 1053 An
2675 995 2917 1073 provisis
2939 994 3003 1053 de
3022 991 3338 1073 praebenda
3365 989 3418 1049 T
3410 993 3688 1070 heoloyali
3698 1011 3824 1052 cum
3845 992 4003 1051 clau-

2446 1075 2575 1149 sula
2598 1089 2661 1148 de
2687 1088 3012 1149 assumendo
3037 1086 3195 1164 infra
3217 1104 3432 1145 annum
3461 1086 3648 1164 qradu
3672 1084 4002 1164 Maqisterii

2448 1184 2512 1241 in
2534 1181 2670 1243 Sac.
2703 1181 2998 1261 Theoloqia
3016 1183 3081 1241 in
3099 1182 3301 1259 aliqua
3319 1181 3630 1260 approbata
3655 1179 3709 1241 U
3708 1182 4000 1241 nit-orsitu-

2449 1287 2501 1336 te
2522 1277 2726 1355 dejure
2743 1277 3007 1357 sufficiat,
3026 1276 3176 1355 quod
3194 1274 3601 1354 Maqisterium
3610 1276 3769 1336 intra
3781 1294 4001 1335 annum

2447 1373 2725 1451 recipiant
2763 1373 2829 1431 in
2867 1372 3000 1451 jure
3027 1370 3312 1433 canonico
3361 1371 3427 1430 in
3451 1371 3655 1450 aliqua
3687 1369 3999 1451 approbata

2453 1465 2848 1528 Universitate.

2552 1657 2616 1709 s·
2589 1674 2704 1711 acra
2728 1658 2805 1711 co
2774 1674 2922 1727 o.ngr
2953 1655 3260 1725 respondit:

2626 1744 2908 1813 nemaeo
2936 1743 3214 1799 ethabebi
3212 1743 3473 1798 surr-otio
3500 1738 4003 1809 incontempera-

2443 1830 2743 1887 caloribus.

2529 2041 3278 2120 ADNOTATIONES
3330 2040 3909 2149 SECRETARII

2644 2286 2892 2372 postca
2923 2268 3297 2345 Benedicti
3331 2223 3568 2372 Papae
3601 2269 3710 2342 xl
3719 2268 3801 2341 V.

2447 2492 2622 2559 Circa
2637 2497 2872 2556 dubium
2885 2498 3111 2579 proposi
3113 2506 3232 2557 tum
3243 2495 3601 2562 Praebendae
3621 2491 3993 2574 Theoloqalis.

2450 2628 2768 2747 Summus
2788 2684 3059 2748 Pontifex
3079 2683 3419 2748 Alexander
3437 2681 3678 2746 Tertius
3698 2682 3761 2745 in
3780 2681 3996 2746 Conci·

2444 2779 2527 2841 lio
2556 2781 2937 2843 Lateranensi
2960 2779 3171 2843 habito
3196 2799 3359 2842 anno
3388 2784 3564 2842 1179.
3592 2779 3801 2842 statuit
3827 2778 3993 2861 quod

2442 2873 2505 2935 in
2526 2894 2891 2956 unaquaque
2910 2873 3249 2938 cathedrali
3273 2873 3536 2937 Ecclesia
3560 2873 3807 2955 aliquod
3826 2893 3994 2937 com-

2442 2977 2644 3049 petens
2672 2969 3079 3051 assignaretur
3107 2968 3396 3051 Magistro
3428 2969 3794 3032 Beneficium
3820 3014 3837 3043 ,
3881 2968 3992 3050 qui

2440 3055 2696 3126 Clerioos
2722 3063 2986 3144 ejusdem
3018 3063 3349 3137 Ecclesiae,
3386 3071 3447 3126 et
3480 3064 3779 3143 Pauperes
3804 3062 3996 3126 Scho-

2442 3157 2594 3220 lares
2611 3159 2797 3241 gratis
2824 3159 3062 3220 doceret
3083 3204 3101 3232 ‚
3127 3158 3212 3219 uti
3255 3154 3514 3221 habetur
3540 3158 3784 3220 Canone
3809 3162 3908 3219 11.
4069 3166 4080 3174 “

2558 3253 2777 3315 Parum
2797 3250 3074 3334 religiose
3100 3259 3220 3314 tam
3240 3251 3469 3314 salubri
3496 3251 3734 3313 decreto
3752 3251 3994 3313 obtem-

2441 3355 2710 3425 peratum
2755 3354 2874 3417 est,
2917 3346 3188 3426 adeoque
3232 3347 3440 3407 Innoc.
3487 3345 3644 3424 Papa
3666 3343 3902 3406 Tertius
3923 3342 3990 3405 iu

2439 3440 2703 3501 Concilio
2727 3440 3110 3502 Lateranensi
3135 3439 3242 3501 IV.
3261 3439 3423 3520 qnod
3446 3437 3724 3502 habitum
3746 3436 3859 3499 fuit
3885 3456 3996 3497 an·

2441 3540 2708 3597 n01215.
2727 3534 2877 3597 illud
2901 3533 3303 3604 confirmavit,
3319 3540 3379 3595 et
3401 3531 3736 3613 ampliavit,
3749 3540 3808 3595 et
3826 3531 3994 3593 inter

2440 3634 2669 3690 caetera
2709 3626 3000 3699 decrevit,
3035 3626 3198 3707 quod
3246 3642 3647 3706 unaquaeque
3687 3625 3991 3705 Metropo-

2442 3722 2628 3785 litana
2654 3722 2915 3785 Ecclesia
2937 3720 3308 3804 Theologum
3337 3719 3615 3791 baberet,
3645 3719 3751 3801 qui
3783 3717 3991 3780 Sacer-

2440 3817 2634 3891 dotes,
2665 3826 2724 3879 et
2751 3816 2902 3878 alios
2926 3815 2990 3877 in
3013 3815 3144 3879 Sac.
3180 3814 3407 3896 Pagina
3437 3814 3698 3895 doceret,
3716 3822 3777 3876 et
3803 3812 3867 3875 in
3891 3812 3991 3875 bis

2441 3911 2787 3992 praesertim
2812 3909 3198 3981 informaret,
3223 3926 3381 3990 quae
3401 3908 3475 3971 ad
3499 3902 3840 3970 animarum
3867 3908 3988 3969 Cu·

2439 4024 2572 4067 ram
2616 4013 2882 4087 spectare
2928 4009 3290 4077 noscuntur,
3337 4003 3635 4084 assignata
3685 4001 3991 4085 Theologo

2439 4098 2816 4170 Praebenda,
2848 4117 2968 4159 non
2999 4098 3084 4160 sic
3124 4105 3358 4170 tamen,
3387 4105 3456 4158 ut
3496 4096 3623 4178 ipse
3650 4096 3987 4161 efficeretur

2438 4192 2773 4255 Canonicus
2796 4237 2814 4267 ,
2874 4191 2975 4253 sed
3029 4189 3258 4253 tamdiu
3314 4188 3545 4252 reditus
3609 4189 3940 4271 perciperet
3963 4235 3984 4266 ,

2438 4286 2728 4368 quamdiu
2752 4286 3089 4367 persisteret
3113 4284 3175 4345 i'n
3205 4283 3471 4346 docendo
3488 4332 3504 4354 ,
3530 4284 3618 4346 uti
3642 4283 3988 4348 babeturin

2436 4402 2562 4461 cap.
2589 4384 2729 4460 quia
2755 4381 3022 4441 nonnulli
3040 4379 3105 4440 de
3137 4378 3440 4458 Magistris
3462 4400 3487 4447 ,·
3519 4385 3707 4458 utque
3734 4378 3988 4459 quaevis

2436 4474 2896 4557 Metropolitana
2921 4472 3180 4537 Ecclesia
3209 4472 3445 4536 facilius
3470 4471 3839 4554 Theologum
3864 4474 3983 4536 sibi

2434 4589 2782 4650 comparare
2814 4575 3040 4650 posset,
3074 4567 3382 4630 Honorius
3407 4567 3623 4630 tertius
3649 4567 3860 4641 edixit,
3912 4575 3984 4631 ut

2436 4664 2710 4745 Capitula
2767 4664 3074 4725 mitterent
3127 4659 3398 4744 juniores
3440 4659 3702 4722 Clericus
3744 4660 3818 4723 ad
3860 4660 3984 4723 sre-

2434 4758 2810 4839 quentandas
2852 4756 3310 4828 Universitates,
3353 4761 3412 4816 et
3440 4755 3683 4817 veniam
3717 4754 3982 4819 facerent

2433 4849 2790 4914 residentiae
2815 4858 2943 4912 tum
2971 4847 3215 4912 Clericis
3242 4846 3622 4909 studentibus
3640 4892 3659 4922 ,
3692 4857 3817 4911 tum
3846 4848 3979 4910 Ma·

2432 4946 2634 5027 gistris
2662 4942 3045 5025 Theologiam
3097 4941 3549 5024 profitentibus,
3588 4941 3678 5004 uti
3721 4941 3981 5005 habetur

2434 5042 2498 5103 iu
2525 5040 2672 5122 Cap.
2703 5058 2871 5120 super
2894 5038 3117 5120 specula
3146 5037 3212 5106 de
3241 5035 3564 5115 Maqistris.

2552 5134 2887 5196 Laudatum
2946 5130 3273 5194 iunocentii
3326 5128 3486 5191 tertii
3552 5128 3858 5192 decretum
3912 5129 3978 5191 in

2433 5228 2699 5290 Concilio
2725 5225 3108 5289 Lateranensi
3137 5271 3154 5298 ,
3185 5229 3391 5306 utpote
3419 5224 3760 5287 restrictum
3789 5223 3865 5287 ad
3887 5243 3980 5286 so-

2436 5322 2522 5384 los
2561 5320 3051 5401 Metropolitanos
3076 5366 3093 5395 ,
3139 5320 3256 5382 suit
3286 5327 3600 5382 extensum
3642 5337 3677 5381 a
3709 5317 3979 5381 Concilio

2432 5415 2754 5478 Basileensi
2782 5414 2931 5477 Sess.
2958 5419 3055 5476 21.
3080 5435 3204 5495 cap.
3240 5420 3296 5477 3.
3321 5414 3394 5478 ad
3418 5431 3626 5475 omnes
3649 5412 3978 5482 Catbcdra·

780 5510 857 5571 ab
911 5527 1094 5571 onere
1147 5507 1484 5571 assumendi
1541 5508 1797 5591 gradum
1869 5507 2199 5590 Magister-ii
2262 5508 2324 5572 in
2435 5508 2520 5572 les
2537 5508 2850 5584 Ecclesiae,
2870 5516 2929 5572 et
2948 5507 3317 5591 praedictum
3342 5508 3657 5570 Decretum
3681 5505 3980 5570 Basileon-
