4393 6299
975 530 1081 586 “l

1990 525 2432 603 QtJAEs'rtoNEs
2470 525 2825 584 cauomcffi

793 680 960 746 tione
982 729 1000 755 ,
1043 700 1276 745 necnon
1309 700 1419 762 pro
1466 678 1748 742 facultate
1781 676 1987 740 utendi
2023 677 2187 738 Juris
2214 722 2231 750 ,
2278 686 2336 739 et
2440 680 2996 743 communicationis
3025 680 3269 763 majoris
3305 682 3436 764 ipso
3482 680 3638 746 facto
3665 683 3984 748 incurren-

792 776 958 840 Facti
987 777 1267 840 remediis
1291 775 1356 836 in
1385 794 1526 837 casu
1560 772 1957 846 renitentiaeg
1992 771 2335 834 sicutenim
2440 774 2553 835 dae
2578 819 2595 847 ,
2638 774 2703 835 in
2734 774 2986 854 septimo
3028 775 3215 836 dubio
3241 775 3669 857 disputandum
3699 777 3985 859 proponi·

792 871 1087 952 Episcopo
1120 870 1401 952 denegari
1449 888 1566 931 non
1597 876 1786 950 potest
1813 867 1981 947 copia
2022 865 2336 927 resolutio·

795 984 944 1027 num
987 964 1423 1045 Capitularium
1448 1008 1465 1037 ,
1511 963 1599 1025 sic
1637 962 1845 1025 eadem
1889 960 2057 1042 copia
2094 979 2216 1021 non
2251 968 2341 1022 est

795 1058 1145 1141 deneganda
1183 1056 1428 1121 Vimrio
1473 1055 1801 1137 capitulari
1830 1100 1849 1130 ,
1899 1064 1969 1117 ut
2015 1054 2078 1116 in
2131 1053 2341 1117 termi-

797 1153 896 1216 nis
934 1149 1354 1215 Archidiaconi
1381 1151 1726 1213 Gerunden.
1754 1195 1772 1224 ‚
1811 1148 1917 1230 qui
1948 1157 2215 1229 tempore
2242 1148 2342 1210 Se-

799 1247 893 1310 dis
943 1245 1311 1329 Episcopalis
1368 1244 1636 1308 vacantis
1688 1243 1951 1308 succedit
1998 1243 2063 1305 in
2112 1244 2342 1326 episco-

798 1341 922 1423 pali
948 1339 1365 1424 jurisdictione
1388 1385 1406 1413 ,
1448 1338 1708 1420 exceptis
1727 1338 1825 1400 his
1851 1384 1868 1412 ,
1897 1356 2055 1419 quae
2080 1345 2223 1401 sunt
2240 1357 2340 1399 or-

800 1435 962 1496 dinis
982 1480 1000 1509 ‚
1031 1433 1297 1497 firmavit
1321 1434 1470 1495 Rota
1507 1436 1572 1493 in
1612 1431 1932 1494 Gerunden.
1971 1431 2341 1493 Jurisdictio-

799 1532 892 1590 nis
922 1548 1089 1610 super
1113 1529 1456 1590 exhibitione
1493 1529 1896 1589 resolutionum
1932 1527 2343 1607 capitularium

803 1628 900 1685 12.
945 1623 1120 1685 Junii
1167 1626 1341 1683 1702.
1390 1640 1579 1683 coram
1622 1623 1766 1682 clar.
1817 1641 1981 1681 mem.
2035 1619 2345 1683 cardinali

801 1716 1001 1779 Priola
1025 1762 1043 1790 ,
1085 1735 1229 1795 quae
1274 1724 1352 1777 est
1397 1716 1599 1776 decisio
1628 1719 1728 1776 25.
1768 1715 1923 1795 apud
1965 1712 2337 1792 Scarfanton.

799 1813 866 1870 in
881 1812 1001 1872 suis
1017 1808 1595 1873 animadversionibus
1627 1817 1758 1868 tom.
1798 1812 1854 1869 1.
1874 1855 1892 1879 ‚
1928 1815 1988 1870 et
2009 1807 2284 1868 Decanus
2309 1825 2343 1868 e

804 1911 1011 1966 contra
1056 1923 1120 1965 se
1156 1902 1447 1984 opponit,
1498 1909 1558 1962 et
1600 1900 1885 1963 innititur
1927 1901 2346 1963 observantiae

804 2019 928 2062 non
970 1996 1363 2078 participandi
1410 1995 1653 2058 vicario
1694 1995 2084 2057 resolutiones
2111 2041 2128 2068 ,
2159 2013 2342 2075 quam

768 2132 785 2151 t
804 2092 1016 2155 asserit
1035 2091 1098 2151 in
1126 2087 1465 2153 cathedrali
1495 2087 1855 2151 Melevitana
1883 2088 2107 2171 vigere.

921 2186 1166 2248 Sextum
1207 2184 1460 2246 dubium
1487 2202 1725 2245 causam
1752 2182 1936 2245 habet
1980 2202 2016 2245 a
2063 2182 2221 2246 facto
2253 2201 2342 2245 se-

805 2279 1051 2361 quenti.
1105 2280 1397 2358 Tempore
1442 2286 1775 2359 postremae
1822 2276 1990 2339 Sedis
2034 2276 2303 2339 vacantis
2325 2321 2344 2350 ,

805 2392 944 2435 cum
969 2380 1120 2435 esset
1146 2370 1492 2451 Capitulum
1532 2369 1980 2432 convocandum
2011 2417 2030 2441 ,
2072 2378 2133 2431 et
2159 2371 2345 2431 Deca-

804 2485 925 2528 nus
963 2466 1039 2528 ad
1078 2467 1208 2548 ejus
1243 2463 1730 2527 convocationem
1761 2463 2080 2544 procedere
2120 2463 2342 2537 vellet,

806 2559 1041 2623 audivit
1078 2577 1116 2621 a
1158 2558 1401 2621 vicario
1427 2557 1758 2638 Capitulari
1803 2557 2151 2639 praetendi,
2180 2557 2344 2639 quod

805 2652 1165 2736 praecedens
1191 2671 1225 2714 a
1252 2670 1316 2713 se
1340 2651 1583 2714 licentia
1609 2659 1930 2732 peteretur,
1954 2658 2015 2714 et
2038 2652 2114 2714 ad
2140 2651 2348 2713 sedan·

806 2747 916 2810 das
939 2745 1374 2809 controversias
1402 2746 1675 2807 Decanus
1698 2745 2011 2809 Vicarium
2041 2745 2346 2826 Capitula-

806 2858 936 2902 rem
964 2839 1264 2901 convenit.
1301 2839 1370 2900 ln
1398 2840 1671 2902 discursu
1693 2840 1850 2901 inter
1874 2840 2031 2921 ipsos
2053 2886 2071 2914 ,
2102 2841 2347 2903 semotis

807 2932 1059 2996 arbitris
1099 2930 1254 2994 facto
1282 2979 1299 3006 ,
1349 2934 1622 2994 Decanus
1655 2932 1904 3005 asserit,
1940 2933 2053 2994 sibi
2098 2931 2284 2994 fuisse
2310 2953 2346 2996 a

807 3026 1053 3089 Vicario
1077 3026 1473 3108 suppositum.
1497 3027 1658 3107 quod
1678 3026 2012 3089 Canonicus
2034 3026 2343 3107 Mangim,

807 3121 916 3203 qui
944 3119 1145 3184 fuerat
1184 3119 1248 3182 in
1292 3127 1560 3183 anteacta
1599 3119 1750 3184 Sede
1796 3129 2044 3184 vacante
2068 3120 2348 3184 vicarius

808 3216 1211 3295 Capitularis,
1260 3215 1601 3289 fatebatur,
1651 3234 1715 3278 se
1759 3213 1943 3277 fuisse
1986 3215 2344 3296 requisitum

807 3328 922 3392 pro
940 3308 1180 3372 licentia
1207 3309 1570 3372 convocandi
1601 3308 1943 3390 Capitulum
1970 3355 1986 3383 ,
2019 3316 2076 3371 et
2102 3310 2217 3371 sub
2236 3309 2350 3372 bac

808 3402 1238 3483 suppositione,
1260 3409 1322 3465 et
1339 3403 1454 3478 sub
1481 3421 1758 3484 expressa
1790 3403 2154 3474 conditione,
2183 3403 2345 3484 quod

811 3495 1098 3576 Mangion
1132 3495 1215 3557 ita
1259 3493 1546 3576 loquutus
1570 3493 1777 3557 fuisset
1800 3541 1817 3568 ,
1850 3494 2150 3566 admittit,
2179 3514 2245 3556 se
2274 3495 2347 3556 li-

811 3590 1068 3652 centiam
1117 3589 1386 3669 pctiisse:
1428 3609 1484 3650 se
1508 3590 1558 3650 il
1582 3588 1710 3668 Siq.
1750 3589 2036 3668 Manqion
2061 3590 2180 3650 dice
2204 3633 2222 3661 ‚
2253 3591 2351 3650 ebe

810 3704 944 3745 sono
968 3685 1244 3762 obbliqato
1264 3703 1302 3745 a
1323 3683 1718 3754 domanam-ta,
1738 3702 1801 3744 ve
1825 3685 1882 3744 la
1906 3685 2179 3744 domando
2194 3694 2349 3744 cento

805 3780 953 3840 volte
977 3797 999 3837 .·
1028 3776 1303 3840 Vicarius
1343 3795 1486 3837 vero
1507 3776 1868 3857 Capitularis
1897 3796 2026 3838 rem
2052 3777 2230 3838 modo
2257 3776 2349 3837 di-

811 3871 988 3935 ver'so
1016 3871 1301 3953 exponit,
1330 3890 1469 3933 cum
1497 3870 1655 3932 dicat
1683 3872 1986 3932 Decanum
2026 3871 2140 3932 sibi
2181 3871 2349 3933 abso·

811 3965 941 4028 lute
965 3983 1076 4046 pro
1117 3964 1357 4026 licentia
1382 3962 1744 4044 supplicasse
1769 4013 1785 4035 ,
1818 3972 1878 4025 et
1902 3963 2346 4027 excusationem

809 4060 1049 4142 petiisse
1076 4078 1188 4139 pro
1214 4057 1533 4139 praeterita
1562 4057 1880 4120 renitentia
1904 4104 1921 4132 ,
1954 4078 2027 4119 ex
2056 4077 2179 4139 quo
2201 4059 2350 4121 Con-

806 4152 1177 4215 stitutionem
1204 4151 1566 4234 Synodalem
1591 4151 1931 4233 ignorabat:
1961 4171 2220 4233 cumque
2245 4152 2351 4214 Vi-

810 4246 1009 4309 carins
1033 4246 1464 4326 subsequenter
1483 4246 1860 4308 mandaverit
1878 4245 2269 4320 cancellario,
2285 4253 2354 4308 ut

809 4338 874 4400 id
900 4339 1060 4400 inter
1078 4341 1225 4401 Acta
1253 4340 1526 4409 referret,
1556 4347 1615 4401 et
1641 4339 1886 4420 quidem
1914 4359 2036 4402 non
2056 4360 2127 4413 eo
2146 4341 2346 4412 modo,

809 4451 936 4514 quo
982 4432 1255 4494 Decanus
1296 4432 1384 4493 ait
1428 4450 1554 4494 rem
1605 4440 1921 4513 sequutum
1964 4433 2146 4495 fuisse
2176 4480 2193 4506 ,
2247 4434 2350 4496 sed

809 4526 934 4590 alio
962 4527 1137 4588 modo
1165 4573 1183 4598 ,
1225 4544 1349 4607 quo
1374 4525 1501 4606 ἥρω
1528 4526 1819 4599 sustinet,
1851 4546 1983 4589 eam
2013 4546 2078 4588 se
2102 4528 2348 4589 habuis·

809 4639 875 4682 se
896 4666 913 4693 ,
941 4629 1175 4682 sextum
1203 4639 1277 4681 ex
1303 4619 1400 4681 his
1426 4618 1680 4680 dubium
1708 4636 1878 4681 suam
1906 4619 2201 4702 originem
2237 4621 2347 4682 ha-

810 4713 943 4788 bet,
985 4713 1245 4775 instante
1271 4708 1546 4774 videlicet
1571 4714 1811 4774 Decano
1842 4731 1953 4794 pro
1981 4712 2350 4775 annullatio·

810 4824 890 4869 ne
913 4853 929 4876 ,
976 4815 1037 4867 et
1084 4804 1380 4867 deletione
1419 4813 1588 4867 actus
1627 4804 1926 4886 registi-ati
1949 4850 1966 4879 ,
2000 4805 2351 4886 interposito

805 4900 1152 4980 juramento
1177 4916 1357 4978 super
1376 4897 1663 4978 petitione
1688 4897 2102 4971 conditionali,
2138 4907 2200 4961 et
2216 4918 2353 4960 con-

812 4991 1170 5055 testantibus
1197 4991 1309 5052 hoc
1341 4991 1535 5071 ipsum
1565 5000 1697 5053 octo
1723 4991 2061 5065 Canonicis‚
2091 5011 2202 5055 nec
2229 5012 2350 5054 non

811 5084 1166 5165 Magistratu
1192 5082 1463 5146 Civitatis
1483 5084 1800 5147 Notabilis.

929 5177 1320 5240 Transeundo
1369 5178 1443 5238 ad
1491 5178 1810 5258 septimum
1862 5178 2116 5240 dubium
2141 5224 2159 5252 ,
2214 5198 2351 5252 cum

812 5271 1093 5334 vicarius
1117 5272 1480 5353 Capitularis
1507 5272 1822 5334 Canonicis
1850 5272 2184 5335 inhibuerit
2210 5292 2352 5335 con-

812 5365 1184 5428 vocationem
1213 5412 1228 5439 ,
1258 5374 1318 5428 et
1343 5364 1804 5428 celebrationem
1835 5366 2094 5449 Capituli
2128 5370 2356 5448 absque

811 5477 922 5523 sua
961 5458 1204 5523 licentia
1246 5459 1359 5521 sub
1404 5459 1609 5539 poenis
1654 5460 2056 5523 Censurarum
2083 5507 2101 5536 ‚
2144 5470 2206 5524 et
2232 5462 2353 5523 Ex-

2445 878 2578 942 tur,
2610 889 2685 930 an
2715 869 2871 931 dicta
2895 868 3179 932 inhibitio
3202 869 3586 932 sustineatur.

2563 963 2749 1023 Porro
2792 964 3103 1023 Promotor
3136 962 3388 1026 sustinet
3416 964 3785 1025 validitatem
3818 964 3984 1025 inhi-

2446 1055 2693 1117 bitionis
2716 1101 2734 1130 ‚
2764 1075 2901 1119 cum
2934 1057 3184 1118 vetitum
3208 1075 3334 1118 esse
3362 1076 3486 1119 non
3508 1058 3720 1119 debeat
3740 1058 3989 1121 Vicario

2446 1169 2554 1210 sua
2569 1151 2712 1231 jura
2732 1148 2886 1211 tueri
2910 1149 3110 1230 gladio
3127 1150 3310 1212 etiam
3326 1152 3982 1214 excommunicationis.

2446 1243 2497 1305 E
2527 1252 2734 1306 contra
2762 1251 2962 1305 autem
2990 1245 3262 1305 Decanus
3295 1244 3467 1316 vult,
3510 1245 3730 1306 dictam
3758 1244 3987 1307 inhibi-

2448 1336 2672 1399 tionem
2697 1356 2824 1399 esse
2843 1338 3312 1418 reprobandam,
3339 1357 3460 1400 non
3490 1339 3688 1400 solum
3714 1338 3856 1420 quia
3882 1338 3990 1401 Vi·

2445 1431 2609 1493 cario
2650 1430 3096 1503 innotescebat,
3142 1431 3490 1513 Capitulum
3532 1433 3846 1496 convocari
3879 1452 3992 1514 pro

2449 1523 2728 1587 babendo
2754 1544 2999 1589 recursu
3032 1526 3106 1587 ad
3135 1526 3347 1588 Sedent
3377 1527 3777 1608 Apostolicam
3799 1546 3833 1589 a
3859 1547 3990 1608 gra·

2448 1618 2793 1681 vaminibus
2815 1667 2832 1692 ,
2864 1639 3021 1701 quae
3042 1620 3264 1704 injuste
3289 1641 3351 1683 se
3376 1622 3500 1701 pati
3536 1621 3986 1703 praetendebat,

2447 1712 2549 1774 sed
2580 1712 2761 1775 etiam
2803 1712 2947 1794 quia
2979 1732 3168 1795 poena
3196 1714 3834 1776 excommunicationis
3860 1715 4010 1795 ipso'

2449 1805 2605 1867 facto
2636 1806 3032 1869 incurrendae
3053 1851 3072 1880 ,
3113 1814 3174 1869 et
3198 1807 3282 1869 sic
3311 1807 3467 1869 latae
3490 1855 3509 1879 ,
3551 1816 3612 1870 et
3639 1827 3759 1869 non
3793 1806 3992 1869 feren·

2449 1901 2562 1961 dae
2589 1900 2938 1974 sententiae,
2964 1898 3222 1963 habetur
3249 1919 3358 1981 pro
3386 1901 3751 1963 exorbitanti
3778 1901 3857 1962 ab
3879 1901 3996 1964 hac

2449 1994 2628 2055 Sacra
2662 1993 3134 2075 Congregatione
3160 1994 3339 2056 etiam
3358 1994 3423 2055 in
3451 2013 3591 2057 casu
3626 1994 3771 2056 boni
3796 1994 3990 2077 juris,

2448 2098 2509 2150 et
2543 2088 2940 2169 praetensioni
2989 2088 3211 2151 Decani
3242 2088 3571 2151 adhaerent
3607 2087 3891 2151 Canonici
3929 2087 3993 2150 in

2448 2200 2556 2245 sua
2586 2182 2936 2263 particulari
2964 2183 3285 2265 scriptura.

2568 2276 2859 2338 Octavum
2901 2275 3163 2358 denique
3189 2276 3444 2340 dubium
3472 2278 3733 2358 pertinet
3758 2276 3835 2339 ad
3862 2295 3995 2340 ma-

2453 2371 2665 2432 teriam
2693 2371 2842 2432 sexti
2873 2370 3044 2433 dubii
3070 2416 3088 2445 ‚
3118 2391 3254 2433 cum
3284 2380 3555 2452 petatur,
3583 2390 3661 2433 an
3687 2371 3994 2446 subsistat,

2455 2463 2547 2524 vel
2577 2464 2773 2543 potius
2797 2464 2875 2526 sit
2901 2464 3311 2527 annullandus
3340 2474 3507 2528 actus
3549 2465 3902 2545 registratus
3930 2465 3996 2528 in

2452 2556 2822 2620 Cancellaria
2848 2557 3185 2639 Episcopali
3215 2559 3291 2620 de
3312 2560 3526 2620 ordine
3553 2558 4000 2620 Reverendissi·

2452 2652 2535 2712 mi
2565 2652 2840 2733 Episcopi
2867 2698 2883 2726 ,
2910 2653 2973 2713 in
3002 2671 3125 2734 quo
3152 2653 3548 2733 supponitur,
3574 2655 3877 2715 Decanum
3904 2673 4001 2733 pe-

2450 2744 2613 2807 tiisse
2639 2765 2675 2809 a
2710 2746 2957 2809 Vicario
2978 2746 3308 2828 Capitulari
3331 2747 3635 2810 licentiam
3658 2748 3774 2811 sub
3795 2747 4000 2810 condi·

2455 2839 2635 2901 tione.

2537 2968 2542 2973 -
2568 2934 2600 2994 J
2609 2952 2716 2996 ura
2747 2941 2873 2996 tum
2899 2935 3265 2996 Promotoris
3292 2934 3560 3005 Fiscalis,
3585 2942 3709 2995 tum
3736 2935 3956 2996 Decani
3974 2979 3994 3008 ,

2453 3036 2579 3088 tum
2627 3027 2885 3109 Capituli
2917 3027 3460 3103 circumferuntur3
3492 3028 3773 3109 quocirca
3817 3046 4001 3109 quae-

2454 3122 2637 3184 ritur:

2569 3215 2619 3275 1.
2647 3215 2743 3275 An
2761 3214 3017 3277 Decanus
3038 3214 3397 3278 Cathedralis
3419 3216 3722 3288 Ecclesiae,
3744 3216 3821 3277 ad
3837 3234 4001 3296 quem

2451 3320 2657 3389 spectat
2680 3329 2974 3371 convocare
3003 3308 3360 3389 Capitulum,
3393 3319 3670 3380 teneatur,
3691 3308 3835 3369 Sede
3855 3308 3999 3390 Epi-

2450 3405 2662 3483 scopali
2692 3413 2948 3476 vacante,
2977 3414 3158 3484 petere
3188 3405 3472 3465 licentiam
3496 3423 3535 3466 a
3571 3402 3795 3465 vicario
3817 3401 4000 3484 Capi-

2454 3499 2638 3558 tulari
2659 3516 2765 3576 pro
2797 3498 3161 3558 convocandis
3190 3494 3623 3577 capitularibus
3645 3497 3710 3556 in
3730 3514 3865 3557 casu
3890 3504 3996 3558 etc.

2570 3588 2650 3648 II.
2698 3589 2794 3649 An
2842 3591 2960 3669 ipso
2997 3588 3221 3650 Decano
3252 3590 3471 3650 absente
3493 3635 3511 3659 ,
3551 3598 3815 3648 renuente
3838 3635 3855 3660 ‚
3895 3597 4004 3650 aut

2452 3683 2602 3743 alias
2631 3683 3034 3761 quomodolibet
3061 3682 3325 3762 impedito
3352 3729 3369 3754 ,
3396 3681 3640 3761 facultas
3661 3682 4003 3742 convocandi

2457 3775 2795 3855 Capitulum
2823 3777 3149 3837 devolvatur
3175 3777 3251 3837 ad
3276 3778 3604 3837 successivas
3635 3775 3955 3854 Diqnitates
3975 3819 3999 3851 ,

2454 3879 2503 3930 et
2529 3867 2840 3930 Canonicos
2862 3870 3171 3948 qradatim,
3204 3871 3449 3930 exclusis
3471 3888 3663 3929 eorum
3691 3868 4002 3949 Coadjuto-

2453 3964 2609 4023 n’bus
2644 3967 2707 4022 in
2732 3983 2868 4024 casu
2895 3972 2997 4024 etc.
3029 3974 3081 4024 et
3104 3973 3376 4042 quatenus
3411 3963 3768 4042 affirmative:

2570 4057 2683 4117 111.
2720 4058 2815 4118 An
2852 4057 3112 4119 Vicarius
3144 4055 3503 4136 Capitularis
3523 4059 3692 4137 possit
3711 4056 4003 4137 procedere

2452 4151 2529 4212 ad
2559 4150 2840 4213 Censuras
2864 4160 3060 4212 contra
3090 4148 3400 4224 Decanum,
3428 4149 3771 4228 Diqnitates,
3800 4159 3852 4208 et
3881 4147 4000 4210 Ca·

2452 4247 2675 4305 nonicos
2722 4256 3075 4307 convocantes
3121 4243 3457 4325 Capitulum
3500 4246 3619 4304 sine
3666 4244 3895 4305 licentia
3936 4245 4002 4303 in

2453 4358 2589 4401 casu
2615 4349 2716 4399 etc.

2571 4432 2604 4492 1
2615 4432 2677 4493 V.
2700 4432 2794 4492 An
2822 4431 3099 4505 Decanus,
3129 4431 3468 4512 Diqnitates,
3490 4442 3541 4492 et
3567 4429 3845 4492 Canonici
3865 4449 4000 4490 con·

2454 4536 2704 4588 vocantes
2734 4525 3069 4606 Capitulum
3094 4570 3109 4597 ,
3144 4528 3235 4585 uti
3263 4527 3488 4587 valeant
3515 4543 3845 4603 quacunque
3865 4542 4000 4604 per-

2453 4640 2591 4682 sona
2609 4640 2712 4701 pro
2732 4621 3067 4681 intimandis
3086 4618 3520 4701 capitularibus
3546 4665 3562 4688 ,
3594 4636 3691 4677 nec
3717 4637 3832 4677 non
3860 4635 4001 4696 quo·

2455 4733 2674 4793 cunque
2694 4712 2940 4775 Notario
2965 4732 3101 4774 casu
3123 4760 3139 4782 ,
3186 4732 3296 4791 quo
3325 4710 3594 4773 Cui-sores
3619 4757 3636 4782 ,
3680 4720 3733 4770 et
3763 4708 4002 4770 Cancel-

2457 4807 2640 4869 larius
2685 4826 2876 4868 eorum
2914 4806 3155 4887 officium
3182 4816 3472 4887 praestare
3512 4812 3762 4865 recusent
3797 4805 3863 4864 in
3902 4822 4003 4865 ca-

2455 4919 2526 4960 su
2557 4911 2662 4961 etc.

2584 4991 2649 5052 V.
2672 4992 2766 5053 An
2789 4991 3073 5072 Diqnitas,
3094 5011 3190 5052 seu
3212 4989 3531 5052 Canonicus
3545 4987 3813 5069 Capitulo
3826 4986 4006 5048 Prae-

2455 5087 2639 5147 sidens
2661 5097 2916 5147 teneatur
2936 5088 3226 5147 certiorem
3251 5084 3477 5145 reddere
3511 5082 3798 5144 Vicarium
3820 5078 4003 5161 Capi-

2459 5182 2703 5243 tularem
2719 5182 2990 5241 absentem
3012 5180 3077 5239 de
3094 5178 3523 5239 resolutionibus
3541 5174 4004 5256 Capitularibus,·

2456 5283 2508 5335 et
2536 5283 2810 5354 quatenus
2835 5272 3169 5352 affirmative
3195 5315 3212 5344 ,
3242 5271 3445 5350 quibus
3486 5269 3742 5329 remediis
3776 5267 4005 5346 procedi

2454 5371 2630 5448 possit
2655 5378 2852 5434 contra
2880 5375 3224 5426 recusantem
3246 5366 3312 5423 in
3344 5381 3477 5423 casu
3502 5371 3604 5422 etc.

2588 5460 2683 5521 VI.
2719 5461 2815 5521 An
2838 5470 2995 5522 actus
3016 5459 3346 5537 reqistratus
3370 5457 3434 5516 in
3463 5451 3829 5516 Cancellaria
3853 5450 4008 5530 Epi-
