4393 6299
975 488 1081 579 m

915 680 1269 743 Bruneman.
1292 681 1611 742 Antecessor
1631 682 1695 738 in
1716 678 2020 739 Academia
2044 679 2345 745 Viadrina,

1983 524 2426 591 QUBSTIONOE
2461 524 2823 581 cmomcffi

2460 680 2619 740 civili
2659 680 2879 738 licitum
2903 687 3024 740 erat
3050 680 3088 739 l.
3115 677 3375 744 *Umorem
3396 677 3461 759 ff.
3491 677 3557 739 de
3582 677 3725 739 Ritu
3747 677 4005 760 Nuptia⁴

796 783 850 835 et
870 773 933 835 J.
974 774 1043 836 C.
1074 775 1351 836 Electoris
1374 774 1770 853 Brandeburq.
1817 776 1882 832 in
1920 771 2228 832 Comment.
2277 774 2352 833 ad
2456 791 2607 832 rum.
2639 771 2925 833 Verumea
2948 773 3044 831 leat
3061 773 3334 851 abroqata
3354 782 3552 853 estper
3582 774 3797 833 dictum
3834 784 4007 855 caput

784 869 1100 932 Pandeetas
1126 872 1203 932 ad
1230 871 1272 931 l.
1317 871 1565 932 Umorem
1596 874 1688 930 15.
1721 868 1784 949 ff.
1833 869 1897 927 de
1930 870 2054 927 ritu
2081 868 2340 948 Nuptia-

792 984 923 1024 rum
944 984 964 1023 :
994 964 1113 1026 ibi:
1143 966 1235 1025 sed
1256 985 1335 1025 an
1363 966 1453 1025 hic
1491 984 1650 1024 casus
1680 966 1755 1023 sit
1776 964 2209 1043 dispensabilis?
2235 965 2344 1042 Af-

792 1060 1060 1140 firmatur
1096 1080 1195 1140 per
1223 1063 1322 1138 jus
1350 1062 1713 1130 canonicum,
1746 1061 1886 1137 quia
1911 1070 1989 1119 est
2020 1061 2084 1117 in
2105 1060 2344 1120 secundo

788 1174 981 1233 qenere
999 1156 1295 1235 affinitatis
1316 1155 1634 1232 conjunctio
1660 1165 1761 1213 etc.
1795 1163 1982 1213 tamen
2028 1173 2087 1213 re
2114 1155 2342 1233 inteqra

790 1269 904 1311 non
936 1251 1105 1325 facile
1133 1249 1535 1311 concedendum
1570 1268 1677 1311 esse
1709 1249 1963 1310 arbitror
1990 1249 2088 1308 hoc
2131 1251 2344 1311 matri-

786 1347 1040 1405 monium
1064 1347 1132 1404 ob
1158 1346 1514 1406 scandalum.

907 1438 1241 1502 Benedictus
1270 1438 1621 1519 Carpzovius
1638 1436 1703 1498 J.
1745 1436 1815 1498 C.
1850 1437 1906 1497 E
1911 1439 2127 1498 lectoris
2152 1434 2339 1500 Saxo·

784 1535 904 1594 nici
931 1535 1028 1593 lib.
1061 1539 1120 1594 2.
1143 1533 1483 1614 Jurisprud.
1516 1532 1759 1593 Consist.
1786 1533 1876 1591 tit.
1905 1538 1963 1592 7.
2000 1532 2065 1591 de
2086 1534 2333 1613 dispens.

785 1627 1057 1690 Matrim.
1098 1631 1165 1689 in
1206 1629 1393 1708 qradu
1435 1629 1715 1706 prohibito
1757 1627 1974 1707 definit.
2023 1630 2156 1687 119.
2199 1646 2332 1706 paq.

789 1725 935 1783 mihi
968 1727 1103 1785 182.
1129 1723 1214 1785 ibi
1242 1743 1257 1782 ε
1291 1722 1663 1801 Priviqnusa
1697 1714 1922 1791 vitrici,
1950 1731 2001 1782 et
2025 1721 2115 1782 hic
2136 1740 2337 1783 rursus

789 1837 827 1877 a
856 1816 1123 1896 Priviqni
1151 1817 1326 1877 vidua
1351 1817 1625 1877 abstinere
1648 1816 1800 1874 debet
1830 1863 1845 1885 ,
1896 1834 2009 1873 non
2047 1817 2232 1876 solum
2270 1816 2337 1875 ob

789 1912 1067 1972 rationem
1112 1911 1412 1971 honestatis
1444 1957 1460 1980 ,
1497 1929 1642 1989 quae
1689 1911 1755 1967 in
1796 1910 2160 1969 matrimonio
2186 1912 2338 1969 mul-

787 2016 911 2066 tum
928 2006 1265 2074 attenditur,
1293 2006 1386 2065 sed
1404 2007 1574 2065 etiam
1590 2013 1817 2084 propter
1838 2022 2160 2083 expressam
2178 2006 2337 2085 juris

792 2098 997 2160 Civilis
1040 2101 1453 2179 dispositionem
1498 2101 1564 2158 in
1612 2100 1654 2159 l.
1690 2097 1939 2159 Umorem
1973 2098 2036 2179 ff.
2089 2100 2155 2160 de
2190 2099 2336 2160 Ritu

792 2191 1172 2279 Nuptiarum.

900 2290 1268 2368 Responsum
1297 2306 1332 2349 e
1352 2296 1560 2350 eontra
1596 2285 1713 2348 fuit
1734 2333 1751 2360 ‚
1783 2288 1849 2349 in
1877 2288 2034 2352 (licta
2064 2288 2332 2369 Congre-

786 2379 1070 2459 gntion'e,·
1104 2379 1163 2442 et
1199 2380 1594 2462 ponderatum
1626 2381 1705 2444 ab
1728 2380 1865 2465 aliis
1885 2428 1902 2455 ,
1929 2401 2050 2443 non
2083 2382 2326 2443 obstare

785 2473 1175 2535 Matrimonio
1203 2474 1362 2535 inter
1396 2473 1729 2547 vitricum,
1760 2482 1821 2536 et
1850 2475 2111 2537 Uxorem
2144 2475 2339 2537 Privi-

783 2568 885 2646 gni
918 2569 1174 2629 Textum
1199 2587 1380 2648 supra
1407 2568 1655 2631 citatum
1681 2571 1748 2629 in
1782 2571 1822 2629 l.
1866 2569 2115 2631 Uxorem
2155 2570 2220 2651 ff.
2270 2573 2337 2632 de

782 2661 927 2721 Ritu
957 2661 1350 2742 Nuptiarum,
1385 2681 1521 2724 cum
1543 2663 1707 2723 enim
1740 2662 2041 2733 Vitricus.
2073 2672 2131 2725 et
2169 2665 2335 2727 Uxor

781 2754 1050 2836 Privigni
1083 2757 1204 2817 sint
1231 2756 1294 2816 in
1319 2757 1579 2818 secundo
1596 2776 1814 2838 genere
1841 2758 2149 2820 affinitatis
2176 2778 2326 2820 con·

783 2848 1015 2923 stituti,
1041 2860 1100 2912 et
1122 2850 1619 2937 impedimentum
1646 2852 1920 2926 secundi,
1951 2861 2011 2913 et
2043 2854 2205 2916 tertii
2237 2873 2336 2937 ge-

784 2945 946 3009 neris
992 2945 1301 3007 affinitatis
1348 2945 1533 3007 fuerit
1575 2964 1622 3014 a
1647 2947 1797 3028 jure
1835 2947 2164 3021 canonino,
2212 2968 2336 3013 una

783 3056 920 3097 cum
953 3038 1382 3118 impedimento
1419 3039 1696 3120 publicae
1723 3040 2051 3102 honestatis
2090 3062 2331 3104 annexo

784 3133 959 3198 dictis
996 3134 1260 3196 secundo
1284 3184 1298 3203 .
1327 3145 1387 3197 et
1414 3137 1592 3197 tertio
1634 3135 1837 3214 generi
1868 3136 2177 3199 affinitatis
2220 3158 2323 3200 su·

784 3227 1052 3301 blatum,
1090 3229 1178 3290 uti
1212 3229 1470 3291 habetur
1501 3232 1566 3289 in
1613 3250 1738 3312 cap.
1780 3252 1895 3291 non
1921 3234 2104 3304 debet,
2138 3235 2328 3312 ibique

785 3318 986 3388 Glossa
1013 3323 1078 3381 in
1099 3324 1261 3382 verbo
1277 3325 1343 3382 in
1363 3324 1622 3397 seeundo,
1650 3335 1703 3384 et
1726 3327 1911 3399 tertia,
1931 3328 2120 3404 ibique
2137 3328 2324 3390 Abbas

778 3434 938 3475 num.
974 3420 1067 3477 1-1.
1105 3418 1171 3479 de
1205 3417 1594 3496 Consanquin.
1638 3430 1689 3480 et
1723 3421 1877 3500 affin.
1909 3421 2326 3484 constituenda

785 3509 1008 3570 idcireo
1035 3530 1153 3571 non
1188 3511 1428 3573 videtur
1448 3512 1541 3573 vis
1567 3513 1629 3574 in
1650 3513 1909 3595 allegato
1942 3517 2133 3576 Textu
2166 3516 2326 3580 Civi-

781 3601 864 3675 li,
896 3622 1034 3663 cum
1066 3603 1251 3665 fuerit
1280 3605 1439 3666 idem
1473 3616 1775 3670 correctus
1802 3627 1836 3669 a
1858 3609 1999 3689 jure
2036 3611 2326 3673 canonico

782 3696 844 3757 in
870 3697 1170 3759 Decretali
1199 3717 1337 3760 mox
1373 3699 1662 3781 allegata,
1696 3702 2103 3781 uti·ponderat
2140 3703 2325 3783 Cuja-

781 3793 903 3851 cius
923 3793 999 3852 ad
1023 3796 1115 3852 tit.
1147 3797 1253 3853 14..
1272 3795 1337 3854 de
1358 3795 1620 3873 consanq.
1644 3806 1695 3855 et
1718 3797 1923 3876 affinit.
1947 3817 2096 3877 oper.
2125 3790 2328 3860 Postu-

777 3903 998 3945 morum
1024 3896 1155 3945 tom.
1193 3891 1251 3947 3.
1278 3888 1412 3946 edit.
1446 3885 1785 3967 Parisiensis
1812 3893 1955 3950 anni
1983 3895 2156 3952 1658.
2186 3913 2320 3973 paq.

775 3980 920 4038 nsihi
942 3983 1080 4041 316.
1107 3980 1217 4040 ihi:
1239 3989 1301 4041 at
1321 3982 1479 4042 hodie
1497 4001 1571 4041 esc
1588 3986 1839 4063 capitulo
1860 3988 2192 4064 penultimo,
2218 3991 2330 4048 sive

779 4071 1035 4133 Concilio
1070 4072 1442 4135 Lateranensi
1485 4077 1674 4136 habito
1708 4079 1809 4138 sub
1846 4077 2168 4141 Innocentio
2206 4080 2319 4141 111.

773 4167 839 4224 in
875 4168 1111 4226 seeundo
1149 4188 1343 4246 qenere
1370 4170 1666 4249 affinitatis
1689 4172 1943 4252 Nuptiae
1970 4178 2170 4236 vetitae
2212 4197 2325 4238 non

773 4270 939 4330 sunt,
965 4270 1017 4320 et
1045 4263 1317 4340 abroqata
1340 4273 1418 4323 est
1449 4265 1543 4324 lex
1570 4269 1664 4325 15.
1711 4266 1773 4347 ff.
1824 4268 1889 4326 de
1917 4269 2060 4329 Ritu
2086 4274 2322 4350 nuptia-

774 4369 948 4412 rum:
996 4353 1157 4432 quod
1208 4354 1404 4434 ipsum
1436 4355 1630 4418 fusius
1658 4359 1873 4438 repetit
1899 4360 1960 4420 in
2007 4360 2319 4425 Comment.

774 4446 851 4504 ad
877 4446 1183 4524 alteqa-tam
1218 4448 1256 4506 l.
1297 4447 1544 4509 Uxorem
1583 4454 1675 4510 15.
1708 4472 1858 4531 oper.
1894 4466 2026 4514 tom.
2085 4460 2139 4516 1.
2187 4477 2320 4539 paq.

778 4543 914 4600 153.
947 4539 1058 4601 ibi:
1080 4552 1142 4601 at
1162 4542 1296 4602 haee
1320 4542 1640 4621 Papiniani
1660 4549 1934 4607 sententia
1961 4550 2120 4608 hodie
2155 4553 2321 4613 abro-

770 4644 907 4711 qata
945 4646 1022 4694 est
1052 4634 1281 4695 Decreta
1311 4629 1623 4699 Innocentii
1654 4642 1719 4699 in
1759 4660 1883 4720 cap.
1929 4662 2041 4703 non
2069 4645 2220 4706 debet
2261 4649 2327 4708 de

771 4745 1033 4807 consanq.
1088 4739 1138 4789 et
1175 4730 1527 4810 affin-inquo
1552 4735 1615 4792 in
1638 4736 1825 4812 primo
1857 4746 2081 4797 tantum
2126 4760 2321 4817 qenere

767 4821 1066 4901 affinitatis
1094 4825 1329 4903 nuptiae
1347 4827 1724 4904 ⁴prohibentur
1749 4874 1765 4899 ,
1807 4832 2007 4902 nonin
2040 4836 2278 4895 secundo
2304 4882 2321 4910 ‚

768 4919 856 4976 vel
886 4919 1087 4986 tertio,
1122 4928 1174 4977 et
1207 4917 1483 4979 Personae
1508 4968 1524 4991 ,
1576 4922 1641 4982 de
1681 4924 1886 5000 quibus
1922 4926 1989 4983 in
2039 4928 2143 4988 hac
2183 4928 2326 5009 Leqe

771 5013 998 5089 aqitur,
1025 5020 1163 5071 sunt
1189 5014 1255 5071 in
1278 5015 1516 5074 secundo
1540 5035 1734 5150 qenere
1760 5018 2097 5097 affinitatis,
2120 5042 2236 5084 non
2260 5028 2326 5084 in

771 5123 1042 5260 szidi
1078 5208 1325 5279 possunt
1354 5199 1644 5264 Henricus
1670 5202 1721 5262 Z
1723 5224 1904 5266 oestus
1930 5209 1995 5266 in
2015 5137 2323 5272 Academia

769 5289 1109 5353 Looaniensi
1128 5293 1453 5355 Antecessor
1477 5289 1554 5357 ad
1578 5300 1669 5357 tit.
1697 5297 2083 5363 Decretalium
2105 5306 2169 5364 de
2195 5325 2322 5366 con-

767 5404 930 5464 sanq.
974 5398 1026 5447 et
1075 5387 1280 5467 affluit.
1314 5408 1453 5449 num
1487 5395 1545 5451 9.
1587 5390 1707 5453 ibi:
1747 5393 2026 5456 Vitricum
2054 5397 2322 5480 Prieiqni

766 5482 860 5539 sui
880 5498 1119 5542 uxorem
1159 5484 1268 5542 sibi
1292 5486 1630 5564 conjunqere
1670 5489 1810 5547 olim
1855 5494 2151 5570 nequidem
2182 5496 2318 5573 jure

2459 872 2519 927 8.
2550 887 2678 928 cum
2709 868 2810 945 jus
2831 867 2994 927 civile
3020 867 3178 928 cedat
3219 868 3573 948 dispositioni
3596 869 3896 931 canonicae
3930 871 3997 930 in

2456 964 2644 1023 causis
2670 963 3095 1041 spiritualibus.

2572 1056 2844 1117 Robertus
2889 1054 3159 1135 Koninqh
3205 1005 3445 1116 Ordinis
3493 1053 3561 1115 S.
3593 1055 3886 1117 Benedicti
3925 1055 4008 1117 ad

2453 1151 2685 1213 eundem
2730 1152 2966 1211 titulum
3015 1134 3232 1212 Decret.
3284 1152 3350 1211 de
3381 1162 3643 1230 consanq.
3696 1162 3748 1212 et
3792 1151 4000 1230 affinit.

2450 1256 2604 1325 part.
2638 1250 2695 1305 2.
2726 1265 2860 1326 paq.
2900 1248 3046 1306 milti
3072 1251 3207 1307 150.
3240 1245 3362 1308 ibi·
3347 1290 3363 1306 .
3398 1245 3605 1306 Verum
3621 1247 3780 1306 hodie
3800 1266 4002 1307 secun-

2450 1340 2618 1413 dum,
2646 1350 2700 1402 et
2728 1344 2958 1402 tertium
2997 1361 3169 1419 qenus
3209 1342 3512 1421 affinitatis
3542 1343 3763 1421 penitus
3806 1343 4004 1404 subla-

2452 1444 2575 1495 tum
2593 1446 2703 1507 est,
2740 1438 2806 1497 in
2825 1456 2950 1517 cap.
2979 1443 3036 1497 8.
3071 1438 3170 1496 hoc
3200 1438 3390 1505 titulo,
3424 1438 3780 1514 quamobrem
3806 1437 4008 1497 ducere

2451 1532 2576 1591 licet
2610 1529 2926 1592 Novercam
2958 1531 3170 1592 Uxoris
3203 1552 3337 1592 suae
3382 1531 3673 1609 defunctae
3699 1579 3714 1600 ,
3758 1533 3842 1591 vel
3883 1532 4009 1609 ejus

2451 1623 2791 1703 Priviqnam
2817 1675 2833 1696 ‚
2874 1636 3061 1706 utpote
3107 1628 3174 1685 in
3209 1626 3445 1686 secundo
3479 1645 3671 1703 qenere
3702 1626 4001 1704 affinitatis

2446 1718 2807 1795 conjunctam
2830 1766 2845 1791 ,
2896 1720 3177 1799 quidquid
3221 1720 3359 1779 olim
3414 1730 3534 1779 tum
3589 1720 3727 1796 leqes
3767 1722 3958 1780 civiles
3980 1766 3998 1793 ‚

2449 1821 2568 1872 tum
2596 1815 2824 1892 antiqui
2853 1812 3107 1875 Canones
3137 1815 3200 1872 in
3226 1815 3578 1874 contrarium
3602 1814 4002 1892 disposuerint.

2562 1906 2750 1985 Enqel
2766 1905 3011 1973 Ordinis
3035 1909 3254 1986 pariter
3295 1905 3699 1968 S.·Benedicti
3731 1908 3808 1969 ad
3851 1927 3994 1968 eun·

2443 2002 2566 2064 dem
2587 1995 2679 2061 tit'.
2705 2000 2984 2064 Decretal.
3015 2002 3081 2061 de
3100 2020 3324 2080 consaq.
3355 2011 3408 2061 et
3426 2002 3630 2081 affinit.
3654 1999 3720 2083 S.
3747 2005 3807 2062 2.
3833 2022 4002 2062 num.

2444 2101 2504 2159 6.
2537 2096 2624 2159 ibi
2641 2117 2657 2158 :
2686 2098 2738 2157 si
2762 2099 2890 2176 quis
2917 2097 3121 2157 ducere
3153 2097 3318 2157 vellet
3346 2095 3685 2175 Prioiqnam
3716 2144 3732 2167 ,
3761 2099 3850 2157 vel
3877 2096 3997 2160 No-

2446 2211 2666 2253 vercam
2689 2210 2824 2253 suae
2853 2187 3067 2251 Uxoris
3096 2190 3389 2269 defunctae
3414 2234 3431 2262 ,
3482 2201 3689 2269 neqant
3731 2193 4004 2253 nonnulli

2446 2288 2597 2347 inter
2623 2286 2762 2348 tales
2784 2293 3050 2366 personas
3077 2286 3374 2346 consistere
3395 2303 3548 2364 posse
3568 2287 4004 2349 matrimonium

2441 2372 2674 2463 propter
2698 2379 2750 2440 T
2742 2389 2940 2441 extum
2961 2381 3028 2438 in
3055 2380 3095 2439 l.
3134 2377 3382 2440 Uxorem
3400 2378 3465 2459 ff.
3488 2379 3557 2439 de
3579 2378 3720 2440 Ritu
3739 2377 4001 2460 Nuptia-

2440 2495 2592 2535 rum.
2617 2474 2836 2538 Melius
2869 2483 3057 2535 tamen
3101 2473 3316 2533 dicitur
3340 2520 3357 2544 ,
3397 2473 3677 2552 quidquid
3719 2474 3858 2552 leqes
3910 2476 3999 2536 ei-

2447 2572 2613 2641 viles,
2640 2571 2727 2631 vel
2754 2570 2984 2648 antiqui
3029 2556 3285 2631 Canones
3315 2570 3471 2629 eirca
3497 2568 3801 2629 seeundum
3825 2589 4002 2648 qenus

2444 2666 2740 2745 affinitatis
2768 2665 3141 2745 disposuerint
3167 2708 3185 2736 ,
3221 2673 3400 2723 totum
3426 2664 3491 2722 id
3523 2683 3624 2744 per
3674 2661 4000 2727 Concilium

2448 2759 2789 2821 Lateranen.
2819 2760 2885 2819 in
2910 2778 3039 2839 cap.
3071 2777 3184 2818 non
3231 2759 3417 2818 debet:
3458 2759 3796 2836 generaliter
3831 2758 4001 2819 abro-

2440 2864 2638 2933 qatum
2664 2864 2777 2912 est.

2559 2948 2893 3009 Franciscus
2931 2924 3440 3024 Schmalzqrueber
3473 2965 3500 3005 e
3543 2943 3822 3007 Societate
3854 2945 3996 3008 Jesu

2443 3040 2742 3103 Canonum
2766 3041 3097 3118 Professor
3073 3060 3137 3098 tn
3164 3039 3540 3100 Universitate
3561 3038 3993 3117 Inqolstadiana

2439 3137 2517 3198 ad
2545 3138 2636 3197 tit.
2671 3138 2892 3218 pariter
2912 3136 2977 3195 de
2995 3155 3258 3214 consanq.
3284 3144 3335 3195 et
3353 3134 3510 3214 affin.
3533 3134 3598 3218 §-
3619 3139 3679 3196 2.
3706 3156 3863 3195 num.
3889 3140 3995 3197 76.

2437 3243 2490 3293 et
2523 3238 2622 3293 77.
2661 3232 2746 3293 ibi
2767 3276 2783 3304 ,
2817 3231 3113 3311 excipiunt
3133 3230 3404 3290 nonnulli
3426 3251 3533 3302 eos,
3558 3234 3661 3311 qui
3702 3232 3995 3292 constituti

2435 3338 2569 3387 sunt
2588 3329 2655 3386 in
2680 3325 2919 3386 secundo
2949 3324 3253 3403 affinitatis
3291 3344 3488 3401 qenere
3512 3328 3575 3384 in
3617 3326 3768 3385 linea
3793 3335 3949 3386 recta
3968 3372 3989 3400 ,

2433 3431 2486 3480 et
2534 3441 2589 3480 se
2641 3421 2842 3482 habent
2884 3438 2991 3498 per
3032 3419 3257 3479 modum
3303 3417 3615 3480 Parentum
3643 3467 3656 3489 ‚
3695 3429 3747 3479 et
3795 3421 3993 3481 libero-

2436 3533 2567 3574 rum
2586 3562 2601 3584 ,
2630 3524 2696 3573 ut
2715 3516 2767 3573 si
2801 3515 2929 3593 quis
2957 3514 3119 3573 vellet
3147 3514 3344 3573 ducere
3378 3510 3733 3590 Priusquam,
3762 3515 3850 3573 vel
3871 3511 3994 3574 Νο-

2436 3628 2658 3670 vercam
2676 3627 2812 3669 suae
2841 3606 3057 3667 Uxoris
3082 3607 3393 3684 defflnctae.
3421 3605 3592 3667 Ratio
3611 3615 3713 3675 est,
3742 3610 3883 3684 quia
3903 3609 3994 3692 ita

2437 3722 2693 3784 expresse
2711 3703 3038 3782 disponitur
3064 3704 3129 3761 in
3161 3703 3201 3760 1.
3244 3699 3489 3761 Umorem
3510 3698 3573 3780 ff.
3602 3701 3668 3761 de
3688 3701 3834 3762 Ritu
3855 3701 3994 3767 Nu-

2430 3800 2690 3877 ptiarum
2713 3842 2729 3869 ,
2760 3796 2852 3857 sed
2874 3796 3172 3858 dicendum
3197 3804 3280 3864 ,est
3314 3797 3450 3872 leqes
3490 3797 3627 3855 illas
3652 3792 3862 3856 Civiles
3880 3817 3992 3878 per

2436 3893 2788 3970 capitulum:
2812 3910 2925 3950 non
2951 3890 3139 3950 debet:
3175 3890 3481 3965 abroqatas
3498 3907 3607 3948 esse
3632 3899 3735 3949 etc.
3764 3889 3985 3952 Poterit

2434 3988 2615 4064 iqitur
2656 3987 2871 4064 aliquis
2919 3985 3115 4043 ducere
3143 3983 3485 4062 Priviqnam
3509 4031 3526 4053 ‚
3554 3984 3642 4043 vel
3668 3982 3984 4047 Novercoem

2432 4100 2568 4142 suae
2602 4080 2815 4141 Uxoris
2845 4079 3173 4156 defunctae.

2554 4174 2623 4234 In
2650 4170 3123 4254 Congregatione
3146 4170 3374 4250 pariter
3398 4169 3607 4232 habita
3632 4173 3720 4231 die
3764 4178 3821 4234 3.
3853 4174 3981 4235 Au-

2431 4271 2583 4348 qusti
2609 4273 2782 4331 1720.
2810 4266 2928 4329 fuit
2958 4284 2994 4327 a
3032 4264 3346 4327 nonnullis
3366 4265 3559 4337 docte,
3591 4277 3652 4327 et
3681 4267 3985 4331 subtiliter

2433 4363 2506 4426 de
2530 4382 2696 4423 more
2717 4362 3136 4442 ponderatum,
3156 4360 3320 4440 quod
3345 4358 3683 4441 Capitulum
3699 4382 3814 4422 non
3831 4364 3986 4426 debet

2434 4458 2500 4519 de
2537 4477 2799 4535 consanq.
2826 4505 2840 4526 ‚
2872 4467 2923 4516 et
2951 4457 3157 4535 affinit.
3197 4463 3437 4517 revocat
3481 4454 3980 4534 impedimentum

2433 4551 2721 4624 secundi,
2765 4560 2826 4613 et
2876 4551 3036 4612 tertii
3065 4548 3304 4631 generis
3330 4549 3639 4611 affinitatis
3664 4597 3681 4623 ,
3725 4553 3826 4613 sed
3857 4571 3980 4614 non

2434 4656 2671 4710 revocat
2693 4645 3193 4727 impedimentum
3238 4645 3482 4705 secundi
3515 4645 3751 4724 generis
3779 4647 3980 4708 affini-

2431 4742 2567 4803 tatis
2605 4742 2667 4801 in
2698 4740 2858 4801 linea
2889 4747 3052 4800 recta
3093 4738 3170 4800 ad
3199 4736 3468 4799 tramites
3493 4737 3659 4798 Juris
3686 4739 3967 4819 antiqui,

2430 4837 2503 4899 de
2528 4855 2652 4916 quo
2674 4836 2736 4896 in
2765 4834 2913 4896 Can.
2954 4835 3018 4894 de
3049 4834 3383 4913 propinquis
3413 4879 3428 4901 ,
3459 4835 3524 4891 in
3553 4830 3702 4893 Can.
3754 4832 3974 4906 Porro,

2433 4931 2674 5008 aliisque
2703 4949 2742 4990 a
2767 4927 3054 4990 Gratiano
3079 4928 3322 4987 collectis
3356 4930 3452 4987 35.
3489 4936 3703 5004 quaest.
3739 4930 3797 4986 3.
3833 4926 3979 4991 hinc

2431 5023 2746 5085 inferendo
2769 5071 2785 5092 ‚
2806 5020 2968 5102 quod
2998 5040 3133 5081 cum
3169 5018 3438 5080 Vitricus
3455 5064 3471 5091 ,
3509 5027 3570 5079 et
3595 5019 3757 5081 Uxor
3785 5021 3978 5084 Privi-

2430 5116 2532 5200 gni
2569 5114 2868 5198 conjuncti
2899 5113 3147 5195 quidem
3197 5111 3318 5172 sint
3350 5111 3410 5171 in
3462 5112 3723 5173 secundo
3755 5132 3977 5195 genere

2429 5211 2767 5285 affinitatis»,
2788 5210 2887 5272 sed
2921 5210 3086 5271 Uxor
3116 5205 3388 5287 Privigni
3415 5206 3491 5266 sit
3520 5205 3584 5265 in
3618 5205 3776 5269 linea
3810 5216 3974 5273 recta

2430 5316 2694 5387 respectu
2752 5305 2828 5368 ad
2873 5303 3214 5372 Viti-icum,
3261 5298 3713 5362 matrimonium
3753 5301 3978 5368 idcireo

2427 5402 2585 5463 inter
2602 5399 2838 5462 eosdem
2866 5396 3139 5460 contrahi
3172 5414 3290 5455 non
3322 5392 3537 5454 valeat.
3561 5463 3564 5464 ⁷

2546 5496 2662 5555 Pro
2690 5493 2870 5573 hujus
2907 5488 3194 5570 assumpti
3223 5485 3718 5569 comprobatione
3745 5500 3974 5572 pugnat
