4393 6299
2003 506 2443 578 szsrtonss
2479 505 2839 566 cauomcm:

776 675 988 720 census
1008 704 1025 732 ,
1053 676 1211 739 quae
1232 657 1387 723 facta
1406 658 1525 720 fuit
1553 657 1904 741 Cappellae,
1933 658 2193 725 alterum
2225 680 2323 724 su·
2380 674 2397 719 t
2435 660 2713 724 Romana
2726 660 2950 726 Census
2978 662 3073 721 11.
3104 658 3251 744 Maii
3281 664 3456 724 ¹⁷20.
3487 671 3549 726 et
3591 663 3659 728 in
3688 664 3804 731 bac
3842 667 3981 734 8αο.

770 768 881 832 per
900 751 1042 815 dicti
1069 771 1280 815 census
1303 751 1486 834 petita
1514 753 1949 818 revalidatione
1974 798 1993 818 .

2434 753 2827 839 Congregatio
2861 753 3096 818 ceumit
3121 798 3139 830 ,
3191 755 3601 821 reductionem
3635 759 3768 824 sine
3801 763 3983 828 bene-

892 848 1209 911 Contendit
1236 846 1554 930 cappellae
1588 852 1803 913 Rector
1837 850 2309 934 assignationem
2433 846 2653 928 placito
2678 847 2960 910 sustineri
2979 892 2997 922 ,
3027 867 3167 911 cum
3200 849 3472 914 reductio
3512 857 3863 934 apparuerit
3887 857 3983 922 sa·

770 959 894 1004 non
916 941 1222 1016 sustineri,
1247 962 1356 1006 nec
1383 962 1510 1008 esse
1542 963 1709 1026 posse
1733 943 1933 1008 locum
1959 946 2194 1028 gratiae
2222 966 2313 1010 re-

771 1035 1156 1100 validationis
1179 1057 1256 1100 ex
1294 1037 1576 1119 pluribus
1598 1084 1616 1113 ,
1659 1048 1720 1102 et
1767 1043 2075 1122 signanter
2106 1087 2125 1117 ,
2174 1043 2323 1126 quia

771 1132 1090 1213 praecessit
1114 1133 1409 1197 sententia
1432 1135 1506 1197 A.
1529 1133 1595 1198 C.
1621 1155 1800 1217 quae,
1826 1136 1914 1198 uti
1938 1137 2166 1201 dictum
2199 1145 2314 1209 est,

769 1226 887 1290 suit
919 1236 1215 1308 acceptata
1240 1274 1258 1302 ,
1288 1239 1349 1293 et
1369 1229 1515 1312 quia
1543 1249 1873 1312 numquam
1898 1231 2099 1296 adfuit
2132 1232 2323 1297 ratiti·

770 1322 925 1385 catio
971 1321 1364 1404 Magdalenae
1389 1371 1406 1396 ,
1457 1343 1615 1406 quae
1661 1324 1779 1388 fuit
1816 1326 1880 1387 in
1909 1327 2321 1390 Instrumento

768 1425 1103 1497 postremae
1122 1416 1541 1500 assignationis
1558 1429 1873 1484 conventa.
1896 1421 2136 1485 Accedit
2154 1422 2322 1485 dam-

767 1528 918 1573 num
958 1511 1277 1592 Cappellae
1297 1558 1317 1587 ,
1367 1520 1490 1575 tam
1537 1514 1740 1595 quoad
1783 1515 2040 1595 capitale
2061 1560 2079 1590 ,
2129 1531 2319 1597 quam

763 1605 964 1686 quoad
1010 1604 1275 1681 fructus3
1301 1607 1502 1688 quoad
1532 1609 1788 1688 capitale
1825 1609 2073 1692 quidem
2099 1655 2119 1684 ,
2166 1610 2315 1693 quia

763 1698 1053 1762 securitas
1074 1695 1466 1781 antiquorum
1493 1701 1801 1765 Censuum
1823 1704 2158 1784 comparari
2193 1723 2314 1768 non

764 1800 955 1873 potest
973 1813 1110 1855 cum
1126 1795 1444 1858 aecuritate
1454 1815 1664 1859 census
1687 1807 1985 1878 postremo
2004 1799 2316 1881 assignatig

765 1896 853 1948 est
878 1887 1099 1949 etenim
1127 1888 1444 1953 intricatus
1472 1900 1718 1973 propter
1738 1892 2134 1975 hypothecam
2155 1895 2320 1975 Mag·

762 1981 1017 2072 dalepae
1044 1983 1201 2046 dotis
1223 2029 1241 2059 ,
1274 1993 1335 2048 et
1362 1983 1575 2062 fundi,
1604 2006 1786 2069 super
1813 1989 2039 2068 quibus
2063 1997 2153 2051 est
2198 1989 2316 2050 im·

765 2076 1021 2154 positus,
1043 2084 1253 2140 extant
1277 2077 1342 2139 in
1373 2079 1539 2142 Urbe
1571 2088 1669 2149 ,et
1689 2081 1774 2143 sic
1797 2081 1972 2164 longe
1993 2100 2028 2145 a
2059 2081 2191 2145 loco
2217 2083 2316 2144 be-

763 2169 985 2243 neficii,
1014 2190 1120 2234 sen
1148 2172 1489 2254 Cappellae.
1519 2176 1823 2237 Damnum
1844 2195 2091 2259 quoque
2107 2178 2318 2241 adesse

764 2265 985 2329 dicitur
1013 2266 1080 2328 in
1129 2267 1346 2331 ordine
1378 2268 1455 2332 ad
1491 2268 1727 2332 fructus
1753 2316 1771 2344 ,
1802 2290 1942 2333 cum
1978 2271 2044 2332 in
2099 2271 2316 2353 primis

758 2380 1048 2424 censuum
1099 2361 1591 2443 impositionibus
1638 2365 1832 2447 major
1886 2373 2040 2428 esset
2092 2385 2309 2428 eorum

757 2453 1067 2535 quantitas
1087 2496 1105 2514 .
1149 2455 1256 2516 Vis
1282 2455 1527 2518 demum
1556 2456 1625 2520 fit
1666 2457 1732 2520 in
1764 2456 1996 2521 defectu
2024 2458 2313 2522 solemni-

758 2549 921 2622 tatis3
948 2568 1085 2611 cum
1115 2568 1236 2611 non
1266 2548 1448 2613 fuerit
1476 2551 1540 2613 in
1575 2560 1878 2633 postrema
1898 2552 2308 2636 assignatione

758 2652 993 2705 servata
1020 2643 1367 2708 solemnitas
1390 2645 1470 2707 ab
1498 2645 1794 2728 Episcopo
1823 2654 2044 2711 statuta
2071 2668 2182 2730 pro
2210 2649 2309 2711 in-

2431 951 2526 1005 cta
2557 943 2689 1005 sine
2719 942 3048 1005 collusione
3080 990 3097 1014 ,
3126 950 3185 1005 et
3208 942 3614 1010 intercedente
3641 949 3798 1014 bona
3828 951 3974 1030 fide,

2430 1043 2491 1098 et
2516 1035 2803 1099 Debitore
2825 1044 3104 1118 prompto
3128 1081 3146 1110 ,
3171 1045 3232 1099 et
3257 1048 3472 1119 parato
3499 1041 3576 1103 ad
3614 1045 3978 1109 contraben-

2430 1130 2577 1193 dum
2616 1150 2755 1194 cum
2782 1130 2903 1194 alio
2928 1130 3183 1194 Censum
3206 1178 3225 1206 ,
3260 1132 3373 1195 nisi
3415 1133 3583 1197 locus
3613 1135 3755 1200 Pius
3795 1139 3979 1205 deve-

2429 1224 2591 1288 niret
2614 1227 2691 1288 ad
2734 1225 3043 1289 fructuum
3072 1226 3485 1290 reductionem
3512 1272 3531 1289 .

2546 1318 2786 1399 Excipit
2813 1339 2850 1382 e
2873 1328 3085 1384 contra
3112 1320 3425 1384 Bizzarrus
3448 1368 3468 1396 ,
3498 1324 3663 1405 quod
3687 1326 3977 1393 Defendi-

2427 1432 2543 1476 nus
2573 1414 2798 1477 nedum
2837 1423 2969 1478 erat
2990 1415 3241 1479 Debitor
3278 1417 3589 1480 fructuum
3619 1419 3846 1485 Census
3866 1443 3982 1506 per

2423 1525 2528 1570 sex
2551 1525 2742 1576 annos
2760 1508 3147 1571 decursorum
3162 1554 3180 1584 ,
3205 1510 3308 1586 sed
3334 1511 3500 1592 quod
3522 1520 3654 1575 erat
3675 1513 3978 1594 decoctus5

2424 1600 2579 1664 itaut
2600 1601 2898 1675 latitaret,
2925 1621 3111 1685 seque
3143 1603 3370 1668 idcirco
3392 1606 3552 1668 bona
3575 1605 3718 1683 fide,
3747 1618 3809 1673 et
3836 1630 3976 1676 cum

2424 1696 2685 1759 utilitate
2731 1696 3051 1780 Cappellae
3090 1698 3312 1760 nedum
3367 1700 3681 1764 induxisse
3712 1703 3975 1770 Uxorem

2423 1791 2728 1854 Debitoris
2759 1793 2836 1866 ad
2866 1792 2982 1855 sibi
3005 1790 3359 1855 solvendum
3386 1793 3621 1858 fructus
3650 1796 3931 1864 decursos
3950 1846 3971 1877 ,

2419 1885 2524 1947 sed
2542 1884 2725 1947 etiam
2748 1887 2825 1948 ad
2847 1886 3180 1949 cedendum
3200 1887 3520 1969 Cappellae
3539 1938 3557 1962 ,
3586 1897 3646 1953 et
3688 1889 3821 1955 loco
3857 1914 3973 1959 an·

2423 1977 2706 2060 tiquioris
2730 1979 2955 2042 Census
2972 1980 3225 2061 perituri
3252 1981 3707 2065 subrogandum
3728 2005 3975 2052 censum

2421 2091 2533 2153 pro
2558 2092 2666 2135 sua
2694 2073 2834 2136 dote
2860 2074 3332 2157 hypothecatum
3358 2125 3377 2150 ,
3409 2076 3549 2141 licet
3580 2078 3836 2145 minoris
3863 2102 3976 2146 an-

2420 2165 2527 2228 nui
2559 2167 2791 2229 reditus
2812 2209 2831 2234 .

2536 2256 2651 2323 llis
2662 2260 3003 2333 stantibus,
3027 2262 3367 2344 quaeritur:

2532 2353 2588 2416 Ι.
2616 2353 2714 2416 Au
2734 2357 3044 2436 assignatio
3070 2355 3284 2419 Consus
3308 2358 3462 2438 facta
3504 2356 3639 2421 Vm.
3666 2358 3978 2444 eappoua·

2418 2445 2489 2510 S.
2519 2445 2725 2511 Caroli
2750 2453 3101 2513 mumm-
3122 2497 3140 2526 ,
3172 2462 3226 2513 st
3252 2463 3531 2533 quatum
3549 2459 3807 2536 amative
3829 2476 3852 2518 .·

2519 2543 2617 2605 Ἡ.
2641 2544 2742 2607 Ao
2773 2547 2852 2607 sit
2888 2546 3038 2608 locun
3066 2548 3291 2628 gratias
3313 2549 3746 2614 nuntiantium
3777 2554 3845 2614 iu
3864 2572 3968 2617 ca·

2412 2657 2484 2701 su
2503 2648 2609 2701 ste.

763 2734 1110 2799 columitate
1134 2738 1459 2813 bonorum,
1484 2747 1544 2800 et
1570 2739 1875 2802 redituum
1904 2740 2225 2817 Ecclesiae,
2248 2751 2309 2806 et
2434 2811 2444 2822 ‚

757 2849 895 2891 cum
919 2829 1176 2892 ulterius
1198 2828 1272 2891 de
1292 2830 1666 2912 beneplacito
1692 2833 2034 2915 Apostolico
2056 2855 2175 2899 non
2198 2837 2302 2899 do-

766 2931 994 2995 ceatur,
1027 2931 1087 2985 et
1107 2921 1170 2983 in
1198 2942 1293 2998 eo,
1322 2924 1488 3006 quod
1509 2933 1733 3004 spectat
1755 2927 1831 2989 ad
1859 2926 2303 3008 beneplacitum

755 3015 1162 3098 Apostolicum
1206 3016 1298 3080 fas
1338 3018 1418 3081 sit
1453 3019 1800 3093 adnotasse,
1848 3036 2145 3106 magnamj
2179 3043 2310 3087 esse

758 3113 917 3175 inter
943 3114 1225 3175 Doctores
1244 3112 1739 3191 controversiam,
1771 3135 1849 3178 an
1884 3109 2113 3199 absque
2139 3119 2305 3182 dicto

757 3206 1137 3288 Beneplacito
1164 3206 1298 3270 fieri
1328 3208 1527 3272 valeat
1553 3209 1618 3271 iu
1663 3210 1858 3274 Censu
1893 3213 2309 3296 consignativo

759 3301 1028 3365 reductio
1054 3301 1397 3365 fructuum.

873 3396 1162 3459 Nonnulli
1187 3396 1415 3479 quippe
1435 3398 1713 3480 negative
1735 3401 2115 3483 respondent.
2141 3401 2301 3466 Rex.

756 3489 940 3551 Dacis.
975 3489 1120 3552 Cur.
1164 3490 1351 3572 Neap.
1384 3491 1553 3552 decis.
1589 3494 1724 3554 134.
1754 3504 1911 3574 part.
1947 3499 2003 3556 1.
2033 3504 2086 3556 01
2115 3495 2299 3557 Resol-

757 3588 855 3645 37.
879 3592 1037 3664 port.
1091 3587 1148 3644 1.
1192 3602 1349 3643 num.
1375 3586 1442 3644 4.
1481 3583 1548 3645 ds
1572 3583 1833 3647 Morinis
1871 3579 2126 3649 Resolut.
2170 3589 2299 3667 jur.

753 3697 881 3756 cup.
914 3682 973 3737 6.
1003 3695 1161 3736 noum.
1195 3681 1288 3737 10.
1324 3687 1378 3737 st
1407 3680 1502 3740 11.
1538 3686 1674 3740 tom.
1722 3684 1778 3741 1.
1813 3680 2044 3763 Buruff.
2093 3684 2160 3743 iu
2202 3701 2306 3743 suo

755 3771 1029 3833 tornator.
1059 3769 1212 3849 juris
1253 3770 1506 3832 Πασίου.
1558 3776 1692 3835 100.
1738 3791 1843 3853 por
1874 3783 1974 3834 tot.
2017 3772 2296 3854 Ventriql.

751 3868 818 3926 in
834 3866 1021 3947 praxi
1037 3885 1096 3945 p.
1136 3868 1191 3925 1.
1221 3873 1419 3926 unnot-
1452 3870 1507 3927 1.
1539 3865 1605 3949 S.
1628 3871 1690 3927 2.
1724 3886 1884 3929 num.
1918 3873 1977 3928 6.

869 3957 1245 4021 Affirmative
1266 3976 1412 4021 vero
1430 3960 1816 4040 respondent,
1845 3959 2026 4023 θανά.
2049 3963 2116 4025 ds
2140 3961 2301 4026 Luca

751 4053 819 4114 ds
839 4053 1282 4114 alienationibus
1300 4053 1438 4114 disc.
1465 4059 1522 4115 6.
1550 4074 1709 4116 num.
1736 4061 1795 4117 5.
1818 4056 1884 4117 de
1909 4053 2131 4118 Censib.
2158 4058 2300 4120 disc.

757 4151 852 4209 14.
897 4167 1056 4208 num.
1103 4150 1162 4209 4.
1195 4156 1248 4208 st
1278 4150 1344 4206 in
1387 4146 1673 4231 Conflictu
1698 4148 1863 4229 layo
1887 4151 2098 4212 observ.
2152 4155 2295 4214 20¹.

750 4238 920 4301 Alter
961 4240 1028 4300 ds
1060 4238 1219 4300 Lucu
1259 4240 1336 4300 ad
1364 4239 1641 4321 Ventriql.
1692 4243 1758 4302 in
1798 4244 1984 4324 praxi
2028 4244 2144 4305 loeo
2190 4247 2291 4306 cit.

747 4353 908 4394 num.
935 4336 993 4395 4.
1030 4333 1100 4394 R.
1136 4332 1206 4393 Ρ.
1248 4332 1317 4393 D.
1343 4332 1518 4396 Petra
1547 4336 1623 4396 ad
1653 4335 1896 4398 constit.
1926 4336 2124 4420 Apose.
2158 4350 2293 4401 tom.

754 4432 809 4489 1.
847 4426 948 4506 fol.
980 4431 1116 4487 138.
1146 4445 1304 4486 uum.
1336 4431 1436 4488 88.
1470 4426 1779 4490 Monmu.
1814 4434 1946 4491 tom.
1979 4435 2038 4494 4.
2071 4435 2136 4493 in
2162 4452 2296 4513 sup-

747 4522 915 4603 plem.
942 4520 1021 4583 ad
1050 4531 1182 4582 tom.
1218 4524 1278 4581 2.
1320 4520 1420 4600 fol.
1461 4524 1596 4583 151.
1631 4543 1789 4584 uum.
1822 4527 1957 4586 146.
1996 4535 2049 4587 01
2072 4546 2224 4607 seqq.

868 4613 970 4676 Bis
994 4620 1196 4675 actum
1234 4612 1583 4676 solemniter
1620 4615 1738 4678 fuit
1777 4616 1854 4679 de
1878 4618 1996 4681 boc
2039 4620 2296 4684 articulo

747 4706 814 4770 in
838 4706 955 4770 bac
998 4708 1177 4769 Sacra
1227 4708 1703 4791 Congregatione
1726 4759 1743 4781 ,
1793 4731 1869 4774 ex
1893 4722 2033 4794 'quo
2071 4713 2295 4797 fungor

746 4820 999 4865 munere
1022 4801 1337 4863 Secretarii
1365 4846 1381 4862 .
1426 4803 1632 4866 Primo
1674 4805 1740 4865 in
1791 4808 2054 4887 quadam
2096 4809 2289 4873 Causa

744 4894 1146 4979 Senogallien.
1196 4895 1497 4959 Censuum
1532 4902 1591 4961 2.
1638 4898 1785 4961 Iulii
1835 4905 2008 4963 1718.
2052 4910 2113 4966 01
2154 4903 2287 4968 Sac.

746 4989 1140 5072 Congregatio
1168 4990 1229 5051 in
1261 5009 1330 5052 ea
1359 4989 1550 5053 Causa
1580 4992 1850 5067 censuit,
1883 4996 2293 5061 reductionem

742 5082 1052 5146 fructuum
1084 5082 1214 5144 sine
1254 5083 1636 5164 Beneplacito
1666 5086 2009 5167 Apostolico
2037 5110 2156 5152 non
2187 5110 2295 5153 su-

745 5175 953 5239 stineri
979 5221 999 5249 ,
1049 5194 1158 5237 nec
1201 5194 1327 5238 esse
1359 5194 1529 5257 posse
1564 5177 1762 5239 locum
1799 5181 2016 5259 petitae
2066 5182 2288 5245 revali-

743 5267 1007 5341 dationi,
1034 5267 1161 5329 visa
1189 5269 1413 5330 etenim
1439 5282 1558 5331 non
1604 5270 1718 5332 fuit
1749 5273 2017 5337 reductio
2039 5320 2060 5350 ,
2098 5277 2288 5338 unde-

740 5374 986 5444 quaque
1010 5360 1299 5422 immunis
1320 5380 1355 5423 a
1384 5361 1521 5423 labe
1541 5361 1888 5427 collusionis
1909 5367 2068 5430 inter
2088 5368 2288 5430 Credi·

745 5462 974 5531 torem,
999 5462 1061 5517 01
1095 5454 1444 5518 Debitorem
1469 5498 1485 5516 .
1534 5455 1808 5519 Secundo
1835 5502 1853 5533 ,
1900 5459 1964 5521 in
2021 5459 2288 5545 quadam

2520 2831 2675 2886 Sacra
2698 2829 2898 2900 Congr.
2926 2830 3234 2900 respondit=

2588 2917 2855 2989 Hegesias
2879 2918 2937 2972 in
2969 2918 3248 2985 omnibus,
3275 2931 3329 2992 et
3352 2919 3594 2992 amplius
3613 2959 3629 2973 .

2805 3111 3166 3189 ommno
3208 3111 3562 3179 CCLXXII.

2528 3286 2603 3361 Iu
2642 3298 2837 3363 Cossu
2874 3298 3145 3363 Promea·
3186 3299 3560 3366 Matrimonii
3579 3348 3601 3381 ,
3638 3305 3729 3367 dis
3776 3311 3836 3370 4.

2999 3393 3158 3457 Julit'
3188 3400 3365 3458 1722.

2411 3524 2658 3662 Josepb
2685 3581 2784 3645 del
2809 3581 3033 3644 Guasta
3056 3628 3073 3656 ,
3102 3590 3164 3645 et
3191 3585 3365 3646 Rosa·
3391 3582 3601 3645 Benini
3630 3600 3951 3652 recursum

2407 3672 2756 3737 habuerunt
2775 3673 2853 3738 ad
2870 3694 3002 3736 san.
3029 3694 3210 3737 mem.
3238 3675 3602 3739 Clementem
3631 3676 3746 3741 XI.
3772 3680 3956 3762 eique

2408 3776 2855 3849 exposuerunt,
2891 3769 3053 3849 qnod
3096 3769 3421 3850 cupiebant
3449 3770 3708 3834 invicem
3745 3775 3959 3839 matri-

2409 3860 2753 3925 monialiter
2786 3862 3082 3943 copulari,
3107 3865 3206 3925 sed
3232 3863 3393 3944 quod
3424 3865 3581 3927 Rosa
3608 3866 3808 3930 dotem
3832 3890 3953 3933 non

2406 3956 2669 4019 habebat
2694 3964 3157 4037 competentem,
3185 3977 3321 4019 cum
3347 3976 3469 4039 qua
3488 3961 3667 4040 juxta
3711 3964 3804 4024 sui
3833 3973 3955 4027 sta-

2406 4054 2504 4112 tus
2539 4048 2942 4112 conditionem
2969 4095 2988 4123 ,
3018 4050 3298 4112 invenire
3339 4060 3536 4131 posset
3570 4053 3790 4117 Virum
3833 4058 3952 4121 sibi

2407 4163 2527 4207 non
2551 4143 3096 4227 Consanguineum,
3128 4144 3223 4207 vel
3252 4145 3525 4220 affinem,
3554 4148 3956 4231 supplicando
4050 4216 4059 4233 ,

2404 4257 2517 4319 pro
2541 4237 3002 4319 dispensatione,
3035 4246 3209 4301 erant
3233 4239 3396 4300 euim
3426 4240 3637 4316 tertio,
3670 4249 3731 4305 et
3762 4264 3951 4325 quar-

2404 4340 2468 4396 to
2486 4351 2522 4396 a
2553 4333 2855 4394 communi
2879 4331 3083 4412 stipite
3100 4330 3391 4414 gradibus
3412 4333 3672 4397 invicem
3691 4339 3948 4420 conjun-

2400 4426 2514 4501 cti;
2545 4444 2808 4507 cumque
2831 4424 3129 4488 Sanctitas
3154 4425 3274 4487 Sua
3319 4426 3552 4489 litteras
3575 4429 3951 4510 Apostolicas

2400 4518 2861 4602 dispensationis
2876 4517 2940 4579 in
2969 4518 3145 4581 tertio
3169 4567 3191 4591 ,
3216 4527 3277 4582 et
3301 4528 3521 4600 quarto
3554 4524 3756 4604 gradu
3780 4525 3944 4588 dire-

2399 4613 2560 4677 xerit
2605 4613 2850 4675 Vicario
2888 4611 3170 4675 Generali
3213 4614 3491 4695 Episcopi
3532 4617 3773 4680 Praten.
3806 4638 3948 4682 cum

2397 4707 2571 4770 solita
2598 4705 2867 4769 clausula
2891 4706 3056 4788 quod
3081 4706 3162 4769 de
3184 4706 3471 4789 expositis
3492 4709 3736 4772 deberet
3755 4729 3820 4773 se
3846 4711 3945 4773 di·

2401 4801 2654 4884 ligenter
2679 4799 3049 4873 informare,
3089 4810 3150 4862 et
3174 4802 3339 4883 quod
3375 4801 3439 4862 in
3475 4799 3834 4884 hypothesi,
3877 4805 3949 4870 in

2397 4915 2518 4977 qua
2544 4914 2746 4975 preces
2785 4892 3110 4956 invenisset
3135 4893 3316 4956 inniti
3349 4894 3587 4957 veritati
3613 4940 3632 4970 ,
3680 4898 3947 4960 auctori·

2398 4997 2519 5050 tate
2573 4986 2910 5068 Apostolica
2960 4986 3373 5067 dispensaret,
3422 4987 3785 5069 dispensatio
3826 4991 3948 5057 fuit

2395 5080 2732 5145 executioni
2779 5082 3057 5142 mandata
3084 5128 3100 5152 ,
3150 5091 3210 5143 et
3261 5081 3520 5153 subinde
3564 5093 3941 5149 contractum

2396 5175 2856 5239 Matrimonium
2897 5175 3054 5237 inter
3085 5175 3369 5239 Oratores
3396 5194 3601 5240 coram
3623 5180 3896 5244 Parocbo
3918 5230 3939 5258 ,

2393 5280 2455 5333 et
2496 5269 2772 5332 ‘restibus
2800 5315 2815 5337 .
2868 5288 2977 5330 nec
3024 5268 3217 5330 det'uit
3266 5271 3763 5353 consummatio,
3801 5295 3944 5339 cum

2394 5366 2547 5428 Rosa
2578 5380 2913 5445 praegnans
2929 5362 3137 5426 effecta
3162 5361 3261 5424 sit.
3704 5367 3709 5375 “

2510 5457 2829 5523 Contracto
2855 5502 2873 5526 ,
2899 5462 2960 5520 01
2978 5464 3414 5531 consummato,
3449 5455 3542 5520 uti
3567 5456 3797 5523 dictum
3825 5470 3941 5538 est,
