4393 6299
895 450 1005 506 ³8⁸

1878 445 2245 516 QUAEsTtON
2253 447 2329 500 Es
2366 445 2723 500 CANONtCAE

721 622 862 667 casa
909 622 1050 667 suas
1100 616 1304 685 preces
1351 600 1495 668 huic
1546 599 1763 663 Sacrae
1806 598 2267 680 Congregatioui
2385 598 2776 672 ministraret,
2800 596 2951 660 etin
2973 615 3082 674 sua
3125 594 3388 658 Dioecesi
3435 611 3555 657 non
3584 594 3782 658 solnm
3805 600 3929 657 tres

721 698 1159 772 exhibuerunt,
1212 695 1310 757 vel
1364 714 1480 776 pro,
1505 693 1792 757 facultate
1816 693 2079 777 eligendi
2131 714 2273 775 pro-

723 791 920 872 priam
951 790 1277 854 Ecclesiam
1301 788 1553 851 Sanctae
1575 787 1807 851 Mariae
1833 786 2184 850 Gratiarum
2210 787 2271 848 in

725 881 1139 947 parochialem
1166 880 1532 954 distinctam,
1562 888 1623 943 et
1654 889 1994 960 separatam
2025 880 2105 943 ab
2155 881 2272 942 Ec-

722 977 903 1041 clesia
951 977 1014 1039 S.
1059 975 1245 1048 petri,
1280 975 1374 1038 vel
1404 975 1616 1037 saltem
1679 993 1789 1055 pro
1817 973 2102 1037 facultate
2132 973 2278 1036 fun-

724 1070 908 1134 dandi
952 1069 1017 1132 iu
1061 1068 1326 1132 Ecclesia
1352 1069 1414 1129 S.
1468 1067 1632 1130 Petri
1660 1076 1941 1149 quartam
1979 1068 2281 1132 Praeben-

720 1165 865 1229 dam
884 1164 1332 1237 Parochialem,
1350 1163 1438 1227 ita
1468 1172 1693 1236 tamen,
1721 1172 1788 1227 ut
1810 1171 2067 1244 quartus
2096 1164 2280 1224 Paro-

724 1259 877 1324 chus
898 1259 978 1321 ab
1009 1258 1370 1326 Oratoribus
1420 1257 1860 1331 nominandus,
1895 1266 1958 1319 et
1995 1258 2077 1320 ab
2132 1256 2282 1338 Epi-

726 1373 906 1434 scopo
930 1353 1383 1434 approbandus,
1403 1351 1766 1415 debeat'sem
1774 1372 1879 1432 per
1903 1353 1967 1413 in
1989 1352 2149 1433 pago
2167 1352 2276 1413 Be·

727 1447 971 1509 nincasa
1005 1446 1267 1508 residere
1292 1490 1308 1507 .
1416 1495 1419 1496 ν

848 1541 1031 1602 Juxta
1063 1560 1291 1602 morem
1321 1540 1607 1623 scriptum
1656 1539 1776 1602 fuit
1819 1540 2112 1620 Episcopo
2160 1557 2276 1618 pro

728 1630 1189 1706 informatione,
1223 1644 1282 1696 et
1309 1644 1480 1707 voto,
1531 1644 1591 1712 et
1645 1635 1974 1716 Episcopus
1997 1633 2276 1714 exposita

729 1728 938 1796 retulit
966 1728 1027 1789 in
1074 1728 1231 1791 facto
1266 1728 1612 1802 subsistere,
1647 1738 1708 1790 et
1729 1727 2015 1809 expedire
2053 1726 2119 1788 in
2147 1728 2270 1788 Do-

729 1823 920 1895 mino,
951 1823 1114 1904 quod
1145 1823 1343 1903 petitis
1376 1833 1698 1886 annuatur
1718 1867 1737 1898 ,
1798 1843 1936 1885 cum
1982 1822 2205 1885 idoneu
2220 1829 2284 1881 m*

729 1917 1108 1979 Sacerdotem
1134 1916 1399 1997 reperire
1418 1937 1537 1980 non
1561 1917 1858 1999 possitqui
1889 1917 2283 1981 Sacramenta

732 2009 954 2071 Incolis
1005 2020 1292 2091 tanquam
1339 2010 1740 2092 Cappellanus
1783 2010 2196 2084 administret,
2227 2018 2287 2074 et

727 2123 866 2166 cum
906 2099 1287 2184 impossibile
1334 2103 1412 2165 sit
1442 2148 1460 2176 ,
1517 2103 1678 2185 qnod
1725 2103 2032 2165 Parochus
2080 2103 2283 2166 Sancti

729 2195 888 2260 petri
919 2196 1269 2260 incumbere
1311 2196 1510 2264 valeat
1556 2196 1752 2260 Curae
1786 2197 1848 2263 in
1884 2198 2045 2281 pago
2064 2199 2284 2260 Beuiu·

731 2310 899 2354 casa.

849 2384 1029 2449 Facta
1076 2405 1323 2466 precum
1347 2431 1365 2460 ,
1415 2393 1477 2448 et
1511 2379 1960 2448 informationis
1991 2386 2285 2469 Episcopi

731 2477 1045 2553 relatione,
1062 2479 1192 2544 Sac.
1212 2482 1360 2545 haec
1379 2481 1684 2565 Congrega
1694 2481 1774 2544 tio
1792 2484 1880 2544 dia
1895 2488 1955 2551 7,.
1980 2483 2288 2545 Februarii

735 2577 911 2637 1722.
940 2573 1274 2656 rescripsit,
1308 2574 1471 2657 quod
1497 2577 1930 2658 praefigeretur
1982 2577 2288 2639 terminus

730 2668 1002 2730 parocho
1024 2668 1230 2734 Sancti
1262 2670 1421 2734 Petri
1461 2671 1538 2732 ad
1565 2691 1673 2733 sua
1695 2673 1837 2753 jura
1882 2671 2239 2735 deducenda
2265 2715 2283 2744 ,

733 2771 795 2824 et
825 2762 999 2848 quod:
1013 2763 1341 2845 Episcopus
1369 2763 1613 2827 interim
1647 2766 1987 2846 provideret
2019 2766 2095 2828 de
2148 2765 2284 2827 ido-

736 2875 850 2917 neo
897 2856 1251 2930 Sacerdote,
1283 2857 1391 2939 qui
1422 2859 1643 2921 Curam
1696 2872 2001 2924 exerceret
2034 2862 2287 2924 Anima-

738 2970 875 3012 rum
903 2972 922 3023 ;
954 2971 1214 3030 cumque
1235 2951 1563 3034 Episcopus
1595 2955 1720 3016 suis
1761 2955 2164 3020 litterisdatis
2189 2958 2282 3016 die

738 3038 799 3104 ⁷.
824 3043 1043 3106 Mensis
1060 3044 1221 3125 Maji
1244 3049 2077 3128 respondisset,setcrmiuum
2108 3070 2281 3131 prae·

740 3135 964 3221 fixisse,
993 3144 1053 3200 et
1074 3137 1180 3201 vix
1206 3159 1270 3202 se
1289 3139 1552 3221 reperire
1578 3142 1838 3223 potuisse
1864 3142 2268 3216 Sacerdotem,

740 3230 846 3312 qui
890 3251 1074 3315 aegro
1099 3232 1304 3295 animo
1338 3234 1429 3296 bis
1463 3235 1527 3297 in
1568 3235 1948 3301 hebdomada
1969 3258 2005 3302 a
2033 3239 2290 3315 Civitate

743 3322 991 3388 Cavensi
1019 3328 1217 3410 pergit
1247 3328 1323 3390 ad
1355 3329 1604 3413 Pagum,
1642 3340 1711 3394 ut
1730 3331 2144 3398 Confessiones
2178 3354 2287 3396 ex-

745 3419 951 3500 cipiat,
985 3440 1180 3484 novae
1206 3421 1442 3486 litterae
1470 3426 1686 3488 dis-13.
1716 3425 1892 3489 Iunii
1917 3429 1996 3491 ab
2017 3427 2132 3491 hac
2180 3428 2295 3492 Sa·

747 3533 849 3577 cra
868 3512 1343 3601 Congregatione
1362 3518 1440 3581 ad
1460 3520 1717 3582 eundem
1737 3521 2100 3603 Episcopum
2117 3523 2296 3586 datae

748 3615 913 3683 sunt,
944 3614 1013 3670 ut
1037 3609 1392 3674 informaret
1415 3632 1596 3694 super
1646 3615 1845 3689 modo,
1897 3636 2022 3697 quo
2050 3617 2209 3681 Cura
2259 3637 2296 3679 a

755 3701 949 3765 tribus
969 3703 1222 3768 parochi
1248 3705 1311 3767 S.
1346 3706 1505 3769 Petri
1526 3718 1931 3786 exerceretur,
1961 3721 2021 3773 et
2046 3731 2125 3774 an
2149 3713 2297 3773 sub-

752 3790 989 3860 s'isteret
1004 3808 1378 3880 assumptum
1404 3801 1484 3864 ab
1510 3802 1732 3865 Incolis
1763 3803 1905 3885 pagi
1927 3805 2298 3886 expositum,

753 3891 917 3977 quod
945 3892 1026 3957 ab
1044 3892 1463 3958 habitantibus
1485 3896 1551 3957 in
1599 3895 1724 3959 alio
1772 3896 1903 3962 loco
1952 3907 2300 3980 nuncupato

750 3986 809 4060 ²13
834 3984 1081 4079 Mariua
1110 3985 1295 4053 suerit
1328 3988 1503 4052 tertia
1539 3990 1886 4055 praebenda
1930 3993 2303 4057 parochialis

756 4080 1020 4161 propriis
1067 4082 1408 4165 sumptibus
1447 4094 1644 4147 erecta
1674 4085 1736 4147 in
1784 4087 2044 4153 Ecclesia
2094 4088 2296 4151 Sancti

760 4166 954 4246 petri,
983 4193 1054 4236 ea
1076 4174 1229 4257 lege,
1263 4185 1330 4238 ut
1348 4177 1451 4239 hic
1474 4179 1685 4257 tertius
1715 4179 2017 4243 Parochus
2045 4182 2293 4251 deberet

758 4264 823 4326 in
853 4263 982 4328 loco
1008 4270 1066 4330 la
1096 4268 1348 4345 *Mariua
1373 4291 1605 4352 semper
1634 4273 1897 4338 residere
1921 4318 1939 4336 .
2076 4316 2079 4317 ν

778 4448 787 4457 ι
876 4359 1060 4423 Novis
1088 4362 1249 4427 hisce
1297 4364 1513 4427 litteris
1550 4369 1631 4429 ab
1655 4367 1947 4452 Episcopo
1974 4368 2064 4431 dis
2098 4376 2157 4432 9.
2191 4370 2299 4433 Se·

750 4457 1019 4535 ptembris
1042 4475 1393 4538 responsum
1418 4471 1506 4522 est
1523 4507 1541 4534 ,
1573 4470 1633 4523 et
1656 4463 1919 4537 dictum,
1940 4484 1979 4527 a
2030 4475 2301 4546 tempore

758 4545 1225 4641 immemorabili
1251 4552 1401 4614 duos
1415 4554 1710 4617 parochos
1733 4555 1794 4617 in
1808 4557 2066 4620 Ecclesia
2093 4558 2157 4620 S.
2194 4559 2298 4620 pe·

760 4639 837 4704 tri
861 4641 1064 4719 fuisse,
1088 4645 1193 4726 qui
1218 4647 1876 4719 Curam-exercuerunt
1914 4649 2298 4727 Animarum,

759 4743 820 4825 et
869 4757 1031 4805 anno.
1059 4744 1230 4801 1701.
1268 4741 1674 4807 intercedente
1722 4745 2076 4809 auctoritate
2109 4746 2306 4809 honae

764 4847 943 4891 mem.
979 4830 1249 4913 Episcopi
1279 4833 1620 4915 pignatelli,
1642 4835 1825 4917 fuisse
1849 4838 1929 4900 ab
1952 4838 2304 4917 hominibus

763 4922 874 4989 loci
896 4924 1235 5007 Maritimae
1252 4932 1449 4993 veteris
1467 4932 1719 5015 subjecti
1746 4931 2078 4995 parochiali
2101 4935 2302 4998 Sancti

763 5006 923 5081 petri
969 5030 1229 5087 erectam
1279 5022 1341 5084 in
1376 5024 1584 5086 eadem
1612 5024 1817 5107 Sancti,
1851 5028 2009 5091 petri
2036 5029 2304 5099 Ecclesia

762 5112 1000 5175 tertiam
1035 5115 1438 5197 parochialem
1474 5119 1887 5183 praebendam
1930 5143 2070 5184 cum
2099 5130 2304 5198 onere,

761 5209 923 5287 quod
948 5229 1105 5271 unus
1121 5230 1197 5272 ex
1213 5212 1405 5275 tribus
1427 5214 1711 5276 parochis
1730 5215 1790 5277 in
1818 5214 1948 5279 loco
1967 5217 2309 5292 Maritimae

765 5300 1001 5375 Veteris
1027 5304 1413 5370 residentiam
1461 5316 1749 5389 perpetuo
1780 5309 2026 5374 baberet
2049 5358 2066 5386 ,
2097 5321 2154 5374 et
2196 5312 2306 5374 Sa·

762 5409 1073 5473 eramenta
1096 5400 1315 5481 Incolis
1363 5401 1427 5465 in
1476 5402 1738 5467 Ecclesia
1794 5405 2047 5471 Sanctae
2081 5405 2311 5471 Mariae

2386 692 2683 755 parochos
2709 692 2774 754 in
2811 710 2934 753 una
2955 689 3365 765 Ecclesia,sed
3388 689 3572 753 etiam
3592 698 3816 770 septem
3848 707 3938 751 re-

2385 786 2593 868 periri,
2649 781 2754 867 qui
2806 785 3001 849 Curae
3030 784 3392 846 Animarum
3423 793 3712 863 praesunt
3753 788 3934 865 juxta

2384 881 2677 963 quasdam
2707 880 2869 962 leges
2912 880 2993 941 ah
3041 879 3338 961 Episcopo
3385 878 3603 961 Lippio
3633 877 3787 941 latas
3824 897 3936 940 an-

2383 996 2458 1038 no
2481 979 2659 1036 1608.

2507 1067 2817 1149 Proposita
2846 1066 2965 1130 fuit
2983 1065 3133 1128 haec
3152 1067 3343 1134 Causa
3369 1064 3433 1127 in
3461 1063 3938 1146 congregatione

2386 1162 2594 1227 habita
2642 1163 2757 1226 hac
2782 1163 2882 1225 die
2935 1167 3031 1224 19.
3070 1160 3417 1224 Decembris
3448 1164 3623 1221 1722.
3650 1161 3820 1242 cujus
3842 1157 3934 1221 fo-

2388 1257 2540 1325 lium
2568 1257 2904 1338 poteritab
2934 1257 3058 1320 EE.
3119 1257 3251 1317 VV.
3298 1254 3559 1336 benigne
3602 1252 3933 1328 reassumi,

2390 1371 2500 1414 nec
2539 1351 2663 1414 ulla
2714 1350 2833 1413 fuit
2868 1359 3039 1432 capta
3086 1349 3405 1422 resolutio,
3441 1350 3543 1411 sed
3589 1366 3937 1428 responsum

2391 1448 2553 1529 quod
2578 1448 2868 1509 darentur
2892 1447 2966 1508 ad
2991 1445 3350 1526 Episcopum
3369 1442 3809 1506 novaelitterae
3829 1460 3939 1522 pro

2391 1540 2825 1602 informatione
2880 1541 3062 1621 juxta
3091 1536 3572 1599 instructionem
3606 1555 3624 1609 ς
3678 1539 3940 1615 cumque

2388 1638 2564 1718 juxta
2585 1655 2677 1705 ea,
2705 1653 2862 1714 quae
2886 1637 2947 1693 in
2971 1632 3390 1712 superioribus
3405 1631 3564 1693 dicta
3585 1637 3751 1701 sunt,
3780 1648 3945 1691 man·

2393 1729 2601 1792 datum
2626 1728 2832 1800 fuerit,
2860 1737 2926 1789 ut
2951 1745 3143 1788 novae
3171 1724 3463 1787 darentur
3493 1723 3735 1790 litterae
3767 1722 3944 1804 juxta

2393 1822 2854 1910 instructionem
2880 1865 2899 1896 ,
2950 1819 3268 1884 instructio
3296 1819 3374 1881 ad
3404 1816 3720 1899 sequentia
3750 1814 3946 1898 capita

2395 1918 2635 1982 redacta
2666 1915 2796 1980 est.
3017 1967 3030 1974 -

2516 2011 2785 2082 primum
2813 2016 2996 2091 caput
3030 2006 3150 2070 fuit
3184 2015 3252 2069 ut
3284 2003 3742 2087 exquireretur,
3772 2021 3852 2066 an
3884 2001 3950 2065 in

2392 2104 2711 2189 hypothesi
2735 2103 3117 2168 fundationis
3138 2110 3395 2183 quartae
3417 2098 3832 2172 Praebendae,
3849 2096 3952 2160 ad·

2404 2193 2767 2263 ministratio
2799 2199 3333 2264 sacramentorum
3379 2193 3655 2257 facienda
3680 2200 3836 2260 esset
3854 2191 3954 2254 in·

2393 2295 2542 2359 colis
2609 2294 2935 2364 Benincasa
2991 2290 3321 2373 privative,
3359 2288 3562 2371 quoad
3618 2286 3771 2350 alios
3831 2292 3953 2348 tres

2394 2389 2861 2461 praebendatos,
2885 2386 2977 2454 vet
2998 2385 3371 2448 cumulative
3390 2404 3529 2446 cum
3555 2382 3703 2457 illis,
3720 2391 3783 2445 et
3801 2380 3949 2462 Epi·

2393 2501 2607 2565 scopus
2650 2481 2713 2543 in
2760 2479 2937 2546 novis
2984 2478 3203 2541 litteris
3256 2476 3612 2558 respondet,
3662 2483 3953 2556 quartum

2392 2577 2556 2639 hunc
2587 2574 3070 2638 praebendatum
3107 2570 3630 2653 privativequoad
3651 2568 3827 2641 alios,
3849 2568 3955 2629 de·

2395 2672 2540 2734 bere
2572 2669 3003 2733 administrare
3034 2668 3450 2738 Sacramenta,
3479 2663 3953 2727 sedeorumdem

2397 2765 2982 2830 administrationem
3023 2761 3163 2825 aliis
3206 2761 3388 2824 etiam
3436 2758 3635 2823 tribus
3685 2755 3952 2838 permitti

2397 2880 2587 2943 posse,
2605 2860 2682 2923 ad
2703 2857 3155 2940 requisitionem
3172 2854 3383 2918 saltem
3408 2851 3916 2916 Parochianorum
3930 2890 3951 2909 .

2473 3011 2477 3016 ,
2513 2956 2857 3019 Secundum
2881 2961 3060 3033 caput
3087 2950 3252 3022 tuit,
3305 2968 3383 3012 an
3417 2947 3632 3011 tertius
3663 2946 3959 3009 praeben·

2398 3052 2573 3116 datus
2591 3069 2877 3114 exercens
2906 3049 3130 3110 Curam
3158 3045 3526 3109 Animarum
3555 3041 3619 3103 in
3647 3040 3960 3103 Maritima

2401 3146 2626 3220 Veteri,
2647 3164 2781 3208 eam
2805 3151 3081 3207 exerceat
3097 3138 3469 3203 cumulative
3491 3157 3628 3200 cum
3655 3134 3795 3198 aliis
3812 3134 3961 3198 duo-

2401 3242 2547 3315 bus,
2598 3240 2691 3302 vel
2728 3238 3030 3320 privative
3057 3281 3074 3309 ,
3122 3241 3182 3297 et
3237 3234 3379 3296 huic
3417 3231 3600 3312 capiti
3635 3228 3958 3312 respondet

2400 3335 2755 3417 Episcopus,
2783 3352 2922 3395 eum
2955 3328 3254 3411 privative
3275 3325 3727 3396 administrare,
3753 3323 3855 3386 sed
3879 3321 3962 3386 ad

2402 3429 2860 3511 requisitionem
2915 3424 3434 3488 parochianorum
3496 3419 3764 3502 permitti
3820 3417 3962 3483 aliis

2403 3525 2662 3597 duobus,
2693 3508 2762 3585 ut
2797 3511 3012 3585 iisdem
3056 3519 3442 3589 Sacramenta
3496 3513 3957 3586 administrent,

2403 3629 2463 3682 et
2491 3619 2736 3682 tertium
2757 3617 2922 3679 hunc
2945 3613 3436 3679 l‘raebendatum
3466 3609 3824 3691 requisitum
3855 3607 3961 3671 ad-

2408 3714 2752 3775 ministrare
2762 3710 2949 3773 etiam
2971 3710 3359 3772 Sacramenta
3379 3705 3593 3769 ineolis
3610 3702 3962 3765 immediate

2406 3808 2694 3891 subjectis
2734 3803 3038 3869 Ecclesiae
3074 3803 3137 3865 S.
3173 3802 3333 3864 petri
3380 3800 3444 3862 iu
3475 3797 3787 3880 sequelam
3812 3814 3960 3858 con-

2408 3901 2760 3965 ventionum
2792 3903 3058 3979 tempore
3082 3894 3403 3960 erectionis
3420 3892 3632 3956 tertiae
3654 3891 3960 3954 Praeben-

2407 3998 2522 4059 dae
2543 3995 2864 4065 factarum,
2884 4000 2944 4054 et
2957 3992 3050 4055 'ab
3067 3990 3364 4071 Episcopo
3379 3996 3522 4051 tunc
3546 3985 3833 4067 temporis
3851 4003 3963 4067 ap·

2377 4158 2384 4165 ,
2408 4090 2800 4173 probatarum
2821 4130 2840 4149 .

2524 4184 2794 4246 Tertium
2817 4188 2997 4261 caput
3033 4178 3181 4250 fuit,
3229 4185 3298 4239 ut
3328 4175 3772 4257 exprimeretur
3800 4192 3955 4255 quo-

2411 4280 2587 4341 modo
2633 4278 2739 4341 alii
2772 4277 2894 4339 duo
2931 4272 3181 4358 parochi
3239 4282 3558 4341 exerceant
3598 4269 3960 4332 Animarum

2408 4391 2614 4434 curam
2643 4371 2702 4431 in
2732 4366 3021 4431 parochia
3053 4366 3115 4428 S.
3157 4365 3341 4435 petri,
3369 4383 3446 4426 an
3465 4382 3638 4424 *unus
3660 4360 3960 4443 privative

2407 4466 2606 4547 quoad
2629 4464 2855 4533 alium,
2907 4461 2972 4523 in
2998 4460 3207 4540 aliquo
3249 4457 3401 4530 loco,
3426 4468 3485 4519 et
3512 4457 3840 4537 Episcopus
3862 4475 3959 4518 re·

2408 4559 2670 4640 spondit,
2694 4556 3066 4627 sicexerceri
3094 4574 3303 4616 curam
3323 4552 3691 4624 animarum,
3719 4560 3784 4614 ut
3805 4567 3962 4611 unus

2410 4670 2531 4722 uno
2556 4672 2778 4723 mense,
2803 4650 2957 4713 alter
2979 4648 3100 4711 aliu
3122 4667 3253 4710 eam
3281 4646 3684 4718 administret,
3714 4655 3962 4724 excepto

2411 4747 2819 4811 Poenitentiae
2847 4746 3262 4814 Sacramento,
3293 4740 3457 4822 quod
3480 4742 3562 4804 ab
3589 4759 3735 4813 uno,
3766 4750 3832 4801 et
3877 4738 3960 4799 ab

2412 4842 2602 4904 altero
2631 4860 2864 4921 semper
2897 4837 3237 4919 petentibus
3260 4834 3743 4906 administratur,
3777 4843 3850 4901 ;et
3889 4832 3952 4894 in

2414 4934 2677 4997 Dioecesi
2698 4930 2947 4997 Cavensi
2969 4930 3172 5013 plures
3181 4928 3333 4992 alias
3344 4927 3602 4990 existere
3616 4926 3956 5013 parochias,

2415 5030 2478 5092 iu
2505 5029 2730 5110 quibus
2774 5027 2933 5090 Cura
2976 5024 3258 5107 pluribus
3309 5020 3592 5096 parochis
3639 5020 3954 5084 commissa

2341 5192 2347 5197 ,
2414 5131 2524 5195 est,
2546 5141 2682 5184 cum
2707 5120 3032 5183 talitamen
3067 5116 3370 5188 methodo,
3394 5124 3462 5176 ut
3492 5112 3654 5176 unus
3677 5114 3834 5176 inter
3860 5132 3962 5176 eos

2415 5218 2814 5279 constituatur
2836 5217 3050 5277 Rector
3079 5210 3319 5274 annalis
3360 5209 3464 5272 toti
3494 5208 3691 5271 Curae
3737 5207 3962 5288 praesi-

2414 5310 2595 5382 dens,
2637 5309 2826 5372 libros
2877 5305 3257 5370 parochiales
3300 5320 3694 5374 conservans,
3728 5301 3964 5389 quique

2418 5405 2671 5469 ulterius
2699 5403 3021 5467 Missarum
3063 5400 3357 5471 solemnia
3405 5396 3692 5473 celebrat,
3722 5405 3783 5459 et
3821 5404 3964 5460 ver-'
