4393 6299
1578 515 1829 583 Q<u11⁴zs
1862 515 2041 571 rto
2103 518 2276 571 ωιιν.
3307 513 3379 567 τι

359 686 489 751 cea
512 668 576 733 S.
611 665 846 751 Agatha
872 684 985 731 suo
1015 668 1318 751 Religioso
1343 667 1592 732 Ordinis
1618 668 1903 751 Augusti·
1951 660 1961 721 l
2013 668 2291 744 mnensi,
2337 669 2447 752 qui
2486 670 2562 733 de
2601 677 2985 752 paupertate,
3025 669 3102 734 de
3140 663 3564 748 conjunctione

2008 764 2326 848 sanguinis
2350 784 2489 827 cum
2514 766 2851 839 Testatore,
2877 774 2935 828 et
2961 763 3200 835 tandem
3229 762 3306 823 de
3327 756 3562 843 gratiae

469 857 617 921 Fuit
663 855 853 920 Causa
899 855 1269 938 reproposita
1317 854 1383 917 in
1432 854 1907 939 congregatione
2009 859 2391 941 congruitate
2415 858 2854 941 amplissimum
2882 857 3044 921 dedit
3077 853 3514 919 testimoninm.

352 950 558 1016 habita
607 956 698 1014 die
729 954 925 1034 prima
966 950 1189 1033 Aprilis
1240 956 1413 1013 1719.
1451 958 1512 1014 et
1551 969 1904 1032 responsum

346 1048 496 1110 fuit:
525 1047 734 1110 Dilata
752 1093 771 1122 ,
802 1057 853 1109 et
882 1047 1221 1108 exhibeatur
1261 1056 1423 1108 actus
1452 1044 1812 1129 Definitorii,
1840 1048 1906 1105 in

342 1162 455 1222 quo
471 1143 624 1203 dedit
646 1142 980 1221 facultatem
998 1140 1357 1202 provinciale·
1371 1141 1449 1203 ad
1464 1141 1898 1202 nominandum.

342 1237 430 1298 De
456 1235 575 1298 hac
605 1235 815 1298 eadem
848 1235 1043 1297 Causa
1067 1244 1269 1296 actum
1311 1234 1428 1297 fuit
1463 1234 1526 1295 in
1561 1233 1903 1315 Congrege-

343 1330 510 1391 tione
540 1330 755 1392 habita
784 1330 875 1391 dis
905 1333 1004 1390 22.
1040 1328 1264 1410 Aprilis
1296 1333 1469 1390 1719.
1498 1348 1607 1391 nec
1632 1327 1758 1391 ulla
1786 1327 1904 1390 fuit

339 1435 516 1506 capta
563 1423 885 1497 resolutio,
933 1430 995 1486 et
1037 1423 1280 1485 tandem
1322 1422 1388 1484 in
1426 1422 1902 1505 Congregatione

338 1517 555 1581 habita
585 1521 676 1580 die
703 1523 762 1580 6.
797 1516 960 1597 Maji
1003 1522 1177 1580 1719.
1211 1517 1541 1580 resolutum
1579 1514 1730 1579 fuit:
1778 1515 1898 1578 Su·

334 1614 543 1675 cancri
581 1615 1023 1675 nominationem
1066 1612 1279 1691 factam
1305 1612 1497 1691 satore
1528 1609 1765 1674 Nicotm·
1787 1609 1896 1672 Le-

336 1709 512 1771 andri
531 1707 814 1780 Paterni,
837 1706 1280 1790 impetrataque
1304 1725 1342 1770 a
1369 1705 1899 1769 succumbentibus

341 1821 497 1865 nova
525 1801 870 1877 audientia,

452 1894 819 1971 Quaeritur:

2127 953 2315 1017 Addit
2349 953 2715 1027 informans,
2747 953 2912 1039 quod
2938 952 3078 1015 licet
3103 949 3406 1014 Oratrices
3435 966 3561 1009 non

2008 1046 2132 1110 sint
2160 1047 2504 1129 orphanae,
2533 1057 2676 1111 sunt
2707 1057 2905 1110 tamen
2947 1043 3430 1126 consanguineae
3456 1042 3564 1119 Te-

2008 1142 2253 1205 statoris
2269 1191 2286 1214 ,
2311 1143 2475 1223 quod
2494 1141 2700 1223 agitur
2723 1142 2797 1205 de
2818 1135 3561 1223 praejudiciofflPuellarnm

2007 1236 2377 1300 incertarum
2395 1283 2411 1311 ,
2435 1237 2600 1319 quod
2618 1235 2921 1299 contemni
2949 1232 3259 1303 consuevit
3273 1277 3291 1307 ,
3315 1229 3563 1313 quando

2010 1331 2217 1414 agitur
2272 1333 2348 1394 de
2395 1332 2811 1395 subveniendo
2863 1330 2960 1392 bis
2982 1377 2999 1403 ,
3055 1348 3216 1410 quae
3264 1323 3562 1407 sanguine

2004 1429 2364 1509 conjunctae
2387 1436 2530 1490 sunt
2551 1426 2843 1489 Testatori
2860 1471 2878 1501 ,
2907 1424 3071 1508 quod
3101 1422 3343 1487 tandem
3361 1421 3560 1500 Depu-

2005 1521 2113 1583 tati
2142 1519 2478 1603 Hospitalis
2515 1539 2636 1581 non
2665 1519 2891 1584 babent
2928 1518 3006 1581 de
3029 1536 3153 1598 quo
3177 1531 3559 1596 conqueran-

2003 1622 2136 1690 tur,
2178 1634 2318 1678 cum
2351 1614 2465 1698 ipsi
2511 1614 2637 1678 sint
2679 1623 2915 1678 tantum
2964 1611 3112 1675 nudi
3148 1608 3450 1682 ministri,
3495 1613 3560 1670 et

2005 1710 2382 1774 Executores·
2401 1709 2655 1773 ultimae
2680 1707 3011 1773 voluntatis
3037 1704 3210 1770 Pauli
3237 1702 3534 1786 Agliatae.

2116 1802 2233 1867 His
2256 1803 2559 1869 stantibus
2581 1802 2933 1888 quaeritur:

2117 1897 2215 1961 Aa
2234 1947 2252 1971 ,
2282 1908 2335 1962 st
2361 1899 2634 1979 quomodo
2657 1896 2992 1962 oratricem
3011 1895 3272 1979 precibus
3298 1908 3560 1956 muca-

454 1992 553 2053 An
579 1992 655 2052 sit
682 1990 985 2065 amun,
1016 1990 1103 2051 tel
1127 1988 1489 2052 recedendum
1509 2009 1547 2051 a
1570 1989 1799 2061 decisis,
1826 1991 1890 2051 in
1994 1994 2130 2056 dum
2155 1996 2234 2057 sit
2264 1995 2328 2056 in
2351 2013 2511 2057 casu.

338 2105 472 2149 mu
503 2096 607 2149 010·

440 2280 589 2332 san
614 2276 818 2347 Congr.
847 2246 1154 2346 respondit:
1199 2344 1204 2348 ι

509 2365 575 2418 In
600 2361 826 2431 deciu‘s,
854 2373 909 2417 et
932 2361 1191 2434 amplius.

812 2556 1174 2633 QUAEs‘rto
1213 2521 1405 2621 Lx'v.

388 2746 460 2811 ιη
490 2746 692 2810 causa
716 2746 1072 2809 umanum·
1097 2746 1499 2821 Subsidtmm
1522 2713 1842 2821 dotalium,

714 2842 806 2903 die
841 2846 936 2906 19.
968 2841 1302 2907 Novembris
1330 2846 1506 2934 sna.

326 2981 590 3095 Paulus
615 3030 857 3114 Agliata
879 3031 955 3093 de
974 3033 1163 3095 Terra
1184 3022 1878 3115 Petragliaejnserioris,

328 3127 389 3189 in
444 3125 663 3189 ultimo
685 3175 704 3200 ,
753 3146 891 3190 cum
947 3145 1072 3209 quo
1117 3127 1403 3204 decessit,
1455 3130 1835 3194 Testamenta
1862 3178 1877 3201 ,

326 3221 480 3285 inter
525 3231 765 3284 caetera
808 3222 1137 3303 disposuit,
1184 3217 1346 3305 quod
1397 3223 1671 3305 quolibet
1718 3244 1879 3288 anno

325 3317 635 3379 occasione
672 3315 1070 3380 solemnitatis
1097 3317 1380 3400 Corporis
1413 3318 1641 3382 Christi
1677 3339 1715 3384 a
1752 3321 1880 3392 suis

325 3410 689 3474 haeredibus
716 3411 1219 3493 consignarentur
1250 3412 1465 3475 uncia'e
1491 3419 1624 3486 100.
1648 3422 1718 3476 ut
1741 3434 1878 3477 cum

323 3505 443 3568 illis
471 3506 705 3569 nubere
734 3516 970 3587 possent
996 3505 1274 3588 quinque
1301 3502 1548 3570 Puellae
1573 3507 1792 3594 Orsuae
1816 3511 1880 3571 di

322 3602 508 3664 Padri
528 3649 545 3672 ,
568 3620 764 3684 pavere
782 3649 800 3673 ,
829 3603 1145 3671 accersitam
1161 3646 1179 3676 ,
1202 3604 1360 3664 d'eta
1388 3604 1881 3684 d'annifquindict

317 3718 417 3779 pu·
442 3699 635 3758 imino
664 3698 872 3758 alfetd
901 3696 1112 3758 d‘amu'
1150 3699 1532 3777 emticinqus,
1563 3700 1728 3778 quati
1759 3697 1875 3760 or-

319 3793 449 3869 tano
482 3791 728 3853 abbiano
757 3791 831 3852 da
861 3802 1048 3851 essere·
1070 3791 1224 3872 fiqlie
1269 3792 1332 3852 di
1363 3791 1563 3853 Donum
1605 3803 1871 3867 onorata,

317 3887 662 3955 necessitose,
686 3903 714 3945 ο
743 3885 1070 3965 periculoso,
1101 3903 1130 3945 ο
1156 3885 1254 3945 che
1281 3905 1397 3948 aon
1424 3883 1590 3948 siano
1613 3887 1873 3966 ἀψαυσ-

318 4001 398 4052 se,
428 3986 499 4038 ne
528 3998 736 4060 zoppo,
768 3979 1036 4061 injuncta
1066 3979 1380 4060 Deputatis
1404 3980 1715 4063 cujusdam
1744 3981 1871 4056 110,—

322 4072 554 4155 spitalis
596 4073 761 4155 lege,
809 4073 1045 4135 easdem
1088 4073 1509 4137 antecedenter
1552 4075 1866 4151 visitandi,

319 4181 373 4231 et
422 4167 674 4232 nomina
718 4166 1122 4229 dotandarum
1171 4159 1332 4244 sorte
1371 4161 1771 4246 extrahendi,
1810 4180 1872 4234 et

317 4264 591 4345 quinque
616 4271 779 4324 sorte
807 4260 1099 4330 extractis
1119 4262 1467 4345 assignandi
1512 4249 1724 4328 uncias
1763 4269 1863 4327 20.

319 4378 424 4438 pro
442 4357 751 4439 qualibet,
779 4365 846 4418 ut
868 4356 1112 4418 eaedem
1139 4355 1870 4441 deindepersolverentur

321 4450 539 4512 futuris
564 4446 916 4511 earumdem
948 4449 1185 4513 maritis
1209 4451 1412 4513 statim
1438 4460 1571 4532 post
1596 4445 1865 4515 habitam

318 4543 614 4606 Ecclesiae
645 4542 1158 4617 benedictionem,
1193 4542 1282 4604 uti
1327 4541 1549 4625 legitur
1583 4543 1646 4605 in
1676 4543 1865 4625 parti·

315 4639 448 4701 cula
488 4636 901 4711 Testamenti,
950 4655 1111 4718 quae
1154 4635 1480 4700 exhibet-ur
1520 4636 1587 4700 in
1633 4636 1860 4702 samm.

316 4733 710 4813 Informantis.
1302 4719 1305 4722 Α
1717 4786 1723 4792 .
1762 4795 1765 4800 ,

428 4826 775 4889 Nonnullae
798 4825 1127 4888 Testatoris
1152 4826 1480 4909 Proneptes
1507 4827 1570 4889 in
1600 4813 1866 4890 maxima

313 4932 571 5005 egestate
596 4920 992 4995 constitutae,
1022 4920 1409 4986 sanctissimo
1441 4922 1703 4985 Domino
1743 4922 1889 4984 No—'

315 5031 435 5080 stro
495 5015 917 5097 supplicarunt
976 5034 1087 5096 pro
1142 5015 1405 5099 benigna
1461 5017 1867 5100 assignatione

313 5112 570 5194 duplicis
603 5109 1000 5173 annualitatis
1036 5129 1148 5191 pro
1186 5111 1489 5192 qualibet,
1523 5134 1600 5175 ex
1631 5113 1861 5190 unciis,

313 5227 466 5289 quae
493 5205 800 5287 Orpbanis
826 5204 1053 5266 Puellis
1077 5225 1112 5267 a
1140 5207 1478 5277 Testatore,
1510 5207 1598 5268 uti
1635 5208 1859 5270 dictum
1893 5201 1897 5205 ’

314 5303 457 5375 tuit,
509 5302 753 5363 relictae
784 5309 960 5369 sunt,
1006 5301 1406 5382 precibusque
1447 5301 1524 5363 ad
1569 5302 1726 5364 banc
1755 5303 1859 5365 Sa·

311 5416 472 5459 crant
519 5394 1012 5476 Congregationis
1061 5394 1360 5468 remissis,
1403 5396 1695 5476 scriptum
1747 5396 1863 5458 suit

314 5511 421 5572 pro
450 5490 915 5562 informatione,
945 5497 1001 5552 et
1047 5500 1187 5553 voto
1215 5488 1678 5572 Arcbiepiscopo
1704 5493 1860 5556 Mes-

2053 2236 2063 2257 ,Ὶ
2098 2160 2245 2240 Saer.
2271 2185 2469 2256 congr.
2501 2180 2810 2257 responditz

2175 2273 2456 2359 lyegaeive.

2345 2520 2352 2523 .
2465 2426 2828 2572 Q‘Uazsno
2866 2454 3096 2532 vat.-
3201 2484 3216 2507 ι

2064 2657 2138 2743 1'!
2167 2616 2364 2723 causa
2390 2659 2652 2737 Romana
2679 2658 2771 2722 dio
2799 2614 2896 2721 19.
2931 2618 3263 2722 Nmbri·
3297 2656 3471 2716 1718.

1993 2787 2215 2911 Anno
2248 2852 2426 2911 ¹661.
2458 2847 2803 2913 Alexander
2829 2844 2993 2930 Papa
3016 2844 3321 2927 Septimus
3350 2840 3549 2905 indul·

1989 2942 2071 3005 sit
2100 2943 2326 3006 Abbati
2354 2941 2647 3008 Generali.
2666 2941 3160 3026 congregationis
3188 2937 3381 3001 Vallis
3409 2937 3548 2999 Um·

1989 3034 2238 3111 brosae,
2262 3046 2328 3103 ut
2352 3037 2500 3118 ipse,
2523 3040 2647 3099 una
2670 3056 2808 3107 cum
2832 3036 3070 3099 duobus
3088 3030 3544 3104 visitatoribus,

1985 3130 2250 3214 aliisque
2292 3132 2529 3195 duobus
2575 3130 2920 3214 Religiosis,
2963 3129 3125 3205 zelo,
3168 3134 3230 3192 et
3268 3123 3546 3191 doctrina

1988 3227 2294 3307 probatis,
2326 3226 2627 3290 moderari
2673 3235 2898 3308 posset,
2938 3233 3000 3288 et
3031 3224 3319 3302 reducere
3354 3237 3544 3283 onera

1986 3322 2314 3385 Missarum
2336 3341 2483 3384 suae
2505 3321 3001 3404 Congregationis
3027 3338 3098 3380 eo
3126 3336 3317 3399 usque
3342 3333 3543 3376 susce-

1985 3423 2088 3496 pta
2106 3461 2124 3491 ,
2154 3417 2230 3479 ad
2276 3416 2572 3479 rationem
2613 3434 2857 3477 annuae
2889 3412 3305 3494 eleemosynae
3342 3416 3544 3470 scuto·

1988 3529 2125 3572 rum
2153 3515 2254 3573 40.
2287 3529 2398 3591 pro
2427 3509 2712 3591 qualibet.
2733 3505 2915 3573 Missa
2943 3506 3297 3590 quotidiana
3326 3521 3541 3585 perpe-

1985 3614 2087 3667 tua
2106 3649 2124 3679 ,
2158 3614 2218 3665 et
2246 3604 2450 3667 Abbas
2474 3603 2789 3668 Generalis
2821 3602 2884 3664 in
2917 3601 3330 3666 executionem
3358 3597 3543 3680 hujus

1984 3698 2218 3762 Indulti
2268 3699 2407 3761 fecit
2453 3698 2865 3776 reductionem
2909 3695 3347 3760 nonnullorum
3392 3710 3539 3754 one·

1952 3811 2120 3854 .rum
2170 3792 2521 3856 Monasterii
2568 3792 2629 3853 S.
2671 3791 2971 3855 'Praxedis
3012 3791 3089 3853 de
3135 3788 3335 3861 Urbe,
3381 3803 3540 3867 quae

1979 3886 2212 3948 reditus
2248 3885 2588 3958 habebant,
2633 3885 2735 3948 sed
2777 3886 2955 3949 valde
2971 3882 3377 3952 imminutos,
3424 3879 3537 3941 ob-

1976 3982 2275 4044 servando
2291 3980 2368 4060 ad
2388 4001 2660 4062 unguem
2678 3973 2935 4043 sormam
2960 3979 3077 4043 sibi
3097 3975 3534 4060 proescriptamg

1976 4086 2039 4140 et
2068 4077 2216 4158 quia
2248 4075 2545 4161 nonnulla
2574 4076 2829 4146 aderant
2865 4094 3083 4147 onera,
3120 4092 3281 4155 quae
3303 4068 3537 4133 reditus

1976 4190 2100 4254 non
2131 4170 2471 4245 habebant,
2502 4161 2726 4251 ex‘quo
2751 4170 2859 4232 dos
2885 4190 2920 4232 a
2951 4169 3066 4251 piis
3094 4165 3407 4230 Fidelibus
3436 4184 3532 4226 re·

1975 4263 2115 4327 licta
2160 4264 2531 4347 deperierat,
2564 4262 2661 4325 vel
2695 4263 2775 4325 ob
2797 4255 3162 4343 ‘temporum
3183 4258 3528 4343 injuriam,

1975 4358 2072 4422 vel
2100 4367 2345 4441 propter
2365 4355 2700 4421 anteriores
2725 4356 3109 4430 Creditorum
3136 4353 3526 4437 hypothecas,

1975 4463 2344 4518 memoratus
2369 4453 2575 4538 Abbas
2597 4451 2911 4515 Generalis
2929 4481 2958 4524 ,*
2974 4451 3252 4514 adhibito
3276 4446 3531 4512 consilio

1974 4558 2237 4631 quatuor
2263 4541 2699 4630 Religiosorum
2715 4593 2733 4618 ,
2763 4546 2923 4608 inter
2943 4565 3096 4628 quos
3119 4543 3319 4607 adfuit
3344 4541 3531 4606 etiam

1974 4643 2179 4706 Abbas
2216 4640 2509 4705 Ascanius
2553 4639 2966 4703 Tamburinus
3013 4639 3112 4701 vir
3158 4636 3378 4721 pietate
3398 4681 3418 4711 ,
3466 4641 3530 4699 et

1971 4733 2247 4824 doctrina
2277 4734 2768 4818 probatissimus,
2805 4752 3027 4796 novam
3056 4730 3382 4813 quamdam
3417 4749 3528 4793 ex·

1972 4830 2262 4914 cogitavit
2317 4829 2728 4893 reductionem
2760 4876 2779 4901 ,
2805 4889 2816 4902 ,
2841 4847 2947 4890 seu
3001 4825 3472 4891 moderationem
3502 4868 3525 4899 ,

1968 4924 2391 4993 demandando
2407 4921 2436 4996 ,'
2459 4931 2529 4984 ut
2553 4922 2896 4984 communia
2924 4920 3280 5003 quotidiana
3307 4919 3527 4983 suffra·

1969 5021 2067 5102 gia
2096 5039 2208 5102 pro
2236 5018 2411 5080 dictis
2433 5015 2926 5092 Benefactoribus
2950 5015 3434 5098 applicarentur,
3464 5019 3527 5077 et

1970 5115 2131 5196 quod
2162 5114 2346 5176 Missa
2372 5111 2647 5193 quolibet
2676 5130 2880 5174 mense
2906 5119 3283 5183 cantaretur,
3312 5107 3525 5170 deletis

1967 5228 2003 5271 a
2027 5206 2277 5270 Tabella
2305 5205 2628 5276 oneribus,
2657 5214 2718 5266 et
2745 5223 2959 5266 eorum
2999 5203 3129 5266 loco
3168 5203 3414 5265 suffecto
3456 5199 3522 5263 in

1966 5304 2173 5367 eadem
2207 5302 2457 5365 Tabella
2495 5321 2680 5364 onere
2710 5300 2929 5362 Missae
2958 5296 3313 5371 mensualis,
3345 5305 3409 5359 et
3435 5296 3522 5361 ita

1970 5398 2165 5481 spatio
2190 5396 2673 5479 quinquaginta,
2699 5404 2763 5457 et
2786 5393 3049 5476 amplius
3073 5411 3373 5457 annorum
3401 5390 3524 5454 fuit

1968 5492 2215 5575 pacifice
2256 5491 2677 5565 observatum,
2722 5488 2859 5552 licet
2901 5487 3106 5571 plures
3132 5487 3522 5553 visitationes
