4393 6299
1626 599 1674 667 Q
1699 598 1743 654 u
1763 587 1825 654 «ιι
1850 603 1885 655 s
1911 600 1961 656 ‘r
1989 602 2084 656 ιο
2144 603 2459 662 ccnxxm.

457 745 564 828 ἧι,
608 760 662 814 et
708 747 1201 824 inconvenientia,
1247 766 1323 816 σω
1372 750 1576 833 quibus
1614 761 1898 833 tanquam
1931 771 2009 815 ex

456 865 630 909 cause
666 846 836 929 finali
858 856 1111 907 movetur
1135 844 1413 924 Pontifex
1442 846 1520 907 od
1545 846 2003 926 dispmandum.

3384 617 3491 671 388

2509 757 2871 837 QUAESTIO
2892 750 3307 868 chxxw'*

574 939 705 1002 Hoc
755 940 1093 1021 supposito,
1144 938 1562 1022 dignabuntur
1605 940 1831 1020 pariter
1878 941 2002 1002 EE.
2112 943 2186 1006 In
2213 965 2387 1009 eausa
2436 946 2681 1011 Vadme·
2706 948 3068 1012 Reductionis
3102 951 3454 1033 Missurum,
3484 956 3659 1021 dact.

457 1031 591 1095 VV.
638 1034 973 1115 ponderare
1005 1034 1407 1116 quantitatem
1440 1034 1628 1107 dotis,
1673 1033 2007 1113 separando

454 1146 634 1201 eam,
664 1146 823 1209 quae
844 1136 982 1191 actu
1010 1127 1219 1191 futuro
1242 1128 1465 1191 Marito
1490 1137 1619 1190 erat
1646 1128 2006 1210 consignan-

454 1221 534 1283 da
557 1220 637 1283 ab
664 1218 813 1293 alia,
841 1224 1016 1304 cujus
1046 1221 1389 1290 consecutio
1420 1222 1718 1302 pendebat
1741 1239 1777 1282 a
1801 1220 2008 1282 futuro

455 1313 580 1376 litis
606 1322 854 1389 eventu,
875 1324 934 1378 et
961 1316 1042 1378 ab
1071 1315 1209 1377 aliis
1233 1315 1700 1378 conditionibus.
1726 1313 2007 1388 Animad—

449 1406 723 1471 versione
748 1428 992 1489 quoque
1011 1410 1261 1491 dignum
1284 1417 1371 1471 est
1401 1418 1639 1491 pactum
1665 1409 1731 1470 in
1756 1407 2003 1489 Capitu-

448 1498 525 1563 lis
554 1501 1100 1566 matrimonialibus
1125 1506 1464 1585 appositum
1496 1503 1572 1566 de
1596 1522 1716 1564 non
1750 1501 2007 1583 petendo

447 1592 681 1675 aliquid
707 1615 782 1657 ex
815 1596 989 1658 bo'nis
1020 1596 1315 1678 paternis,
1352 1606 1412 1660 et
1440 1596 1761 1671 maternis,
1803 1597 2004 1677 quoad

445 1705 639 1769 usque
663 1689 909 1753 vixisset
936 1689 1167 1772 Angeia
1191 1690 1412 1766 Mater,
1442 1701 1537 1752 eia
1559 1693 1741 1770 quelle
1760 1691 2006 1753 debeam

443 1791 657 1842 restare
671 1784 866 1844 salue
841 1803 906 1843 sa
924 1784 1187 1866 benesizio
1208 1786 1270 1844 di
1295 1785 1447 1847 detta
1472 1785 1725 1864 Siqnoro
1745 1786 2001 1855 Aleisio,

444 1874 532 1935 de'
542 1877 669 1936 suoi
697 1875 909 1954 Eredi,
938 1898 967 1938 e
991 1880 1293 1939 successori
1330 1899 1407 1940 ec.
1435 1899 1463 1940 e
1482 1881 1535 1939 si
1557 1880 1760 1952 debba,
1795 1899 1823 1940 e
1839 1898 2002 1964 possa

445 1972 845 2050 sperimesstare
875 1975 1094 2052 sequitu
1136 1974 1197 2034 la
1236 1985 1414 2044 morte
1456 1974 1520 2034 di
1565 1974 1722 2036 detta
1750 1971 2003 2052 8ί9ιιονα

446 2062 654 2127 Maria
700 2065 942 2147 Anqelo,
972 2085 1130 2153 quae
1175 2074 1307 2130 erat
1332 2047 1561 2140 Mater,
1595 2088 1652 2130 se
1680 2070 1746 2130 de
1774 2069 1909 2167 jure
1949 2069 2004 2130 si

443 2163 723 2240 σμασι-ὰ,
756 2180 784 2221 e
807 2181 920 2221 aon
941 2163 1284 2223 altrimenti.-
1311 2161 1398 2223 sic
1422 2159 1497 2225 ex
1525 2171 1720 2244 pacto.

561 2242 863 2334 Aptabilis
898 2254 1124 2336 quippe
1153 2255 1391 2319 videtur
1439 2257 1771 2340 propositio
1804 2275 1840 2320 a
1876 2258 1998 2319 Do-

444 2345 714 2409 ctoribus
757 2346 1055 2420 admissa,
1095 2347 1410 2412 mulierem
1454 2350 1574 2413 dici
1623 2351 1998 2426 indotatam,

445 2447 553 2502 aut
580 2441 784 2505 minus
806 2441 1168 2524 sufficienter
1190 2442 1493 2518 dotatam,
1517 2444 1568 2506 si
1585 2443 1793 2507 bona
1775 2463 1840 2506 ιιι
1862 2452 2001 2509 actu
2033 2467 2042 2528 3

444 2533 815 2598 matrimonii
836 2536 1200 2617 assignanda
1223 2556 1346 2599 non
1365 2537 1487 2599 sint
1503 2537 1881 2612 sufficientia,
1901 2535 2000 2601 vel

448 2628 570 2692 sint
598 2627 918 2704 intricata,
957 2637 1064 2693 aut
1102 2631 1433 2713 assignatio
1462 2639 1594 2714 post
1618 2631 1853 2695 obitum
1884 2633 2000 2695 Pa-

445 2732 687 2786 rentum
709 2727 887 2786 suum
917 2724 1195 2787 eflectum
1221 2726 1298 2788 sit
1317 2724 1628 2789 habitura.
1658 2725 1918 2789 Soachez
1934 2727 2001 2790 de

446 2820 773 2881 matrim.
804 2820 903 2880 lib.
930 2824 990 2881 8.
1022 2820 1236 2901 disput.
1272 2823 1367 2882 19.
1397 2840 1558 2883 aues.
1597 2827 1697 2884 20.
1708 2832 1779 2884 et
1799 2824 1999 2885 melius

443 2931 602 2974 num.
634 2916 734 2974 25.
779 2913 845 2974 de
872 2913 1059 2975 Iustis
1093 2914 1159 2975 de
1212 2916 1521 2997 dispensat.
1555 2918 1657 2978 lib.
1690 2922 1750 2979 3.
1777 2923 1968 3002 cop.3
1975 2960 1993 2979 .

439 3026 600 3068 num.
625 3010 725 3070 46.
752 3009 1010 3071 Aaoclet.
1043 3011 1106 3069 ia
1136 3011 1195 3069 4.
1229 3010 1332 3071 lib.
1354 3009 1639 3074 Decretal.
1666 3013 1732 3073 in
1751 3013 1991 3095 amend.

440 3098 509 3161 de
534 3102 838 3191 dispensat.
874 3099 940 3185 S.
992 3107 1052 3164 3.
1078 3122 1241 3165 num.
1274 3105 1375 3167 83.
1425 3114 1478 3167 et
1527 3123 1677 3187 seqq.
1724 3104 1989 3170 Crem.

438 3205 654 3273 quaest.
684 3215 886 3257 conon.
936 3197 1002 3255 in
1029 3198 1088 3256 4.
1128 3196 1348 3259 Decret.
1402 3200 1623 3278 quaest.
1671 3194 1785 3261 seit.
1828 3220 1989 3262 num.

442 3288 622 3349 2095.
652 3287 1134 3351 Rosadeexecut.
1170 3291 1285 3352 litt.
1315 3290 1520 3403 Apost.
1541 3312 1675 3375 par.
1707 3298 1765 3355 1.
1791 3314 1844 3356 e.
1892 3288 1988 3356 11.

440 3401 502 3444 ιι.
541 3387 638 3444 15.

561 3476 784 3539 Parum
807 3476 1115 3551 obstante,
1144 3478 1307 3559 quod
1336 3479 1603 3542 Didacus
1624 3499 1743 3542 non
1765 3479 1996 3544 dotavit

440 3589 516 3632 ex
545 3566 779 3653 integro
806 3570 1113 3653 Aloysiam
1139 3572 1201 3633 in
1227 3575 1565 3654 quantitate
1590 3575 1986 3655 competenti,

440 3662 529 3726 uti
550 3662 798 3726 Summo
819 3663 1091 3727 Pontifici
1113 3666 1452 3747 expositum
1475 3667 1612 3741 fuit,
1635 3670 1779 3750 quia
1803 3688 1993 3750 quan·

439 3755 519 3818 do
539 3756 740 3839 plures
755 3754 1146 3839 exponuntur
1161 3778 1397 3835 causae,
1421 3762 1602 3839 etiam
1625 3761 1986 3844 copulative,

441 3849 813 3933 inspicienda
833 3861 921 3915 est
947 3872 1123 3916 causa
1141 3900 1157 3928 ,
1184 3855 1279 3916 cui
1308 3856 1590 3919 innititur
1609 3858 1987 3939 rescriptum,

437 3954 501 4010 et
538 3964 610 4009 ea
637 3966 782 4012 vera
822 3947 1148 4020 existente,
1185 3968 1305 4011 non
1355 3960 1606 4014 curatur
1631 3952 1705 4013 de
1730 3950 1988 4015 aliarum

444 4040 731 4116 veritate;
759 4042 1101 4127 copulativa
1131 4043 1358 4125 quippe
1381 4044 1445 4106 in
1472 4044 1566 4108 his
1592 4047 1868 4109 terminis
1893 4066 1990 4109 re-

439 4133 695 4198 solvitur
721 4136 787 4197 iu
815 4134 1263 4219 disjunctivam,
1288 4141 1464 4220 juxta
1493 4139 1613 4203 late
1640 4140 1860 4217 tradita
1891 4161 1993 4223 per

441 4226 702 4291 Sanctum
729 4230 795 4291 de
823 4229 1166 4293 Matr-imon.
1175 4234 1296 4294 lib.
1334 4239 1393 4296 8.
1431 4236 1643 4316 disput.
1694 4240 1794 4298 21.
1826 4257 1984 4299 num.

439 4326 540 4385 42.
564 4333 932 4405 quapropter
961 4325 1010 4386 si
1053 4345 1164 4407 pro
1190 4327 1518 4407 obtinenda
1548 4329 1990 4419 dispensatione

436 4416 798 4491 sufficiebat,
840 4418 1144 4501 Aloysiam
1194 4404 1376 4485 fuisse
1412 4423 1773 4499 indotatam,
1804 4433 1864 4489 et
1895 4426 1986 4488 di-

434 4510 736 4594 spensatio
753 4510 897 4575 huic
915 4512 1138 4577 motivo
1157 4514 1337 4578 inniti
1364 4525 1616 4597 poterat,
1648 4536 1757 4581 nec
1782 4528 1890 4594 est,
1911 4519 1998 4582 ad·

436 4624 567 4668 rem
616 4605 693 4668 de
729 4620 851 4689 qua
892 4607 1128 4690 agitur,
1163 4594 1438 4673 habenda
1475 4611 1630 4674 ratio
1663 4632 1872 4677 novae
1877 4661 1895 4690 ,
1928 4622 1989 4678 et

433 4700 780 4764 sufficientis
798 4701 1125 4765 dotationis
1151 4722 1185 4766 a
1208 4704 1432 4767 Didaco
1457 4704 1783 4769 faciendae.

552 4794 718 4857 Haec
740 4804 912 4869 sunt,
938 4816 1096 4878 quae
1128 4818 1238 4880 pro
1268 4787 1533 4863 eruenda
1567 4800 1818 4864 veritate
1856 4802 1986 4865 exi-

432 4885 672 4953 stimavi
701 4888 765 4951 in
796 4889 1062 4952 medium
1090 4891 1325 4954 afferre.
1357 4892 1687 4967 Quaeritur
1717 4893 1944 4977 itaque.

2546 1125 2565 1136 ,.
2703 1042 2864 1104 Iulii
2895 1048 3071 1106 1722.

2113 1163 2386 1287 Cum
2364 1219 2429 1289 in
2484 1229 2866 1293 Testamento
2920 1232 3163 1296 condito
3213 1233 3312 1297 die
3349 1240 3460 1302 28.
3516 1238 3663 1320 Maji

2119 1323 2293 1381 1597.
2326 1321 2683 1386 Vincentius
2734 1323 3066 1388 Vernatius
3108 1326 3269 1390 inter
3305 1339 3536 1393 caetera
3566 1332 3679 1412 pia¹

2113 1413 2349 1496 legata,
2380 1416 2507 1479 suis
2539 1416 2905 1482 haeredibus
2928 1421 3374 1499 demandasset,
3402 1433 3470 1488 ut
3518 1445 3663 1488 suae

2115 1509 2500 1573 haereditatis
2514 1513 2858 1595 sumptibus
2879 1523 3169 1596 perpetuo
3185 1515 3476 1582 celebrari
3501 1519 3662 1584 face-

2111 1611 2247 1665 rent
2272 1612 2536 1684 quatuor
2567 1606 2779 1669 Missas
2831 1607 3108 1687 qualibet
3160 1606 3538 1674 hebdomada
3596 1613 3662 1676 in

2108 1695 2372 1760 Ecclesia
2394 1697 2456 1760 S.
2489 1698 2818 1774 vincentii,
2848 1699 3205 1766 Franciscus
3221 1749 3239 1777 ,
3263 1713 3324 1767 et
3346 1705 3662 1771 Ortensius

2108 1789 2185 1852 de
2202 1790 2508 1855 Vernatiis
2546 1792 2871 1857 Testatoris
2892 1797 3420 1880 pronepoteshuic
3444 1801 3664 1866 Sacrae

2109 1881 2570 1968 congregationi
2598 1888 3017 1970 supplicarunt
3047 1910 3160 1972 pro
3188 1911 3447 1956 onerum
3480 1895 3663 1959 redu·

2106 1977 2336 2051 ctione,
2365 1974 2427 2043 et
2457 1979 2615 2044 inter
2644 1989 2914 2065 caetera,
2945 2002 3059 2064 pro
3107 1985 3459 2068 reductione
3505 2003 3675 2070 qua-'

2110 2080 2249 2136 tuor
2275 2073 2598 2136 Missamm
2621 2073 2700 2136 ad
2723 2094 2908 2138 unam
2938 2076 3183 2141 Missam
3208 2080 3481 2161 qualibet
3508 2081 3661 2147 beb-

2108 2165 2365 2231 domada
2388 2167 2504 2229 sub
2543 2168 2795 2231 obtentu
2822 2161 3187 2236 decrementi
3237 2173 3675 2253 baereditatis,

2106 2269 2164 2323 et
2183 2257 2492 2342 augmenti
2515 2260 2934 2346 eleemosynae
2952 2264 3299 2342 Missarum,
3323 2274 3384 2332 et
3406 2271 3661 2351 requisi·-

2108 2361 2168 2417 ta
2204 2356 2505 2436 *Episcopi
2551 2356 3020 2434 informatione,
3054 2380 3195 2424 cum
3239 2361 3400 2425 idem
3451 2364 3551 2426 die
3589 2370 3651 2428 9.

2104 2449 2272 2515 Junii
2314 2454 2487 2513 1670.
2518 2451 2913 2532 exposuisset,
2941 2455 3106 2536 quod
3136 2456 3472 2521 narratain
3501 2458 3660 2522 facto

2105 2545 2543 2620 subsistebant,
2594 2546 2727 2610 Sec.
2780 2546 3178 2633 Congregatio
3209 2553 3300 2614 die
3348 2557 3445 2616 14.
3482 2553 3659 2617 Iunii

2105 2640 2347 2719 &uadem
2373 2643 2549 2713 anni,
2579 2651 2796 2704 attenta
2828 2644 3102 2706 relatione
3124 2644 3399 2728 Episcopi
3423 2646 3494 2710 S.
3528 2648 3675 2710 Ass-³

2104 2735 2220 2815 qeli
2243 2736 2309 2795 in
2341 2734 2498 2797 Vada
2518 2780 2536 2809 ,
2567 2737 2743 2797 eidem
2778 2737 3012 2818 benique
3040 2741 3350 2816 commisit,
3394 2751 3463 2803 set
3510 2745 3659 2805 veris

2103 2831 2474 2891 existentibus
2506 2825 2767 2894 narratis
2787 2879 2805 2904 ,
2854 2834 3214 2917 praedictum
3256 2853 3399 2898 onus
3443 2837 3660 2902 Missa-

2101 2941 2235 2984 rum
2260 2961 2278 2997 ,
2332 2924 2515 3007 firmis
2565 2928 2984 2988 remanentibus
3028 2930 3168 2990 aliis
3213 2929 3476 2992 oneribm
3500 2979 3518 3003 ,
3575 2930 3655 2993 ad

2102 3016 2318 3080 Missos
2351 3019 2497 3080 duos
2522 3020 2772 3100 qualibet
2816 3020 3188 3096 hebdomada,
3217 3034 3270 3085 et
3298 3024 3378 3087 ad
3416 3025 3673 3089 uniones

2102 3132 2305 3194 panem
2329 3133 2435 3195 pro
2460 3115 2704 3201 sinyult's
2734 3118 3080 3197 pauperibus
3092 3136 3203 3200 pro
3240 3138 3344 3181 suo
3362 3121 3673 3196 arbitrio,¹

2100 3216 2151 3266 et
2170 3209 2513 3270 conscientia
2529 3210 2712 3288 protis
2727 3211 3136 3282 moderaretur,
3156 3221 3326 3289 atque
3339 3214 3650 3286 reduceret,
3666 3236 3673 3245 ¹·

2098 3307 2159 3361 et
2177 3300 2507 3381 Episcopus
2530 3299 2630 3363 die
2659 3305 2765 3380 16.
2783 3301 3058 3365 Januarii
3093 3306 3270 3365 1674.
3297 3312 3471 3385 capta
3492 3320 3673 3370 nova·

2097 3393 2560 3468 informatione,
2591 3395 2898 3458 decretum
2926 3395 3266 3460 executioni
3298 3399 3612 3462 mandavit
3630 3445 3651 3477 ,

2097 3494 2158 3549 et
2184 3487 2266 3549 ab
2297 3487 2441 3550 inde
2484 3486 2635 3551 citra
2664 3487 2886 3551 Missae
2918 3488 3168 3553 fuerunt
3207 3489 3545 3556 celebratae
3573 3492 3652 3556 ad

2099 3580 2398 3644 rationem
2428 3582 2688 3645 duarum
2719 3583 2997 3665 qualibet
3022 3583 3397 3649 bebdomada
3421 3628 3439 3647 .
3485 3587 3654 3650 Inter

2096 3673 2402 3738 decretum
2425 3674 2646 3739 Sacrae
2664 3676 3182 3759 Congregationis,
3207 3686 3267 3740 et
3285 3679 3416 3760 ejus
3434 3686 3657 3743 execu-

2101 3766 2325 3829 tionem
2359 3769 2675 3850 quoddam
2717 3770 3070 3833 adnotatum
3107 3770 3407 3850 reperitur
3436 3772 3657 3835 rescri-

2100 3869 2270 3943 ptum
2306 3863 2536 3950 editum
2580 3863 2684 3927 die
2715 3868 2775 3926 2.
2809 3864 3061 3946 Augusti
3091 3868 3264 3927 1670.
3298 3864 3362 3927 in
3396 3885 3521 3947 quo
3572 3867 3653 3930 ad

2098 3955 2447 4038 petitionem
2478 3977 2665 4040 supra
2688 3966 3158 4021 memoratorum
3188 3957 3490 4022 Francisci
3518 3960 3655 4023 Ma-

2099 4050 2226 4113 riae
2247 4099 2264 4123 ,
2300 4058 2361 4114 et
2386 4051 2649 4114 Ortensii
2672 4052 2747 4115 de
2772 4052 3082 4115 Vernatiis
3108 4071 3460 4133 responsum
3498 4052 3648 4128 fuit,

2095 4144 2260 4227 quod
2297 4147 2804 4210 transmitteretur
2830 4144 3127 4227 particula
3157 4146 3359 4228 legati,
3391 4154 3451 4209 et
3478 4146 3650 4213 vide-

2095 4246 2432 4312 retur,.an
2473 4238 2762 4302 haeredes
2808 4246 3156 4304 tenerentur
3201 4238 3521 4321 supplere.
3552 4240 3649 4303 Ab

2097 4329 2211 4394 boc
2226 4331 2592 4395 ,intermedio
2613 4332 2851 4395 decreto
2877 4332 3238 4396 Procurator
3259 4332 3508 4396 Fiscalis
3529 4332 3650 4395 Fa-

2096 4425 2298 4488 bricae
2323 4425 2385 4487 S.
2418 4425 2585 4489 Petri
2613 4444 2823 4489 ansam
2846 4426 3107 4489 desumit
3127 4427 3453 4508 arguendi,
3482 4423 3650 4508 quod

2094 4518 2424 4600 Episcopus
2445 4518 2513 4581 in
2538 4538 2602 4581 se
2619 4538 2896 4582 reversus
2913 4517 3246 4582 notificavit
3263 4518 3479 4583 Sacrae
3500 4518 3652 4603 Cou-

2091 4602 2452 4695 gregationi,
2488 4612 2653 4694 quod
2683 4631 2807 4676 non
2842 4612 3136 4696 agebatur
3162 4610 3239 4675 de
3274 4630 3459 4674 onere
3500 4610 3651 4675 Mis·

2092 4724 2299 4769 sarum
2328 4706 2607 4788 imposito
2626 4726 2694 4769 su
2703 4726 2811 4788 per
2833 4706 3042 4789 aliquo
3059 4704 3410 4787 particulari
3434 4722 3651 4787 corpo-

2092 4819 2194 4874 re,
2220 4800 2324 4863 s'ed
2347 4819 2529 4889 super
2550 4820 2657 4863 uni
2668 4820 2837 4864 versa
2860 4799 3253 4875 haereditate,
3274 4799 3437 4882 quod
3458 4800 3651 4881 Lega-

2092 4899 2224 4955 tum
2254 4912 2373 4955 non
2402 4902 2534 4957 erat
2559 4913 2753 4976 capax
2774 4894 3177 4971 reductionis,
3205 4912 3277 4956 eo
3301 4892 3511 4976 quod
3495 4894 3650 4956 inci·-

549 4980 646 5044 Διι
667 4978 876 5046 constet
883 4985 959 5048 de
975 4985 1673 5050 nullitateMatm'monii
1635 5009 1711 5094 ‘m
1726 5009 1864 5053 casu
1877 5002 1978 5054 ete.
2089 4986 2297 5069 piebat
2321 4990 2402 5050 ab
2429 5008 2649 5063 onere,
2676 4996 2741 5051 et
2770 4988 2856 5051 sic
2882 4988 3046 5071 quod
3074 4986 3189 5051 bac
3215 4988 3291 5062 de
3316 5005 3495 5050 causa
3535 4986 3650 5050 Sa-

540 5171 695 5225 aser·
718 5170 799 5226 co
766 5188 918 5243 σῳ
948 5190 1106 5244 respo
1072 5174 1259 5227 oiudt:

608 5256 902 5333 Negatioe,
938 5272 994 5316 et
1020 5261 1276 5334 amplius.

830 5663 1017 5703 ιιιιιιυ
1078 5667 1171 5704 xiv
1227 5668 1372 5710 ross.
1412 5657 1548 5711 ΧΠ.1

2086 5100 2191 5169 cra
2243 5064 2643 5165 congregatio
2671 5082 2894 5166 jussit,
2924 5083 3088 5164 quod
3119 5079 3415 5163 particula
3464 5079 3647 5163 legati

2091 5162 2636 5251 transmitteretur,
2679 5178 2844 5259 quod
2908 5177 3152 5240 demum
3201 5174 3647 5259 negligentibus

2089 5269 2439 5345 Francisco,
2502 5279 2562 5333 et
2610 5270 2891 5335 Ortensio
2943 5252 3276 5353 particulae
3330 5268 3645 5332 transmis-

2065 5358 2354 5437 ¹sionem,
2408 5366 2749 5448 iisdemque
2797 5364 3051 5429 subdole
3084 5362 3449 5427 instantibus
3482 5362 3646 5443 apud

2089 5458 2454 5540 Episcopum
2487 5480 2600 5542 pro
2628 5460 2979 5525 reductione
3013 5460 3089 5524 ad
3121 5457 3387 5522 tramites
3421 5455 3644 5520 decreti

2089 5551 2235 5614 editi
2269 5550 2367 5616 die
2397 5558 2491 5616 14.
2515 5554 2683 5617 Junii
2721 5559 2892 5618 1670.
2924 5554 3255 5637 Episcopus
3272 5558 3515 5653 propter
3544 5549 3653 5613 in-·

3076 5666 3150 5719 46
