4393 6299
1675 554 2135 626 Quzns'rio
2207 554 2387 611 cnm.

430 716 696 773 mantem
723 757 738 780 ‚
767 715 825 771 et
856 705 1267 770 consulentem
1298 726 1408 790 pro
1451 707 1798 771 reductione
1819 708 1969 770 Mis-

432 824 635 866 sarum
664 851 681 875 ,
713 802 1015 886 proposita
1040 801 1157 867 fuit
1195 802 1455 885 Capituli
1492 803 1775 867 instantia
1812 803 1970 868 inter

430 898 773 960 Summaria
798 917 1066 978 precum,
1087 897 1190 959 sed
1212 897 1474 959 Antonio
1496 897 1807 979 Arnolpho
1829 917 1972 960 exo·

432 1000 627 1066 rante,
657 1001 724 1052 ut
748 991 863 1052 sibi
897 990 1341 1071 permitteretur
1358 1010 1467 1053 sua
1487 993 1627 1074 jura
1654 990 1968 1066 deducere,

430 1104 782 1167 responsum
809 1084 926 1145 fuit
948 1085 1110 1165 quod
1137 1083 1329 1146 Causa
1356 1091 1680 1165 poneretur
1708 1084 1772 1145 in
1798 1084 1965 1147 folio.

535 1183 628 1242 Ex
649 1178 905 1261 supplici
927 1178 1133 1241 libello
1156 1187 1300 1241 tunc
1321 1179 1400 1241 ab
1420 1178 1682 1242 Antonio
1700 1179 1972 1241 exhibito

430 1275 746 1338 deducitur
774 1323 791 1346 ‚
822 1276 950 1356 ejus
993 1273 1450 1337 fundamentum
1483 1293 1594 1355 pro
1626 1273 1974 1338 reductione

428 1370 777 1451 deneganda
808 1369 1130 1432 consistere
1152 1370 1525 1452 potissimum
1555 1369 1616 1429 in
1641 1369 1776 1443 hoc,
1811 1373 1969 1451 quod

428 1467 630 1546 agitur
661 1465 737 1526 de
765 1465 961 1526 Missis
992 1484 1098 1546 per
1129 1472 1500 1527 contractum
1528 1465 1878 1545 acceptatis,
1908 1466 1970 1526 in

429 1558 653 1639 quibus
700 1559 882 1621 Sacra
926 1557 1075 1619 haec
1122 1557 1515 1640 Congregatio
1564 1559 1974 1622 reductionem

432 1652 756 1736 concedere
804 1672 920 1713 non
949 1650 1295 1724 consuevit,
1322 1659 1382 1714 et
1408 1650 1601 1713 multo
1622 1653 1812 1733 magis
1836 1672 1975 1714 cum

434 1737 773 1810 &tractus
801 1744 984 1806 fuerit
1009 1744 1346 1806 executioni
1372 1745 1688 1807 mandatus
1716 1764 1820 1826 per
1849 1746 1975 1807 lon·

435 1840 746 1922 gissimum
777 1839 1062 1920 temporis
1084 1839 1367 1919 spatium,
1403 1849 1618 1902 etcum
1641 1840 1809 1902 nulla
1832 1859 1971 1902 con-

443 1934 644 2016 tigerit
669 1934 1029 2005 immutatio,
1056 1954 1131 1995 ex
1154 1952 1276 2015 quo
1305 1934 1512 1996 eadem
1532 1954 1791 2009 summa,
1820 1956 1977 2017 quae

430 2031 514 2093 ab
528 2030 709 2094 'initio
729 2031 789 2091 in
819 2041 1056 2111 pactum
1091 2028 1207 2091 fuit
1229 2030 1503 2104 deducta,
1526 2037 1594 2091 ut
1619 2030 1974 2104 solveretur,

432 2143 669 2204 semper
697 2123 814 2186 fuit
841 2123 1179 2206 persoluta,
1216 2131 1276 2185 et
1315 2124 1377 2185 in
1410 2124 1708 2206 praesenti
1750 2125 1977 2206 persol-

437 2218 630 2280 vitur.

549 2312 786 2392 Excipit
813 2331 849 2374 e
873 2320 1081 2375 contra
1107 2312 1453 2392 Capitulum
1482 2362 1498 2384 ,
1542 2312 1706 2394 quod
1738 2321 1976 2376 contra·

429 2414 558 2467 ctus
578 2415 665 2468 est
692 2406 768 2466 ad
807 2406 1189 2486 iniquitatem
1215 2408 1490 2469 redactus
1517 2453 1533 2480 ‚
1567 2416 1626 2469 et
1656 2406 1732 2469 ad
1764 2406 1977 2468 laesio·

429 2520 567 2564 nem
601 2501 1113 2573 enormissimam,
1151 2502 1213 2561 in
1245 2520 1369 2582 quo
1416 2520 1619 2563 rerum
1642 2510 1801 2563 statu
1829 2520 1983 2562 nun·-

429 2615 612 2676 quam
636 2596 965 2677 denegatur
992 2597 1261 2658 reductio
1287 2646 1303 2668 ,
1352 2597 1535 2659 etiam
1562 2598 1609 2657 si
1660 2615 1753 2658 res
1780 2596 1860 2658 sit
1905 2596 1980 2660 de

431 2691 627 2753 Missis
658 2711 765 2771 per
787 2698 1155 2753 contractum
1179 2692 1529 2772 acceptatis3
1555 2710 1664 2772 pro
1688 2690 1829 2753 solis
1855 2700 1977 2754 ete-

433 2785 557 2846 nim
586 2785 767 2846 scutis
800 2784 996 2847 tribus
1022 2830 1039 2858 ,
1068 2793 1129 2848 et
1150 2786 1351 2848 obulis
1380 2794 1515 2848 octo
1541 2785 1888 2867 Capitulum
1916 2806 1979 2848 se

443 2879 734 2960 obligavit
779 2879 851 2941 ad
896 2878 1358 2942 celebrationem
1415 2880 1600 2942 trium
1658 2882 1979 2943 Missarum

437 2971 966 3034 hebdomadalium
989 3019 1007 3046 ,
1033 2991 1156 3036 una
1185 2993 1320 3035 cum
1357 2975 1539 3036 Missa
1576 2974 1825 3037 solemni
1855 3023 1870 3046 ,
1921 2983 1980 3038 et

437 3065 648 3128 Officio
679 3074 1079 3140 mortuorum,
1107 3068 1351 3148 quando
1372 3068 1748 3152 eleemosyna
1768 3069 1982 3132 Missae

434 3163 732 3224 manualis
748 3172 835 3225 est
858 3163 1039 3224 unius
1063 3163 1202 3244 julii
1226 3182 1336 3244 pro
1358 3164 1652 3245 qualibet,
1685 3166 1772 3227 uti
1795 3184 1979 3245 supra

441 3255 666 3316 dictum
696 3255 831 3330 fuit,
869 3275 987 3316 non
1021 3257 1381 3336 computatis
1412 3258 1795 3331 utensilibus,
1827 3258 1980 3323 itaut

434 3360 594 3411 scuta
628 3355 721 3410 16.
744 3363 793 3409 et
813 3352 970 3410 obuli
990 3355 1086 3411 δι).
1124 3351 1515 3432 requirantur
1541 3371 1650 3432 pro
1683 3352 1977 3415 dictarum

436 3444 755 3505 Missarum
784 3444 1206 3519 celebratione,
1231 3464 1341 3508 nec
1367 3464 1490 3507 non
1517 3464 1629 3527 pro
1646 3447 1831 3533 Missa
1847 3466 1983 3509 can-

436 3545 558 3599 tata
576 3580 593 3597 .
666 3563 671 3567 ’
1378 3564 1379 3567 ’
1418 3566 1421 3569 ’

554 3632 668 3694 His
688 3631 985 3695 stantibus
1007 3679 1024 3705 ,
1053 3620 1393 3713 quaeritur:

550 3727 678 3799 An,
707 3739 757 3789 et
789 3728 1056 3808 quomodo
1084 3730 1159 3789 sit
1200 3727 1465 3807 facienda
1491 3728 1740 3790 reductio
1766 3727 1981 3791 Missa-

433 3808 563 3882 νἰιιιι
592 3823 657 3882 in
681 3842 818 3883 casu
841 3832 943 3883 etc.

543 4010 695 4062 Sacra
722 4011 917 4079 Congr.
947 4011 1034 4062 die
1059 4010 1150 4064 21.
1171 4010 1371 4079 Aprilis
1400 4010 1554 4063 1720.
1582 4012 1887 4078 respondit:

574 4152 577 4153 a
615 4100 732 4152 Pro
769 4097 1089 4152 reductione
1123 4099 1200 4152 ad
1235 4101 1545 4151 manualem
1563 4141 1581 4166 ,
1613 4099 1789 4153 deleta
1816 4097 1988 4153 nina

398 4185 687 4252 solemni,
714 4197 768 4239 e!
792 4184 970 4240 deleto
1007 4185 1221 4256 Officio
1247 4188 1618 4242 Mortuerum.

907 4379 1268 4455 QUAESTlo
1310 4379 1516 4443 CLIV.

428 4510 551 4627 *In
580 4564 775 4629 cama
799 4565 1173 4629 Praenestina
1202 4566 1674 4642 Jurisdictionie,
1716 4567 1805 4629 dio
1841 4571 1941 4627 27.

434 4678 555 4717 ι·ιὼ
660 4724 667 4737 ,
728 4666 765 4711 „4
798 4690 825 4701 ν
882 4670 919 4693 ‘¹'
985 4662 1211 4743 Aprilis
1244 4666 1453 4777 1729·

428 4810 431 4811 γ
522 4776 579 4823 ιιι
632 4806 639 4817 ,
674 4788 683 4805 2
726 4792 759 4805 ,ι
1492 4788 1493 4793 =

430 4696 790 4910 Promotou·
810 4798 1056 4910 Fiscalis
1089 4806 1305 4910 Curiae
1327 4847 1695 4929 Episcopalis
1724 4848 1974 4910 Praene-

436 4941 631 5003 stinae
651 4941 992 5015 contendit,
1016 4942 1546 5024 jurisdictionem
1527 4961 1591 5002 ιιι
1615 4940 2023 5004 Monasterio

432 5035 504 5096 S.
533 5035 765 5097 Mariae
786 5035 1153 5117 Angelorum
1176 5036 1368 5097 dictae
1385 5036 1661 5098 Civitatis
1681 5036 1982 5117 pertinere

434 5128 515 5189 ad
554 5128 1114 5190 Eminentissimum
1157 5128 1588 5200 Ordinarium,
1630 5137 1691 5190 et
1736 5149 1856 5191 non
1901 5128 1977 5191 ad

444 5221 1005 5285 Eminentissimum
1036 5221 1416 5285 Cardinalem
1447 5221 1593 5284 dicti
1630 5221 1981 5286 Monasterii

434 5315 879 5379 Protectorem.
1180 5344 1185 5351 *
1732 5366 1737 5373 .

434 5400 537 5465 ⁴3>
544 5411 977 5481 Fundamenta
1002 5366 1371 5473 Promotoris
1398 5362 1644 5472 Fiscalis
1684 5416 1826 5471 sunt
1870 5429 1973 5483 ea,

434 5508 597 5586 qnae
624 5516 994 5587 sequuntur.
1025 5505 1299 5568 Primum
1322 5505 1704 5569 constituitur
1732 5505 1795 5566 in
1818 5505 1975 5587 juris

3368 560 3471 613 1¹1⁸

2080 707 2505 789 dispositione,
2545 711 2721 791 juxta
2762 726 2948 789 quam
2990 707 3193 770 omnia
3218 754 3235 781 ,
3277 716 3339 772 et
3384 709 3622 792 singula

2080 803 2442 865 Monasteria
2470 812 2595 864 tum
2627 803 2940 874 Virorum,
2973 811 3098 864 turn
3124 804 3452 866 Mulierum
3478 807 3623 867 sub-

2077 897 2305 959 duntur
2317 897 2721 980 jurisdictioni
2737 896 3123 971 Ordinariae,
3143 898 3255 960 nisi
3271 898 3630 962 auctoritate

2076 990 2400 1073 apostolica
2427 992 2759 1072 probentur
2802 1001 3077 1073 exempta
3094 1035 3111 1052 .

2194 1085 2536 1147 Secundum
2559 1086 2621 1146 in
2651 1085 3003 1148 fundatione
3030 1085 3373 1148 Monasterii
3399 1088 3461 1149 S.
3495 1090 3626 1151 Ma*-

2078 1175 2207 1239 riae
2232 1178 2600 1260 Angelorum
2623 1225 2641 1252 ,
2676 1178 2751 1240 de
2771 1199 2895 1259 quo
2931 1200 3090 1241 nunc
3116 1180 3340 1261 agitur;
3373 1181 3447 1243 ad
3480 1201 3624 1264 sup-

2079 1271 2461 1351 plicationem
2507 1273 2729 1335 etenim
2775 1273 2923 1335 Julii
2972 1273 3240 1336 Caesaris
3289 1274 3621 1340 Columnae

2082 1365 2607 1429 Praenestinorum
2648 1368 2971 1450 Principis,
2998 1368 3333 1430 Cardinalis
3379 1370 3618 1433 Marcus

2080 1461 2376 1522 Antonius
2398 1462 3132 1540 ColumnagPraenestinus
3149 1463 3473 1545 Episcopus
3489 1484 3626 1527 con-

2081 1554 2254 1615 cessit
2272 1554 2573 1618 licentiam
2598 1574 2706 1636 pro
2719 1557 3018 1618 erectione
3044 1559 3333 1639 ejusdem,
3356 1559 3459 1620 sed
3482 1576 3621 1620 cum

2082 1649 2365 1729 explicita
2412 1650 2756 1713 conditione
2780 1695 2798 1724 ,
2842 1652 3004 1731 quod
3048 1653 3516 1727 Monasterium,
3564 1665 3625 1718 et

2084 1741 2378 1805 Moniales
2411 1762 2538 1805 esse
2564 1743 2852 1807 deberent
2878 1746 2993 1806 sub
3020 1766 3165 1809 cura
3187 1792 3204 1821 ,
3240 1747 3582 1810 visitatione
3608 1796 3626 1819 ,

2083 1838 2453 1900 correctione
2476 1887 2491 1909 ,
2522 1838 2820 1919 gubernio
2845 1887 2862 1911 ,
2893 1847 2952 1902 et
2977 1841 3398 1920 superioritate
3444 1841 3631 1922 ipsius

2083 1931 2454 2006 Cardinalis,
2478 1941 2537 1995 et
2565 1952 2675 2014 pro
2717 1940 2983 2016 tempore
3007 1935 3318 1998 existentis
3352 1936 3628 2018 Episcopi

2081 2025 2452 2089 Praenestini
2482 2073 2498 2102 ,
2523 2027 2866 2107 quinimmo
2893 2048 3030 2091 cum
3062 2037 3205 2091 tunc
3236 2031 3458 2093 erectio
3498 2033 3629 2093 Mo·

2082 2120 2328 2181 nasterii
2358 2141 2473 2182 non
2495 2120 2681 2183 fuerit
2696 2122 3033 2184 executioni
3060 2124 3366 2198 mandata,
3390 2134 3450 2187 et
3470 2124 3631 2187 idem

2083 2213 2437 2276 Franciscus
2484 2216 2766 2297 Princeps
2791 2217 3083 2281 Columna
3122 2237 3309 2279 novas
3343 2237 3454 2298 pro
3499 2239 3632 2281 ere-

2083 2308 2281 2371 ctione
2301 2309 2648 2373 exhibuerit
2668 2309 2869 2391 preces
2890 2331 3007 2374 sac.
3038 2331 3215 2373 mem.
3236 2313 3420 2375 Paulo
3439 2313 3630 2388 Quin-

2083 2408 2144 2463 to
2170 2449 2187 2473 ,
2219 2403 2496 2466 Pontifex
2525 2404 2742 2470 nedum
2777 2407 3136 2486 approbavit
3161 2407 3519 2468 erectionem
3550 2408 3626 2470 ad

2084 2495 2342 2562 formam
2363 2499 2758 2561 concessionis
2785 2501 3204 2579 praecedenter
3225 2502 3503 2563 obtentae
3525 2521 3631 2582 per

2083 2611 2381 2673 organum
2442 2592 2782 2656 Cardinalis
2831 2594 3107 2676 Episcopi
3139 2644 3154 2665 ‚
3213 2596 3316 2657 sed
3378 2596 3634 2658 ulterius

2070 2687 2447 2750 'Monasterio
2474 2688 2758 2771 erigendo
2798 2688 3125 2751 Ecclesiam
3168 2685 3229 2751 S.
3285 2690 3515 2752 Mariae
3555 2691 3631 2752 de

2085 2781 2298 2843 Trullo
2324 2829 2341 2856 ,
2387 2801 2545 2863 quae
2592 2791 2722 2845 erat
2755 2784 2829 2845 de
2861 2784 3361 2863 Jurepatronatus
3409 2804 3634 2848 memo-

2087 2877 2203 2939 rati
2238 2876 2533 2957 Principis
2559 2924 2575 2950 ,
2631 2877 2832 2939 univit
2865 2923 2879 2950 ,
2938 2878 3190 2958 repetita
3236 2879 3579 2941 conditione
3607 2925 3625 2952 ,

2087 2971 2249 3051 quod
2266 2970 2558 3033 Moniales
2578 2980 2862 3053 perpetuo
2883 2991 3194 3036 remanere
3213 2973 3501 3036 deberent
3521 2975 3634 3036 snb

2084 3084 2265 3136 cura,
2293 3065 2658 3140 visitatione,
2692 3067 3092 3139 correctione,
3129 3076 3187 3130 et
3214 3068 3637 3147 superioritate

2087 3160 2278 3240 ipsius
2303 3160 2637 3232 Ordinarii,
2663 3178 2820 3241 quae
2840 3162 3050 3225 eadem
3067 3162 3332 3223 conditio
3361 3164 3630 3243 apposita

2084 3254 2268 3316 etiam
2300 3254 2416 3316 fuit
2438 3255 2501 3315 in
2523 3254 2818 3317 sententia
2853 3254 2975 3318 lata
3001 3274 3038 3319 a
3074 3254 3316 3317 Vicario
3352 3256 3634 3319 Generali

2087 3348 2479 3411 Praenestino
2499 3356 2789 3428 tanquam
2814 3348 3098 3430 Delegato
3125 3348 3464 3428 Apostolico
3483 3396 3500 3424 ,
3528 3370 3630 3412 su-

2086 3462 2193 3523 per
2219 3442 2422 3505 valida
2445 3488 2462 3516 ‚
2491 3452 2551 3504 et
2571 3442 2839 3523 legitima
2869 3442 3267 3518 institutione,
3297 3450 3357 3505 et
3382 3444 3634 3507 erectim

2087 3555 2163 3596 ne
2193 3535 2569 3597 Monasterii.
3303 3560 3306 3565 ·

2203 3629 2473 3691 Tertium
2504 3627 2963 3691 fundamentum
2982 3629 3318 3692 desumitur
3339 3631 3418 3693 ab
3436 3632 3635 3695 obser-

2082 3721 2314 3797 vantia;
2332 3722 2467 3784 licet
2487 3724 2651 3785 enim
2673 3722 2906 3797 Summi
2932 3722 3247 3785 Pontifices
3266 3725 3633 3789 Monasterio

2082 3816 2150 3881 S.
2195 3818 2425 3879 Mariae
2472 3817 2842 3898 Angelorum
2883 3820 3248 3880 Protectores
3293 3818 3637 3901 assignave-

2088 3910 2215 3973 rint
2242 3956 2259 3985 ,
2309 3910 2617 3974 Ordinarii
2664 3910 3060 3973 nihilominus
3113 3930 3234 3972 non
3280 3912 3637 3976 destiterunt

2088 4022 2262 4065 suam
2294 4005 2357 4065 in
2380 4024 2452 4067 eo
2483 4022 2760 4066 exercere
2779 4004 3291 4085 jurisdictionem,
3322 4013 3451 4066 tum
3480 4005 3634 4069 illud

2089 4097 2431 4171 visitando,
2464 4106 2590 4158 tum
2630 4097 3022 4177 approbando
3066 4105 3406 4160 contractus
3435 4099 3496 4159 in
3539 4119 3634 4162 se-

2088 4191 2331 4269 quelam
2384 4191 2814 4274 rescriptorum
2869 4192 3085 4256 Sacrae
3140 4191 3633 4274 Congregationis

2088 4283 2560 4366 Episcoporum,
2607 4292 2669 4347 et
2718 4285 3156 4365 Regularium,
3212 4304 3371 4367 quae
3421 4306 3633 4349 eorum

2087 4379 2501 4440 executionem
2532 4377 2828 4442 commisit
2860 4398 2978 4440 non
3024 4378 3448 4441 cardinalibus
3487 4381 3634 4441 Pro-

2088 4473 2447 4545 tectoribus,
2481 4474 2584 4534 sed
2609 4473 2702 4535 vel
2726 4472 3149 4535 Cardinalibus
3175 4473 3506 4609 Episcopis,
3537 4473 3631 4535 vel

2091 4585 2304 4628 eorum
2331 4566 2620 4629 vicariis.

2206 4659 2509 4733 Quartum
2547 4667 2664 4722 stat
2699 4657 3160 4724 fundamentum
3203 4656 3269 4718 in
3316 4656 3446 4732 his,
3477 4646 3635 4738 quae

2081 4752 2222 4835 jure
2247 4753 2519 4835 delegato
2546 4753 2960 4815 conceduntur
3003 4752 3346 4814 Ordinariis
3385 4771 3420 4814 a
3450 4753 3633 4815 Sacro

2084 4845 2357 4907 Concilio
2391 4846 2745 4908 Tridentino
2773 4847 2921 4907 ἕως.
2968 4851 3066 4907 25.
3099 4846 3164 4907 de
3189 4846 3461 4923 Reqular.
3502 4866 3626 4926 capa

2088 4946 2145 5000 5.
2179 4940 2338 5003 circa
2360 4940 2702 5003 clausuram
2727 4939 3109 5012 Monialium,
3139 4945 3199 4999 et
3227 4938 3306 4999 ab
3331 4938 3467 4999 aliis
3485 4939 3636 5001 Con·-

2085 5033 2503 5096 stitutionibus
2527 5033 2915 5114 Apostolicis,
2946 5041 3007 5095 et
3032 5033 3352 5094 Sacrarum
3380 5031 3634 5114 Congre-

2086 5126 2399 5209 gationum
2425 5127 2752 5209 rescriptis,
2776 5147 2896 5189 non
2924 5127 3200 5190 obstante
3225 5124 3408 5187 etiam
3432 5127 3637 5189 Mona·

2084 5221 2405 5283 steriorum
2436 5223 2838 5303 exemptione;
2865 5221 3103 5282 Titulus
3120 5218 3342 5282 etenim
3363 5218 3630 5302 Delegati

2085 5315 2506 5396 superadditus
2528 5335 2565 5378 a
2591 5316 2773 5378 Sacro
2801 5314 3068 5377 Concilio
3099 5312 3454 5375 Tridentino
3506 5310 3627 5376 non

2086 5410 2192 5473 dat
2221 5411 2563 5473 Ordinariis
2595 5411 3076 5493 jurisdictionem
3120 5426 3339 5469 novam
3365 5452 3382 5481 ,
3411 5407 3514 5473 sed
3541 5417 3630 5471 est

2087 5503 2444 5568 excitativus
2489 5506 2808 5588 antiquae,
2833 5511 2892 5568 et
2916 5499 3368 5585 praeexistentis
3392 5544 3412 5575 ,
3447 5510 3504 5565 et
3534 5501 3628 5563 in·-
