4393 6299
925 565 1025 616 108

741 717 866 790 vit,
900 716 1123 778 relictis
1156 714 1387 775 diicatis
1418 717 1590 774 1000.
1625 712 1686 772 in
1719 710 2011 772 fabricam
2063 708 2296 788 impen-

744 811 989 886 condis,
1019 821 1079 872 et
1111 810 1249 870 aliis
1269 810 1362 870 bis
1393 808 1558 868 mille
1588 825 1696 887 pro
1724 806 1884 875 dote,
1918 822 2111 882 eaque
2128 803 2294 884 adje-

742 918 832 967 cta
861 904 1237 976 conditione,
1276 912 1343 963 ut
1370 902 1417 962 si
1448 899 1683 981 aliquid
1728 905 2095 978 superesset,
2126 897 2293 957 dem-

740 1002 860 1081 ptis
881 998 1212 1078 Hospitalis
1226 996 1524 1078 expensis,
1547 1002 1898 1075 erogaretur
1918 991 2298 1072 singulisan-

744 1093 841 1154 nis
863 1093 925 1153 in
945 1092 1313 1153 dotationem
1336 1108 1672 1170 pauperum
1695 1086 2068 1154 Puellarum,
2093 1104 2300 1147 suum·

742 1206 865 1268 que
890 1186 1101 1248 babuit
1130 1185 1405 1246 fundatio
1428 1182 1935 1264 complementum
1957 1199 2138 1260 opera
2171 1181 2298 1240 Du-

743 1280 930 1341 cissae
944 1281 1261 1350 Robertae,
1278 1296 1437 1357 quae
1459 1286 1592 1356 post
1607 1275 1839 1337 obitum
1861 1274 2044 1334 Ducis
2064 1272 2301 1334 Diome·

745 1374 839 1435 dis
862 1374 995 1435 Viri
1020 1374 1242 1435 nedum
1271 1391 1409 1434 suas
1442 1371 1602 1433 circa
1621 1390 1851 1432 annum
1886 1374 2059 1430 1566.
2092 1376 2303 1430 contu·

745 1468 817 1530 lit
850 1487 1022 1548 opes,
1058 1469 1158 1528 sed
1194 1467 1529 1546 impetratis
1561 1485 1597 1527 a
1634 1465 1889 1526 Summo
1914 1461 2206 1525 Pontifice
2235 1461 2297 1523 S.

747 1563 856 1624 Pio
874 1564 951 1623 V.
980 1562 1174 1624 literis
1195 1562 1256 1622 in
1278 1562 1474 1623 forma
1503 1560 1711 1622 Brevis
1732 1579 1841 1639 pro
1862 1559 2088 1621 unione
2109 1560 2304 1640 cujus-

749 1658 887 1720 dam
935 1658 1225 1738 antiquae
1268 1655 1567 1718 Ecclesiae
1617 1656 1685 1715 B.
1736 1654 1969 1716 Mariae
2026 1651 2303 1734 Virginis

747 1753 812 1813 dc
839 1753 1330 1822 Raccomandatis‚
1350 1759 1540 1813 certas
1562 1770 1672 1833 pro
1700 1749 1995 1832 regimine
2017 1747 2303 1828 Hospita·

746 1847 823 1908 lis
870 1847 1195 1928 approbari
1243 1845 1568 1926 apostolica
1626 1846 1982 1908 auctoritate
2035 1842 2305 1903 obtinuit

748 1942 940 2024 legeS,
979 1952 1032 2004 et
1068 1941 1468 2022 potissimum,
1509 1952 1574 2003 ut
1606 1960 1642 2002 a
1673 1961 1767 2013 se,
1798 1940 2043 2020 suisque
2071 1957 2303 2000 succes-

747 2038 1021 2108 soribus,
1058 2037 1179 2097 duo
1214 2045 1318 2097 aut
1365 2045 1483 2097 tres
1516 2035 1818 2096 nominari
1856 2043 2091 2115 possent
2127 2033 2302 2093 AEco-

747 2132 912 2191 nomi
941 2178 957 2201 ,
1006 2132 1084 2192 ab
1116 2131 1444 2192 Ordinatio
1479 2140 1677 2192 tamen
1728 2128 2108 2211 approbandi
2144 2176 2156 2195 .
2194 2126 2301 2207 qui

1909 532 2361 622 oufes‘rtoNJ-:s
2419 553 2789 607 canonum-s

2410 707 2485 767 ad
2516 707 2695 766 finem
2730 705 2914 766 suerit
2941 705 3018 765 ab
3049 702 3176 783 ipsa
3215 702 3500 784 perducta
3527 748 3542 775 ,
3597 701 3747 764 adeo
3783 709 3849 765 ut
3879 702 3957 766 de

2405 822 2566 864 anno
2599 807 2771 863 1688.
2813 799 3105 862 Mouiales
3126 800 3349 860 Terrae
3377 796 3570 861 Cereti
3598 798 3957 861 Thelesinae

2404 895 2703 958 Dioecesis
2726 941 2744 969 ,
2780 903 2924 957 tunc
2949 893 3294 974 impellente
3321 900 3718 955 terraemotus
3746 893 3956 974 flagel-

2403 990 2496 1064 lo,
2527 991 2726 1063 facile,
2756 998 2816 1051 et
2836 987 3147 1051 commode
3172 987 3332 1049 intra
3373 996 3538 1067 septa
3566 988 3711 1049 novi
3741 988 3956 1049 Mona-

2406 1085 2569 1146 sterii
2596 1105 2658 1146 se
2681 1085 2967 1165 recipere,
3000 1091 3059 1144 et
3079 1083 3153 1144 ad
3174 1082 3555 1161 septennium
3584 1102 3779 1162 usque
3803 1082 3864 1142 in
3885 1095 3958 1144 eo

2406 1180 2766 1241 commorari
2817 1178 3159 1248 valuerint,
3206 1177 3405 1240 delata
3444 1177 3751 1248 modernis
3797 1178 3960 1241 hisce

2410 1275 2781 1356 temporibus
2825 1272 2912 1335 rei
2944 1272 3265 1335 familiaris
3309 1272 3833 1335 administratione
3880 1273 3960 1336 ad

2408 1371 2718 1432 Ducissam
2744 1368 3071 1431 Carlottam
3094 1368 3453 1430 Columnam
3478 1377 3753 1440 matrem,
3779 1368 3960 1431 tutri-

2410 1484 2571 1538 cem,
2601 1473 2661 1527 et
2714 1463 2978 1546 bajulam
3009 1463 3288 1525 hodierni
3340 1463 3524 1525 Ducis
3564 1463 3913 1545 Magdaluni
3939 1509 3959 1538 ,

2408 1559 2874 1639 adinventisque
2919 1559 2982 1619 in
3026 1557 3350 1619 domestico
3399 1557 3688 1619 Archivio
3735 1556 3963 1620 tabulis

2409 1654 2899 1717 Testamentariis
2922 1653 3230 1715 Diomedis
3255 1652 3528 1715 Caraffae
3553 1652 3917 1715 Fundatoris
3939 1697 3958 1727 ,

2410 1768 2522 1811 nec
2550 1770 2669 1812 non
2716 1750 2934 1811 litteris
2962 1747 3317 1828 Apostolicis
3359 1747 3421 1808 S.
3459 1747 3549 1808 Pii
3594 1746 3671 1806 V.
3707 1747 3799 1828 agi
3829 1766 3965 1808 coe·

2409 1852 2579 1925 ptum
2612 1854 2700 1905 est
2726 1844 2800 1905 de
2828 1843 3008 1904 rebus
3034 1840 3465 1921 componendis
3490 1840 3568 1902 ad
3612 1840 3835 1903 limites
3860 1858 3962 1902 ae·

2412 1939 2683 2020 quitatis,
2711 1947 2894 2018 atque
2917 1937 3208 2019 justitiae.

2532 2033 2600 2094 ln
2618 2033 2799 2115 hujus
2818 2033 3024 2112 itaque
3041 2030 3393 2094 intentionis
3410 2031 3823 2092 executionem
3844 2037 3966 2091 tam

2415 2127 2718 2207 praedicta
2769 2126 3046 2199 Ducissa‚
3095 2145 3279 2206 quam
3328 2125 3598 2187 moderni
3640 2121 3970 2186 Oeconomi

744 2225 1001 2307 singulis
1028 2226 1237 2300 annis,
1280 2235 1398 2286 tam
1440 2226 1751 2299 Ducissae,
1797 2245 1980 2304 quam
2005 2225 2135 2304 ejus
2168 2242 2304 2282 suc·
2353 2230 2362 2313 j
2413 2222 2742 2302 Hospitalis
2766 2240 3074 2281 recursum
3098 2219 3447 2281 habuerunt
3466 2218 3542 2280 ad
3565 2217 3862 2279 Tribunal
3890 2219 3963 2277 R.

745 2309 1103 2390 cessori'bus,
1131 2328 1481 2380 tenerentur
1509 2320 1801 2380 rationem
1828 2317 2304 2379 administratio·
2355 2319 2363 2393 ξ
2408 2318 2738 2388 Fabricae,
2795 2315 3074 2394 factaque
3123 2314 3287 2374 fideli
3339 2312 3712 2393 expositione
3756 2329 3969 2373 eorum

747 2412 843 2473 nis
879 2413 1130 2474 reddere
1159 2432 1361 2474 coram
1391 2412 1753 2484 Ordinatio,
1790 2421 1850 2473 et
1881 2411 2041 2492 quod
2076 2411 2304 2470 exube·
2355 2399 2363 2510 ἶ
2414 2411 2723 2482 omnium,
2752 2429 2908 2489 quae
2944 2411 3004 2470 in
3036 2410 3424 2488 praeteritum
3450 2415 3774 2468 evenerant
3809 2405 3969 2468 circa

743 2516 947 2569 rantes
970 2507 1199 2569 reditus
1228 2506 1560 2588 Hospitalis
1580 2514 2078 2568 converterentur
2110 2507 2172 2564 in
2207 2504 2304 2565 do·
2355 2541 2364 2606 ξ
2418 2506 2640 2567 malam
2668 2505 2971 2566 redituum
2993 2504 3323 2585 Hospitalis
3344 2501 3929 2564 administrationem
3948 2544 3966 2572 ,

747 2610 838 2663 tes
889 2601 1239 2662 Puellarum
1289 2602 1504 2681 nuptui
1560 2601 1990 2662 tradendarum
2015 2645 2031 2672 ,
2085 2608 2186 2660 aut
2240 2599 2302 2658 in
2356 2615 2363 2663 :
2413 2612 2472 2662 et
2528 2602 2727 2662 minus
2784 2619 3112 2681 congruam
3181 2619 3391 2661 eorum
3459 2596 3924 2677 applicationem
3947 2642 3966 2666 ,

745 2696 1137 2776 Captivorum
1166 2698 1661 2777 redemptionem,
1684 2705 1792 2757 aut
1812 2696 2054 2756 demum
2082 2694 2143 2754 in
2166 2693 2307 2754 Car·
2413 2696 2700 2775 quodque
2723 2715 2866 2756 suae
2890 2693 3241 2755 intentionis
3271 2700 3401 2754 erat
3424 2691 3498 2753 de
3533 2691 3830 2752 fructibus
3867 2708 3971 2749 su-

748 2798 1091 2852 ceratorum
1123 2790 1486 2850 subsidium.
2416 2808 2522 2869 pra
2554 2790 2849 2850 investitis
2881 2788 3171 2856 fundare,
3210 2794 3393 2866 atque
3422 2786 3632 2847 dotare
3666 2785 3970 2847 Monaste-

868 2883 1169 2943 Fundatio
1217 2883 1364 2944 haec
1412 2883 1743 2964 Hospitalis
1780 2881 2108 2962 propitium
2136 2928 2152 2954 ,
2184 2881 2305 2941 uti·
2356 2917 2365 2952 2
2415 2884 2574 2944 rium
2602 2905 2710 2963 pro
2734 2883 3089 2964 recipiendis
3112 2872 3472 2962 Virginibus
3502 2884 3627 2941 Deo
3656 2878 3967 2952 dicendis,

745 2977 1023 3057 lemque,
1058 2986 1238 3057 prout
1263 2978 1490 3057 sperari
1528 2986 1791 3057 poterat,
1823 2997 1940 3037 non
1972 2977 2187 3037 habuit
2216 2973 2305 3036 ef·
2356 2957 2365 3006 ³
2415 2977 2663 3039 honesta
2693 2978 2768 3038 de
2794 2996 2959 3037 more
3001 2974 3356 3055 compositio
3385 2972 3538 3035 facta
3566 2981 3685 3044 est,
3717 2971 3894 3033 cessis
3934 2990 3972 3033 a

748 3070 1009 3143 sectum:
1036 3072 1210 3134 Cives
1231 3073 1454 3133 etenim
1486 3073 2022 3155 Magdalunenses,
2077 3071 2307 3151 aliique
2356 3130 2365 3161 ι
2417 3072 2667 3133 Fabrica
2686 3072 2931 3154 juribus
2973 3068 3540 3149 quomodocumque
3580 3067 3695 3128 sibi
3740 3085 3973 3146 compe-

749 3167 825 3228 ad
856 3169 986 3249 ejus
1012 3167 1371 3229 beneficium
1403 3169 1642 3230 invitati
1675 3168 1899 3249 probro
1931 3167 2303 3238 habuerunt,

750 3278 815 3322 se
839 3260 1139 3323 cut-'andos
1165 3262 1240 3323 ad
1270 3251 1496 3323 dictum
1544 3261 1859 3342 Hospitale
1896 3261 2173 3323 conferre
2199 3308 2213 3329 ,
2247 3267 2307 3321 et

749 3354 1017 3436 neglecta
1046 3355 1173 3417 fere
1203 3355 1433 3417 dotium
1464 3355 1922 3427 distributione,
1958 3375 2077 3415 non
2109 3355 2304 3415 solum

750 3448 1286 3511 Administratores
1314 3438 1572 3511 =omnem
1602 3470 1847 3530 operam
1896 3459 2201 3511 naverunt
2242 3450 2305 3510 in

752 3544 1006 3604 emendo
1057 3564 1213 3607 nova
1247 3564 1359 3625 pro
1399 3545 1698 3624 Hospitali
1736 3544 2013 3616 stabilia,
2045 3544 2202 3605 itaut
2241 3544 2307 3604 in

750 3656 944 3697 unum
967 3637 1260 3709 collectis„
1291 3649 1411 3699 tam
1446 3639 1617 3700 bonis
1646 3638 1876 3719 primae
1906 3638 2304 3710 fundationis,

751 3750 935 3811 quam
961 3731 1099 3792 aliis
1117 3732 1374 3793 subinde
1395 3733 1777 3811 comparatis,
1792 3752 2034 3794 annuus
2054 3734 2304 3807 reditus,

751 3834 899 3888 teste
927 3826 1220 3907 Episcopo
1248 3872 1264 3898 ,
1307 3829 1385 3887 sit
1420 3827 1480 3887 in
1533 3829 1765 3889 ducatis
1803 3834 1974 3889 1070.
2019 3828 2258 3890 circiter
2283 3873 2301 3903 ,

749 3921 853 3981 sed
880 3921 1044 4001 quod
1063 3921 1309 4003 gravius
1332 3930 1449 3993 est,
1494 3941 1629 3983 cum
1672 3922 1832 3984 circa
1862 3942 2092 3984 annum
2125 3928 2301 3984 1638.

751 4014 1087 4095 irrepsisset
1133 4016 1372 4096 opinio,
1426 4018 1588 4096 quod
1628 4018 1891 4078 Ducibus
1941 4018 2308 4080 Fundatoris

751 4107 1145 4183 haeredibuS,
1176 4130 1287 4190 pro
1314 4128 1423 4171 suo
1451 4111 1729 4185 arbitrio,
1760 4121 1816 4172 et
1845 4111 2208 4173 conscientia
2242 4112 2304 4171 in

755 4202 907 4264 alios
926 4222 1070 4264 usus
1094 4204 1223 4283 pios
1254 4213 1489 4266 vertere
1510 4204 1716 4266 liceret
1741 4204 2000 4275 reditus,
2031 4206 2307 4267 substen-

756 4296 968 4359 tationi
1003 4296 1389 4358 infirmorum
1423 4300 1823 4360 exuberantes
1846 4344 1861 4371 ,
1894 4298 2064 4359 nulla
2101 4298 2306 4379 requi-

751 4390 865 4452 sita
890 4390 1128 4453 licentia
1150 4390 1484 4465 Ordinarii,
1508 4400 1615 4454 aut
1633 4392 1885 4455 alterius
1908 4392 2303 4454 Ecclesiastici

752 4484 1125 4565 Superioris,
1158 4487 1592 4566 permiserunt,
1645 4494 1714 4548 ut
1740 4487 1816 4550 ad
1850 4506 2061 4549 eorum
2094 4492 2310 4549 marius

754 4579 1109 4641 devenirent
1135 4581 1333 4643 ducati
1370 4586 1584 4643 11000.

875 4676 993 4737 Res
1026 4675 1139 4737 hoc
1178 4676 1352 4736 modo
1386 4696 1449 4737 se
1491 4675 1708 4737 habuit
1747 4695 1943 4757 usque
1968 4676 2045 4738 ad
2076 4696 2307 4738 annum

757 4773 932 4830 1660.
966 4788 1088 4849 quo
1129 4770 1515 4840 decurrente,
1556 4771 1819 4832 Antonia
1859 4771 2182 4832 Caraccioli
2232 4791 2309 4833 ex

752 4861 1139 4942 Principibus
1187 4864 1730 4926 Abellinatensium
1751 4912 1768 4936 ,
1831 4876 1974 4927 tunc
2026 4867 2310 4947 temporis

754 4956 1104 5038 Magdaluni
1132 4958 1397 5030 Ducissa‚
1425 4960 1640 5041 ignara
1657 5006 1674 5034 ,
1706 4959 1793 5022 uti
1818 4961 2063 5023 credere
2086 4962 2175 5023 fas
2196 4972 2305 5036 est,

750 5049 1128 5111 fundationis
1151 5051 1515 5132 Hospitalis,
1538 5061 1599 5115 et
1627 5072 1839 5115 eorum
1857 5100 1873 5126 ,
1905 5054 2144 5135 quaein
2177 5055 2309 5115 fun·

756 5143 1000 5205 datione
1047 5145 1547 5220 continebantur,
1582 5148 1817 5208 curavit
1865 5167 1941 5209 ex
1989 5148 2312 5228 superfluis

753 5240 883 5319 ejus
909 5238 1205 5301 reditibus
1254 5241 1517 5303 construi
1557 5242 1991 5304 Monasterium
2021 5262 2132 5323 pro
2166 5243 2310 5304 Vir·

755 5332 1001 5410 ginibus
1026 5335 1148 5395 Deo
1169 5335 1463 5408 dicandis3
1482 5354 1749 5415 cumque
1770 5337 1900 5417 ejus
1919 5337 2092 5399 obitu
2111 5338 2311 5399 subse-

754 5434 894 5486 cuto
916 5471 933 5498 ,
971 5446 1089 5487 non
1115 5428 1379 5508 amplius
1410 5428 1597 5491 fuerit
1621 5430 1948 5512 cogitatum
1976 5430 2050 5492 de
2080 5432 2310 5492 Monia·

751 5518 915 5580 libus
937 5520 1415 5597 introducendis,
1439 5543 1560 5584 non
1580 5525 1878 5597 obstante,
1898 5526 2061 5606 quod
2077 5526 2307 5588 fabrica

2417 3168 2704 3240 tentibuS,
2730 3167 2843 3227 sub
2872 3167 3121 3227 obtentu
3144 3162 3494 3245 perficiendi
3519 3171 3793 3241 coeptum
3821 3179 3972 3240 opus

2415 3261 2763 3321 Monasterii
2791 3281 2808 3333 3
2838 3278 3100 3340 cumque
3128 3277 3239 3338 pro
3269 3256 3544 3318 omnium
3579 3276 3783 3317 rerum
3808 3274 3972 3315 com-

2414 3355 2718 3435 plemento
2742 3401 2758 3428 ‚
2797 3354 3039 3415 Ducissa
3066 3351 3330 3414 Carlotta
3356 3398 3372 3425 ,
3407 3351 3819 3431 praedictique
3858 3348 3973 3411 ho-

2416 3451 2610 3511 dierni
2640 3449 2962 3511 Oeconomi
3001 3446 3333 3526 Hospitalis
3356 3445 3739 3507 Sanctissimo
3765 3443 3972 3504 Domi-

2415 3563 2495 3604 no
2517 3545 2731 3605 Nostro
2757 3542 3229 3624 supplicaverint
3252 3560 3362 3621 pro
3391 3539 3794 3620 applicatione
3814 3537 3973 3618 capi-

2417 3638 2654 3710 talium,
2683 3650 2742 3700 et
2764 3638 3116 3709 fundorum,
3142 3636 3247 3715 qui
3272 3634 3518 3696 fuerunt
3540 3633 3784 3713 quidem
3809 3652 3974 3693 com-

2417 3735 2609 3815 parati
2640 3754 2715 3795 ex
2755 3733 3054 3793 fructibus
3101 3728 3465 3809 Hospitalis,
3494 3728 3598 3789 sed
3627 3747 3701 3787 ex
3739 3727 3811 3787 iis
3841 3726 3976 3787 fru-

2417 3829 2635 3899 ctibus,
2666 3828 2770 3908 qui
2802 3827 2953 3889 alias
3001 3826 3063 3886 in
3108 3825 3276 3886 dotes
3307 3822 3660 3884 Puellarum
3701 3820 3974 3883 converti

2417 3922 2796 3992 debuissent,
2828 3932 2897 3983 ut
2925 3920 3143 3981 horum
3187 3916 3537 3998 capitalium
3588 3934 3702 3995 ope
3729 3913 3973 3978 fundari

2419 4017 2657 4089 valeat,
2691 4025 2749 4078 et
2783 4015 3044 4077 stabiliri
3097 4012 3533 4075 Monasterium
3577 4010 3973 4082 Monialium,

2416 4129 2526 4172 nec
2568 4129 2688 4172 non
2738 4129 2847 4189 pro
2873 4107 3316 4189 approbatione
3353 4103 3791 4165 nonnullarum
3821 4103 3977 4165 alia-

2418 4226 2553 4267 rum
2578 4205 2995 4267 conditionum
3014 4249 3031 4276 ,
3061 4221 3220 4283 quae
3245 4201 3308 4262 in
3336 4200 3571 4262 minuta
3590 4208 3836 4261 exarata
3859 4199 3974 4259 sub

2419 4301 2826 4362 reservatione
2844 4315 3120 4361 assensus
3141 4294 3465 4374 Apostolici
3499 4294 3826 4367 habentur,
3846 4311 3976 4374 pre-

2417 4415 2511 4456 ces
2536 4395 2611 4456 de
2630 4414 2801 4455 more
2822 4392 3073 4455 fuerunt
3093 4391 3170 4454 ad
3197 4391 3355 4452 hanc
3378 4390 3622 4451 Sacram
3644 4388 3977 4469 Congrege-

2422 4489 2645 4551 tionem
2674 4489 2978 4549 remissae.

2536 4583 2835 4663 Scriptum
2870 4581 2985 4642 suit
3012 4580 3307 4660 Episcopo
3339 4598 3449 4658 pro
3497 4573 3925 4637 informatione
3948 4619 3967 4644 ,

2418 4686 2476 4737 et
2510 4687 2651 4738 voto
2675 4698 2697 4744 ,·
2732 4694 2994 4756 cumque
3020 4676 3146 4754 ipse
3174 4672 3515 4744 censuerit,
3546 4668 3818 4750 petitioni
3847 4686 3973 4729 esse

2418 4772 2834 4844 annuendum,
2855 4780 2910 4830 et
2932 4789 3059 4831 esse
3078 4788 3235 4829 novo
3250 4764 3612 4827 Monasterio
3635 4761 3973 4824 faciendam

2418 4864 2881 4943 assignationem
2915 4865 3211 4924 bonorum
3232 4908 3246 4929 .
3276 4867 3460 4939 atque
3488 4856 3826 4928 redituum,
3853 4853 3971 4916 im·

2422 4960 2608 5039 posita
2639 4959 2833 5021 eidem
2876 4957 3247 5039 obligatione
3275 4951 3649 5033 expendendi
3705 4968 3815 5028 pro
3840 4968 3970 5010 ma-

2419 5072 2498 5112 nu
2509 5053 2771 5114 tentione
2790 5050 3122 5131 Hospitalis
3139 5095 3155 5121 ,
3179 5056 3478 5129 quatenus
3501 5042 3816 5105 necessitas
3838 5041 3971 5104 exi·

2420 5155 2550 5228 gat,
2580 5146 2852 5226 quolibet
2877 5165 3064 5215 anne,
3091 5143 3334 5203 ducatos
3356 5144 3492 5201 300.
3525 5137 3612 5198 uti
3638 5135 3831 5197 fusius
3849 5134 3971 5216 legi

2423 5250 2614 5323 potest
2638 5242 2704 5302 in
2731 5242 2863 5321 ejus
2890 5237 3182 5300 relatione
3198 5283 3213 5306 ,
3238 5254 3456 5315 operae
3478 5231 3736 5313 pretium
3761 5229 3970 5291 existi·

2423 5346 2649 5398 matum
2685 5335 2801 5396 fuit
2828 5352 2939 5417 pro
2965 5330 3238 5395 ulteriori
3271 5327 3543 5409 diligenti
3574 5325 3795 5407 negotii
3824 5344 3969 5385 exa—

2424 5432 2586 5493 mine
2611 5429 2765 5491 illud
2793 5428 3168 5490 committere
3193 5421 3684 5486 Eminentissimo
3711 5419 3973 5481 Domino

2423 5545 2554 5586 meo
2584 5522 2889 5586 Cardinali
2932 5521 3303 5591 Ptolomaeo,
3331 5527 3400 5578 ut
3445 5516 3800 5597 dignaretur
3839 5534 3965 5575 rem
