4393 6299
1001 494 1106 547 196

815 645 986 710 Unde
1003 651 1322 730 sequitur,
1338 649 1415 715 id
1448 667 1761 729 nunquam
1788 645 1988 709 valide
2020 645 2247 717 factum
2276 665 2368 708 88-

2020 488 2465 563 8888118888
2513 493 2871 549 8111881811

2479 648 2738 709 eundem
2762 648 3089 720 Vitricum,
3118 656 3179 707 et
3199 664 3451 709 uxorem
3474 643 3750 727 Privigni
3772 644 3899 719 sui·
3925 662 4035 709 1188

818 760 913 814 88,
943 750 1013 803 81
1028 743 1159 804 sine
1185 726 1426 824 speciali
1456 742 1566 804 Dei
1593 740 1974 804 concessione
2006 738 2205 801 valide
2232 739 2367 801 fieri
2476 742 2711 803 dirimit
2732 742 3035 822 proinde,
3069 747 3176 802 aut
3222 738 3474 819 impedit
3499 738 3672 801 8118
3648 759 3789 822 jure
3818 741 4034 802 Matri-

823 853 941 895 non
987 855 1191 915 posse.
1233 837 1371 897 Post
1403 836 1552 897 haec
1595 855 1740 896 vero
1790 834 1864 896 ad
1905 845 2262 915 argumenta
2305 833 2369 895 in

819 931 1191 992 contrarium
1233 930 1416 992 allata
1450 930 1660 1010 plene,
1690 938 1750 990 et
1773 929 2108 1008 adaequate
2134 926 2369 991 satisfa-

817 1024 899 1087 cit
939 1047 975 1088 8
1018 1046 1177 1086 num.
1223 1032 1321 1087 55.
1366 1028 1566 1106 Atque
1612 1025 1695 1085 ita
1725 1024 1969 1085 demum
1999 1042 2108 1102 ego
2145 1022 2372 1103 pariter

818 1139 1058 1194 8811888,
1109 1120 1572 1183 Matrimonium
1604 1119 1818 1180 vitrici
1865 1138 2003 1179 cum
2035 1117 2236 1178 Uxore
2274 1117 2366 1178 sui

815 1214 1078 1296 privigni
1101 1216 1243 1298 jure
1271 1224 1525 1278 naturae
1555 1214 1800 1276 irritum
1830 1232 1986 1275 esse.
2017 1210 2200 1274 Salvo
2246 1231 2371 1273 me·

814 1308 951 1371 liori
980 1318 1092 1373 etc.

902 1496 1115 1569 ‘Votum
1145 1498 1345 1561 Patris
1373 1499 1600 1579 Aloysii
1631 1496 1680 1559 S
1682 1498 1973 1578 paraverit·
2003 1494 2057 1556 T
2051 1496 2264 1574 11881891

1328 1592 1631 1655 Societatis
1664 1591 1838 1653 Jesu.

812 1722 1219 1863 Antiquitas
1238 1782 1460 1863 triplex
1487 1789 1619 1844 erat
1647 1780 1956 1843 affinitatis
1979 1796 2189 1863 genus.
2232 1776 2365 1838 Pri-

810 1891 976 1934 mum
1005 1884 1135 1936 erat
1160 1874 1318 1937 inter
1343 1876 1668 1937 Personam
1696 1874 1911 1954 copula
1945 1872 2106 1934 licita
2132 1918 2148 1944 ,
2177 1870 2270 1932 vel
2295 1870 2365 1931 il-

808 1965 973 2029 licita
1001 1968 1326 2050 cognitam,
1355 1977 1414 2031 et
1431 1969 1909 2051 consanguineos
1927 1965 2360 2051 cognoscentis:

807 2069 868 2122 et
895 2082 929 2123 e
961 2070 1167 2134 contra
1202 2065 1359 2126 inter
1395 2064 1723 2126 Personam
1764 2069 2217 2144 cognoscentem
2245 2106 2262 2135 ,
2302 2068 2363 2121 et

806 2159 1282 2238 consanguineos
1304 2158 1598 2240 cognitae.
1624 2159 1900 2221 Alterum
1923 2168 2053 2219 erat
2075 2155 2235 2218 inter
2255 2175 2360 2216 ve·

806 2270 943 2323 rum
973 2252 1212 2315 affinem
1238 2300 1255 2327 ,
1288 2262 1349 2316 et
1389 2254 1697 2326 maritum,
1727 2272 1832 2314 seu
1868 2270 2122 2332 uxorem
2149 2249 2243 2311 sui
2275 2248 2364 2311 af·

804 2345 964 2407 finis.
995 2347 1269 2409 Tertium
1289 2357 1421 2411 erat
1448 2347 1607 2410 inter
1630 2348 1874 2411 affinem
1901 2345 2163 2407 secundo
2186 2363 2361 2424 gene·

804 2460 870 2502 re
900 2487 917 2514 ,
960 2448 1019 2503 et
1048 2443 1333 2504 maritum
1364 2491 1380 2514 ,
1430 2462 1535 2505 seu
1566 2454 1817 2504 uxorem
1848 2442 1940 2501 sui
1972 2440 2100 2518 veri
2123 2439 2354 2525 affinis.

805 2534 968 2597 Haec
1002 2536 1119 2597 tria
1166 2535 1475 2598 affinitatis
1521 2557 1743 2620 genera
1782 2535 1929 2597 olim
1986 2534 2357 2595 dirimebant

798 2625 1280 2692 Matrimonium.
1310 2633 1388 2693 At
1413 2631 1594 2694 hodie
1620 2631 1752 2693 solo
1798 2630 1996 2712 primo
2040 2627 2351 2691 affinitatis

799 2743 1021 2805 genere
1047 2725 1504 2787 Matrimonium
1535 2726 1845 2787 dirimitur
1863 2769 1879 2784 .
1910 2725 2009 2785 Sic
2035 2725 2199 2784 enim
2228 2733 2350 2784 sta·

800 2826 999 2879 tutum
1019 2827 1106 2879 est
1130 2818 1193 2879 in
1222 2819 1492 2881 Concilio
1519 2818 1799 2880 Generali
1839 2817 2254 2889 Lateranensi,
2288 2826 2346 2878 et

800 2910 1059 2974 babetur
1074 2932 1204 2994 cap.
1231 2934 1347 2974 non
1368 2916 1519 2974 debet
1548 2959 1565 2988 ,
1596 2915 1661 2974 dc
1699 2915 2069 2991 consanyuin.
2096 2924 2147 2973 et
2175 2912 2349 2992 Affin.

798 3005 893 3066 118
921 3007 1138 3068 Sancta.
1176 3010 1243 3087 dc
1269 3008 1541 3071 Matrim.
1574 3011 1672 3068 lib.
1703 3012 1765 3069 7.
1800 3010 1944 3088 disp.
1974 3013 2072 3067 67.
2108 3027 2265 3066 num.
2296 3011 2352 3067 1.

797 3104 926 3161 812.
959 3100 1192 3164 Filtiuc.
1226 3113 1394 3164 tract.
1425 3106 1519 3164 10.
1544 3119 1674 3183 par.
1697 3106 1758 3163 2.
1781 3120 1907 3183 cap.
1937 3106 1995 3162 6.
2021 3120 2181 3161 num.
2208 3104 2349 3162 211.

797 3206 849 3258 ot
877 3200 1017 3256 212.

913 3291 1050 3353 Jam
1075 3311 1221 3354 vero
1248 3292 1512 3354 Vitricus
1532 3291 1884 3353 affinitatem
1909 3289 2091 3371 primi
2113 3288 2353 3371 generis

794 3383 1141 3449 habet-cum
1171 3387 1460 3468 Privigno
1488 3407 1631 3458 suo,
1668 3395 1873 3466 utpote
1902 3389 2351 3467 consanguineo

798 3479 1016 3542 Uxoris
1038 3501 1215 3544 suae.
1248 3484 1326 3543 At
1351 3501 1488 3544 cum
1522 3501 1717 3543 uxore
1736 3479 2008 3560 Privigni
2040 3482 2132 3540 sui
2168 3482 2351 3543 babet

791 3573 987 3635 solum
1036 3575 1389 3637 affinitatem
1442 3576 1687 3638 secundi
1731 3574 1972 3656 generis
2000 3595 2014 3634 ε
2068 3569 2216 3636 8818
2241 3575 2348 3638 1118

792 3688 948 3730 uxor
979 3669 1247 3751 Privigui
1274 3671 1367 3730 sui
1401 3690 1521 3731 non
1553 3670 1631 3731 sit
1658 3664 2102 3748 consanguinea
2141 3670 2348 3730 uxoris

796 3781 984 3836 suae,
1021 3761 1122 3825 sed
1165 3764 1364 3826 solum
1408 3764 1640 3835 affinis,
1676 3777 1897 3844 nempe
1922 3785 2110 3825 nurus
2134 3809 2150 3824 .
2189 3766 2348 3845 Ergo

792 3877 928 3918 cum
955 3878 1148 3919 uxore
1172 3858 1443 3940 Privigni
1471 3859 1563 3919 sui
1598 3859 1780 3919 habet
1804 3859 2154 3920 affinitatem
2174 3904 2190 3931 ,
2224 3878 2345 3939 qua

792 3971 913 4013 non
936 3952 1245 4015 dirimitur
1265 3952 1454 4033 ipsius
1471 3953 1931 4015 Matrimonium
1953 3971 2090 4014 cum
2110 3953 2341 4015 eadem.

907 4046 1136 4108 Similis
1160 4067 1331 4109 casus
1359 4058 1480 4118 est,
1511 4048 1561 4109 81
1583 4048 1762 4127 (181118
1790 4048 2034 4111 duxerit
2058 4050 2341 4124 Bertam‚

786 4141 964 4203 Berta
998 4160 1142 4202 vero
1169 4140 1418 4204 fratrem
1449 4142 1669 4204 habeat
1701 4144 2013 4204 Caesarem
2038 4191 2054 4217 ‚
2078 4144 2196 4224 ,qui
2228 4145 2342 4207 du-

789 4235 948 4294 xerit
976 4234 1388 4297 Gathar-inam.
1421 4234 1733 4314 Siquidem
1768 4237 2023 4297 mortuis
2052 4239 2253 4311 Eorta,
2283 4247 2344 4300 et

788 4327 1040 4389 Caesare
1063 4374 1080 4401 ‚
1114 4335 1308 4409 potest
1329 4328 1509 4410 Cajus
1537 4327 1763 4391 ducere
1786 4331 2179 4414 Catharinam
2203 4378 2217 4392 .
2249 4332 2342 4396 Ita

785 4418 1001 4481 Sanch.
1031 4422 1069 4481 l.
1099 4423 1196 4482 cit.
1231 4442 1388 4482 num.
1422 4426 1480 4481 2.
1508 4421 1789 4483 Bonaein.
1824 4425 1888 4484 dc
1907 4426 2189 4504 impedio».
2224 4447 2340 4488 ma-

784 4518 938 4574 trim.
980 4527 1195 4594 quaeat.
1243 4521 1299 4577 3.
1348 4536 1493 4596 pun.
1543 4520 1638 4592 12.
1687 4537 1847 4578 num.
1893 4523 1949 4579 4.
1999 4519 2332 4582 Tambia-in.

780 4608 949 4670 Iuris
994 4610 1207 4671 Ecclcs.
1241 4612 1339 4670 lib.
1377 4616 1436 4672 8.
1472 4611 1538 4671 de
1567 4611 1839 4674 Macrim.
1865 4634 1990 4695 cap.
2023 4620 2115 4677 12.
2157 4616 2221 4698 §.
2278 4622 2333 4678 1.

775 4723 934 4763 118111.
968 4710 1027 4767 6.
1064 4704 1239 4766 Ratio
1261 4711 1349 4766 est
1377 4706 1585 4766 eadem
1612 4725 1626 4765 :
1670 4708 1817 4787 quia
1847 4708 2026 4790 Cajus
2053 4730 2191 4770 cum
2224 4712 2335 4774 Ca·

783 4796 1024 4859 11181188
1051 4797 1236 4860 1181181
1260 4798 1455 4859 solum
1503 4799 1856 4863 affinitatem
1879 4805 2125 4865 88811881
2153 4823 2334 4887 gene-

781 4892 889 4953 ris:
924 4911 994 4953 eo
1017 4890 1177 4973 quod
1207 4909 1326 4953 non
1355 4893 1431 4954 sit
1458 4895 1904 4976 consanguinea
1934 4898 2185 4974 Bertae,
2232 4900 2334 4962 sed

777 4987 974 5048 solum
1002 4985 1239 5060 affinis,
1268 5006 1483 5066 nempe
1506 4986 1748 5050 fratria.

901 5080 1034 5141 Uno
1060 5080 1282 5151 verbo,
1313 5079 1518 5160 regula
1550 5101 1627 5142 ex
1650 5082 1746 5143 his
1775 5091 1904 5154 est,
1936 5086 2098 5164 quod
2132 5086 2331 5149 affini-

2479 838 2754 897 monium
2783 836 3058 899 contrahi
3105 836 3263 896 inter
3296 834 3637 908 Vitricum,
3683 844 3742 895 81
3780 854 4034 897 uxorem

2480 931 2750 1012 Privigni
2781 930 2909 992 sui.
3001 936 3010 945 ‘

2596 1026 2824 1088 Eadem
2855 1025 3011 1088 ratio
3040 1023 3204 1086 valet
3230 1023 3389 1098 circa
3410 1021 3713 1106 justitiam
3753 1023 4034 1103 publicae

2477 1120 2805 1183 honestatis
2832 1163 2848 1180 .
2887 1120 3051 1181 Haec
3076 1120 3238 1180 enim
3272 1126 3477 1199 utpote
3505 1117 3681 1199 quasi
3723 1116 3984 1180 affinitas
4004 1163 4024 1192 ‚

2477 1215 2570 1276 vel
2601 1213 2910 1277 affinitatis
2930 1213 3177 1275 initium
3205 1259 3222 1287 ,
3254 1232 3377 1275 non
3413 1221 3501 1274 est
3523 1212 3637 1274 nisi
3669 1212 3827 1273 inter
3856 1232 4034 1293 spon-

2477 1329 2610 1370 sum
2636 1350 2652 1381 ,
2684 1316 2746 1372 81
2763 1308 3244 1391 consanguineos
3265 1324 3543 1388 sponsae:
3574 1314 3634 1368 et
3655 1326 3691 1368 e
3708 1315 3917 1368 contra
3942 1306 4035 1367 in-

2480 1410 2567 1466 ter
2598 1423 2879 1487 sponsam
2898 1451 2914 1475 ,
2944 1414 3005 1466 et
3029 1403 3506 1481 consanguineos
3523 1400 3746 1481 sponsi.
3782 1400 4032 1463 Dirimit

2476 1510 2679 1562 autem
2700 1497 3160 1562 Matrimonium
3177 1516 3316 1559 cum
3337 1494 3798 1576 consanguineis
3820 1494 3881 1555 in
3903 1495 4034 1576 pri-

2476 1612 2576 1680 188
2602 1594 2797 1655 solum
2825 1593 3019 1675 gradu
3043 1610 3061 1667 3
3102 1592 3194 1655 vel
3239 1610 3431 1672 usque
3458 1592 3535 1653 ad
3571 1599 3859 1672 quartum
3886 1608 4030 1671 gra-

2474 1686 2621 1748 dum
2653 1686 2946 1749 inclusive
2969 1732 2986 1760 ,
3024 1693 3206 1767 prout
3230 1685 3479 1747 fuerunt
3510 1682 3812 1763 sponsalia
3839 1682 3914 1744 de
3939 1680 4035 1744 su·

2474 1791 2635 1856 turo,
2662 1781 2756 1844 vel
2785 1780 2860 1843 de
2881 1780 3205 1861 praesenti:
3238 1781 3405 1841 Inter
3428 1777 3729 1840 vitricum
3758 1797 3934 1859 ergo,
3966 1784 4029 1840 et

2475 1892 2724 1936 uxorem
2773 1874 3045 1957 Privigni
3080 1873 3174 1937 sui
3220 1872 3459 1935 nullum
3486 1871 3672 1934 habet
3700 1870 3898 1932 locum
3925 1872 4032 1953 ju-

2468 1968 2634 2030 stitia
2657 1964 2936 2049 publicae
2974 1966 3328 2029 honestatis:
3363 1965 3511 2046 quia
3542 1964 3652 2028 illa
3697 1984 3852 2026 uxor
3889 1980 4030 2026 cum

2468 2081 2686 2142 sponsa
2709 2062 2925 2124 Vitrici
2948 2061 3183 2123 nullam
3208 2061 3393 2123 habet
3412 2058 4023 2147 consanguinitatem.

2470 2158 2562 2219 lta
2587 2156 2755 2220 salvo
2797 2156 3035 2219 meliori
3065 2165 3180 2219 etc.

2476 2342 2677 2406 Votum
2702 2343 2925 2407 Fratris
2952 2343 3195 2406 Antonii
3224 2342 3462 2405 Bau-don
3505 2340 3745 2404 Ordinis
3783 2342 4029 2405 Praedi-

2529 2452 2823 2503 catorum
2860 2438 3116 2501 Doctori·
3175 2438 3480 2519 Theoloqi,
3530 2449 3582 2501 ct
3634 2438 4028 2500 cathedratici

2549 2533 2984 2637 casanatensis.

2466 2668 2682 2805 Apud
2714 2726 2865 2787 bene
2898 2725 3118 2786 multos
3145 2771 3161 2796 ,
3200 2722 3669 2806 qu‘osconsului
3702 2773 3717 2795 ,
3752 2725 4017 2788 Casuum

2464 2821 2747 2892 arbitros,
2780 2823 2969 2882 altum
2999 2829 3087 2882 est
3117 2819 3426 2882 silentium
3455 2820 3531 2881 de
3561 2820 3771 2880 morali
3797 2820 4013 2899 specie,

2463 2934 2621 2995 quae
2648 2915 2978 2980 ventilatur
3007 2962 3023 2985 ,
3062 2933 3207 2973 num
3239 2914 3465 2974 scilicet
3493 2914 3762 2974 Vitricus
3789 2912 4020 2993 absque

2463 3010 2590 3071 ullo
2614 3010 3079 3089 impedimento,
3115 3008 3210 3070 vel
3238 3008 3516 3088 publicae
3535 3007 3885 3079 honestatis,
3921 3006 4018 3068 vel

2466 3104 2774 3166 affinitatis
2803 3151 2819 3178 ‚
2865 3122 3132 3165 uxorem·
3166 3103 3386 3165 ducere
3419 3104 3604 3183 possit
3648 3123 3779 3165 eam
3810 3151 3825 3175 ,
3864 3122 4023 3183 quae

2462 3198 2580 3260 fuit
2601 3200 2822 3280 conjux
2854 3197 3122 3278 Privigni
3153 3197 3244 3270 sui
3271 3197 3395 3277 jam
3422 3197 3712 3259 defuncti:
3737 3198 4020 3279 quocirca

2465 3314 2572 3358 nec
2592 3294 2842 3354 disertos
2862 3292 3155 3365 CanoncS,
3192 3311 3300 3353 nec
3323 3292 3628 3354 luculenta
3653 3293 4017 3372 scriptorum

2462 3375 2800 3448 testimonia
2826 3386 2945 3447 huc
2968 3384 3250 3448 facientia
3279 3386 3338 3446 111
3380 3386 3712 3465 praesentia
3745 3385 4017 3464 proferre

2462 3499 2701 3560 possum
2727 3500 2741 3541 :
2774 3499 2932 3560 pono
2983 3488 3184 3541 tamen
3240 3479 3533 3562 principia
3553 3526 3566 3546 .
3621 3478 3846 3558 quibus
3878 3497 4013 3543 mea

2461 3575 2706 3654 quidem
2729 3573 3026 3636 sententia
3058 3573 3227 3634 nullo
3260 3573 3494 3654 negotio
3511 3570 3861 3633 dissolvitur
3885 3592 4017 3634 mo-

2459 3667 2605 3729 ralis
2624 3668 2919 3749 quaestio,
2947 3687 3104 3748 quae
3128 3667 3410 3749 agitatur.
3440 3664 3620 3727 Salvo
3652 3664 3888 3726 meliori
3910 3668 4013 3749 111-

2458 3761 2657 3837 dicio,
2691 3762 2869 3842 plane
2891 3780 3143 3833 censeo,
3172 3758 3472 3820 vitricum
3498 3757 3648 3819 citra
3675 3758 3913 3820 ullum‘
3896 3781 4012 3822 tm·

2459 3809 2913 3937 ρ8811118818111,
2951 3855 3045 3916 vel
3086 3806 3364 3946 [1111111888
3400 3853 3772 3928 honestatis,
3804 3856 3899 3917 vel
3926 3854 4014 3918 at'·

2458 3952 2750 4021 finitatis,
2781 3949 3171 4012 Matrimonia
3200 3937 3318 4009 sibi
3347 3947 3632 4057 copulare
3662 3969 3831 4028 posse
3850 3941 4008 4026 88111,

2455 4066 2613 4127 quae
2639 4045 2757 4107 fuit
2789 4045 2952 4107 Uxor
2981 4042 3253 4123 Privigni
3288 4041 3381 4103 sui
3406 4043 3532 4124 jam
3559 4045 3806 4105 mortui.

2573 4141 2866 4202 Honestas
2890 4138 3131 4219 publica
3158 4146 3246 4199 est
3265 4136 3688 4218 propinquitas
3708 4148 3864 4212 orta,
3901 4146 4008 4202 aut

2453 4254 2528 4296 ex
2571 4233 2951 4314 sponsalibus
2979 4229 3197 4292 validis
3222 4278 3237 4301 ,
3294 4230 3652 4311 dirimitque
3693 4232 4007 4295 Matrimo-

2455 4329 2624 4390 nium
2648 4346 2786 4390 cum
2817 4324 3282 4407 consanguineis
3304 4326 3530 4406 sponsi,
3562 4344 3633 4386 ac
3662 4344 3913 4406 sponsae
3940 4327 4008 4389 111

2451 4425 2646 4504 primo
2666 4422 2860 4505 gradu
2891 4430 3147 4491 tantum,
3170 4420 3347 4501 juxta
3373 4419 3708 4481 Concilium
3742 4421 4001 4483 Triden-

2455 4521 2648 4578 tinum
2683 4517 2958 4578 Sessione
2989 4519 3087 4575 24.
3146 4534 3277 4594 cap.
3331 4521 3389 4575 3.
3438 4515 3513 4575 de
3559 4516 4010 4580 Reformatione

2449 4610 2818 4672 Matrimonii
2847 4657 2866 4682 ,
2897 4620 3005 4671 881
3031 4629 3106 4680 ex
3137 4609 3528 4670 Matrimonio
3561 4619 3713 4681 rato,
3745 4611 3847 4670 sed
3880 4630 4002 4673 non

2444 4713 2890 4778 consummato;
2922 4713 3288 4785 tuncque'ex
3315 4704 3375 4764 S.
3413 4703 3502 4763 Pii
3542 4704 3737 4782 Papae
3770 4704 3844 4762 V.
3885 4704 4002 4765 De-

2444 4808 2606 4860 creto
2633 4846 2649 4872 ,
2676 4799 2838 4880 quod
2868 4796 3079 4877 incipit
3108 4843 3126 4871 ,
3151 4797 3229 4858 ad
3256 4795 3576 4857 Romanum
3603 4844 3619 4867 ,
3654 4796 4002 4859 extenditur

2417 4881 2518 4956 'ad
2556 4906 2843 4975 quartum
2894 4892 3152 4973 gradum
3184 4889 3524 4963 inclusive,
3574 4899 3640 4951 ut
3681 4891 3809 4971 jam
3859 4899 4002 4953 ante

2442 4989 2753 5072 Synodum
2796 4986 3216 5049 Tridentinam
3262 4986 3777 5065 protendebatur.
3833 4983 3999 5046 Uxor

2443 5105 2622 5166 porro
2640 5093 2938 5166 superstes
2964 5081 3231 5163 Privigni
3256 5082 3386 5162 jam
3408 5077 3706 5139 demortui
3736 5097 3997 5140 consan-

780 5182 870 5235 tas
899 5191 1019 5234 nou
1050 5172 1213 5253 parit
1237 5171 1634 5246 affinitatem,
1673 5175 1964 5237 nimirum
1989 5198 2244 5253 veram,
2274 5191 2333 5242 et
2438 5179 2661 5260 guinea
2692 5199 2813 5239 non
2844 5187 2954 5249 est,
2992 5196 3098 5238 nec
3125 5173 3365 5244 Vitrici,
3398 5192 3506 5233 uec
3532 5172 3841 5252 ipsiusmet
3862 5172 3998 5234 Pri-

778 5284 884 5347 per
911 5285 1006 5338 88,
1041 5277 1200 5346 quae
1220 5266 1611 5329 Matrimonio
1639 5269 2136 5349 impedimentum
2165 5293 2327 5353 prae·
2442 5275 2655 5355 vigui,
2688 5283 2758 5335 ut
2786 5270 3183 5351 supponitur:
3215 5265 3544 5328 honestatis
3569 5265 3755 5346 igitur
3789 5266 3998 5374 publi-

776 5368 911 5422 stet.
946 5359 1222 5421 Affinitas
1250 5360 1438 5442 igitur
1462 5406 1478 5435 ,
1510 5380 1669 5442 quae
1693 5372 1780 5425 est
1809 5365 1967 5426 inter
1987 5365 2293 5429 vitricum
2310 5415 2325 5442 ,

2439 5388 2542 5430 cae
2567 5366 3063 5448 impedimentum
3095 5361 3393 5444 praesenti
3436 5358 3502 5420 18
3549 5379 3691 5426 casu
3741 5360 4000 5424 minime

776 5463 838 5517 et
862 5453 1218 5536 Privignum
1247 5469 1428 5516 suum
1453 5466 1573 5517 non
1603 5457 1758 5538 parit
1782 5458 2141 5524 ,affinitatem
2172 5463 2330 5526 inter
2375 5467 2390 5555 1
2445 5471 2633 5543 potest
2668 5461 2866 5522 locum
2909 5458 3164 5521 habere.
