4393 6299
1713 462 1758 532 Q
1788 466 1910 517 aa
1938 467 1971 519 s
2000 465 2171 518 'rto
2230 448 2454 518 cxcvt.

523 613 1093 679 Affinitasdefinitur
1113 613 1533 696 propinquitas
1545 615 1868 695 procedens
1885 635 1960 676 ex

406 712 634 776 carnali
666 710 916 792 copula,
951 709 1118 770 omni
1150 708 1458 789 parentela
1492 730 1734 772 carens.
1768 710 1963 773 Titius

413 829 476 872 v.
522 828 581 890 g.
627 805 803 868 duxit
843 823 1093 865 uxorem
1135 805 1408 875 Bertam,
1445 803 1539 866 vel
1585 824 1719 866 eam
1755 804 1966 868 illicite

411 902 711 985 cognovit:
742 920 819 963 ex
849 899 952 962 tali
987 899 1393 972 matrimonio,
1427 919 1534 961 seu
1556 899 1771 981 copula
1793 900 1963 963 nefa-

411 996 543 1071 ria,
565 1014 701 1057 cum
728 992 1189 1075 consanguineis
1214 994 1426 1054 Bertae
1446 992 1798 1055 affinitatem
1817 1012 1960 1056 con·

411 1090 620 1166 traxit,
639 1089 873 1153 etiamsi
900 1088 1052 1152 alias
1070 1088 1551 1169 consanguineus
1574 1108 1692 1149 non
1717 1095 1890 1151 esset:
1911 1088 1962 1151 si

408 1205 554 1258 vero
571 1183 1050 1267 consanguineus
1062 1190 1212 1258 erat,
1228 1182 1453 1263 duplex
1466 1182 1964 1264 impedimentum

412 1300 549 1345 cum
573 1279 1035 1362 consanguineis
1065 1278 1278 1340 uxoris
1308 1278 1580 1352 habebit,
1613 1298 1805 1341 unum
1827 1298 1965 1341 con-

410 1373 838 1457 sanguinitatis
858 1393 935 1435 ex
963 1381 1138 1454 parte
1166 1391 1277 1436 sua
1300 1419 1319 1448 ,
1350 1372 1611 1437 alterum
1656 1374 1966 1437 affinitatis

409 1489 486 1533 ex
518 1478 689 1551 parte
719 1468 951 1542 uxoris,
987 1468 1151 1548 quod
1177 1468 1256 1531 ad
1288 1467 1697 1550 impetrandas
1722 1469 1963 1551 dispen-

405 1565 667 1629 sationes
711 1563 1172 1645 diligentissime
1196 1562 1806 1637 animadvertendum
1832 1571 1921 1626 est
1940 1607 1958 1625 .

406 1658 473 1721 Si
508 1656 766 1721 affinitas
790 1657 869 1720 sit
896 1676 972 1718 ex
999 1656 1216 1738 copula
1238 1656 1404 1720 licita
1430 1703 1447 1731 ,
1485 1657 1719 1720 dirimit
1753 1657 1964 1721 matri·

409 1752 684 1815 monium
718 1752 881 1814 intra
913 1760 1200 1833 quartum
1229 1742 1523 1834 g'radum3
1550 1752 1599 1814 si
1632 1761 1843 1815 autern
1886 1773 1962 1814 ex
1984 1752 1999 1766 ⁴

405 1847 622 1911 illicita
643 1893 662 1922 ,
699 1847 971 1921 dissolvit
1012 1847 1177 1910 intra
1205 1847 1473 1930 primum
1502 1893 1520 1922 ,
1550 1858 1611 1911 et
1633 1849 1963 1913 secundum

409 1949 672 2005 tantum.
708 1942 896 2004 Porro
918 1940 1077 2007 circa
1104 1940 1602 2027 impedimentum
1631 1942 1961 2016 affinitatis,

408 2036 755 2100 adnotanda
805 2044 949 2098 sunt
993 2035 1142 2099 baec
1181 2036 1302 2098 duo
1332 2037 1676 2100 axiomata.
1724 2038 1962 2101 Unum:

409 2150 536 2213 quo
567 2131 760 2215 gradu
791 2129 1016 2213 aliquis
1048 2131 1694 2214 viroconsanguineus
1720 2142 1838 2209 est,
1860 2153 1965 2196 eo-

409 2225 547 2289 dem
568 2226 762 2309 gradu
790 2234 879 2288 est
900 2225 1099 2288 affinis
1120 2226 1288 2289 illius
1314 2227 1519 2301 uxori,
1551 2236 1612 2290 et
1636 2228 1960 2292 viceversa.

405 2318 716 2383 Alterum=
758 2318 1020 2384 affinitas
1061 2320 1414 2385 affinitatem
1451 2323 1702 2385 minime
1744 2324 1961 2403 parit}

407 2415 572 2477 unde
614 2415 813 2478 affinis
854 2416 1299 2499 Petroflnonest
1323 2417 1767 2480 affinis-loanni
1798 2419 1968 2481 illius

404 2510 607 2573 fratri:
644 2509 910 2591 hincque
949 2510 1019 2574 fit
1036 2508 1160 2584 ,sut
1187 2510 1311 2573 duo
1340 2511 1558 2575 fratres
1582 2513 1802 2585 ducere
1830 2534 1963 2593 pos·
2055 2579 2063 2591 ⁸
2094 2560 2105 2567 .

405 2604 528 2668 sint
558 2604 712 2668 citra
740 2606 1214 2686 dispensationes
1253 2608 1404 2669 duas
1433 2626 1689 2669 sorores.
1723 2609 1795 2669 ln
1823 2629 1964 2670 casu

404 2709 633 2772 autem,
661 2700 740 2763 de
769 2720 894 2781 quo
923 2701 998 2762 lis
1024 2708 1325 2776 movetur,
1367 2701 1690 2783 Privignus
1717 2703 1962 2784 quidem

405 2803 497 2859 cst
535 2794 737 2865 affinis
766 2795 1275 2877 vitricopmptor
1302 2797 1514 2859 matris
1551 2817 1694 2859 suae
1724 2788 1967 2878 nuptias

404 2908 544 2953 cum
568 2908 644 2952 eo
679 2887 898 2965 initas;
920 2898 984 2952 at
1014 2889 1475 2972 Privigntuxor
1500 2892 1732 2954 nullam
1766 2893 1964 2955 incur-

407 2985 492 3048 rtt
519 2984 873 3048 affinitatem
901 3004 1040 3051 cum
1069 2985 1272 3047 mariti
1301 2986 1394 3047 sui
1425 2987 1682 3057 vitrico:
1706 2987 1966 3051 affinitas

407 3078 673 3162 quippe,
703 3085 774 3140 ut
814 3079 1044 3142 dictum
1074 3088 1164 3141 est
1183 3125 1202 3155 ,
1234 3081 1412 3144 modo
1446 3102 1567 3144 non
1597 3083 1753 3163 parit
1782 3083 1966 3146 aliam

406 3172 762 3238 affinitatem
783 3215 815 3250 .‚
881 3205 885 3212 ·
1090 3217 1093 3218 ν
1780 3231 1783 3234 ,

522 3266 595 3328 Id
617 3272 810 3329 totum
833 3265 896 3327 in
927 3266 1348 3340 consimilibus
1375 3259 1559 3331 'tradit
1582 3270 1967 3332 doctissimus

403 3368 609 3422 noster
638 3359 943 3443 sylvester
992 3359 1230 3422 Prieras
1284 3360 1346 3421 in
1397 3382 1631 3424 summa
1660 3409 1677 3436 ,
1728 3364 1915 3426 verbo
1942 3411 1958 3438 ,

401 3452 845 3515 Matrimonium
872 3499 889 3525 ,
918 3452 984 3534 S.
1016 3459 1074 3515 8.
1104 3473 1273 3514 num.
1312 3459 1407 3516 15.
1435 3457 1550 3517 sub
1590 3456 1772 3519 finem
1800 3504 1817 3531 ,
1853 3458 1958 3519 ubi

401 3545 549 3609 haec
577 3548 781 3609 babet:
810 3547 883 3609 Si
903 3559 1128 3609 mortua
1149 3568 1332 3610 uxore
1352 3597 1371 3621 ,
1398 3552 1521 3611 vult
1551 3555 1680 3630 quis
1706 3555 1955 3631 accipere

399 3644 462 3702 in
494 3662 732 3703 uxorem
752 3645 938 3714 illam,
969 3663 1113 3721 quae
1144 3645 1428 3722 quondam
1448 3645 1562 3721 fuit
1598 3665 1752 3706 uxor
1779 3645 1967 3708 alicu-

389 3739 491 3818 jus
517 3739 582 3798 de
604 3740 1094 3818 consanquinitate
1123 3740 1342 3817 primae
1373 3742 1600 3812 uxoris,
1632 3741 1730 3800 hoc
1757 3752 1956 3820 potest,

402 3835 543 3913 quia
595 3834 723 3893 licet
764 3834 992 3894 nullam
1022 3833 1324 3910 soerninam
1360 3834 1425 3894 de
1470 3837 1960 3914 consanquinitate

392 3928 618 4008 primae
645 3915 851 3988 uxoris
879 3929 1055 4007 possit
1082 3930 1360 4006 accipere,
1388 3931 1528 4006 quia
1548 3931 1629 3989 ibi
1662 3940 1739 3990 est
1767 3930 1957 4010 affini-

401 4030 523 4093 tas,
553 4032 741 4082 tamen
766 4021 1069 4099 foeminam
1099 4024 1237 4082 olim
1263 4041 1500 4084 uxorem
1530 4026 1713 4086 alicui
1744 4026 1810 4086 de
1832 4029 1960 4105 ipsa

397 4115 886 4193 consanyuinitate
908 4116 1037 4176 benc
1069 4125 1243 4193 potest
1280 4118 1561 4196 accipere,
1591 4128 1643 4177 et
1666 4114 1814 4179 idem
1860 4120 1955 4178 di-

399 4210 635 4270 cendum
678 4219 792 4282 est,
829 4211 881 4269 si
919 4220 1168 4288 ponatur
1209 4211 1416 4270 similis
1464 4230 1626 4272 casus
1674 4231 1750 4272 ex
1791 4222 1958 4293 parte

398 4305 634 4373 uxoris,
678 4305 817 4382 quia
839 4348 856 4375 ‚
912 4314 1135 4363 mortuo
1166 4291 1331 4377 viro,
1384 4306 1507 4365 licet
1543 4308 1791 4385 accipere
1842 4327 1956 4367 non

394 4403 565 4480 possit
596 4401 845 4477 aliquem
876 4401 1061 4459 virum
1107 4401 1172 4460 de
1216 4404 1706 4478 consanquinitate
1728 4405 1908 4482 primi
1934 4451 1952 4474 ,

389 4503 570 4574 potest
592 4506 776 4552 tamen
799 4483 1047 4571 accipere
1066 4496 1255 4553 virum
1274 4497 1550 4555 maritum
1570 4497 1819 4573 alicujus
1839 4497 1954 4574 soe-

397 4588 584 4647 minae
619 4587 683 4646 de
709 4588 836 4665 ipsa
862 4590 1352 4665 consanquinitate
1371 4636 1387 4659 ,
1433 4590 1573 4666 quia
1593 4641 1599 4646 .
1617 4590 1701 4648 ibi
1728 4609 1843 4649 non
1871 4600 1952 4651 est

382 4681 648 4761 ,affinitas
694 4683 911 4759 primi,
961 4681 1054 4741 sed
1103 4684 1333 4744 secundi
1370 4685 1618 4761 qeneris.
1668 4683 1956 4746 Similiter

393 4777 446 4836 si
469 4774 674 4835 Petrus
703 4776 901 4835 habuit
927 4779 1223 4836 successive
1246 4778 1388 4837 duas
1418 4796 1625 4837 uoeores
1671 4776 1908 4838 Bertam
1934 4826 1951 4848 ,

398 4877 451 4928 et
483 4867 749 4930 Mariam
769 4912 787 4939 ,
820 4886 895 4928 ea:
926 4887 1173 4945 quarum
1217 4872 1411 4950 prima
1435 4916 1453 4939 ,
1500 4871 1561 4929 id
1604 4882 1681 4931 est
1728 4871 1906 4933 Berta
1932 4916 1950 4946 ,

384 4964 588 5043 >genuit
617 4960 1013 5040 Marqaritam
1033 4963 1240 5040 filiam,
1270 4983 1416 5041 quae
1439 4966 1631 5043 nupsit
1661 4963 1949 5035 Martino,

392 5067 616 5117 mortuo
646 5055 817 5117 Petro
843 5104 860 5126 ,
886 5067 937 5115 et
969 5054 1146 5116 Berta
1177 5101 1194 5125 ,
1225 5068 1275 5117 et
1306 5056 1642 5136 Marqarita
1676 5106 1690 5128 ‚
1721 5059 1946 5120 Marti-

396 5170 505 5211 nus
526 5138 698 5230 potest
731 5153 792 5209 in
825 5169 1059 5209 uxorem
1090 5153 1338 5230 accipere
1362 5149 1625 5211 Mariam
1651 5154 1951 5213 secundam
1992 5229 1993 5232 Ἴ

392 5264 631 5305 uxorem
677 5244 839 5304 Petri
881 5244 1185 5322 secundum
1232 5247 1525 5324 praedicta
1559 5290 1576 5317 ,
1630 5248 1772 5323 quia
1826 5248 1953 5306 licet

380 5337 696 5418 ,Martinus
723 5341 970 5419 accipere
998 5359 1112 5398 non
1134 5341 1306 5419 possit
1334 5341 1594 5418 aliquam
1620 5341 1686 5399 de
1712 5359 1951 5401 consan-

395 5436 678 5515 guinitate
703 5453 837 5495 suae
859 5436 1063 5495 uxoris
1088 5454 1262 5515 usque
1283 5435 1361 5496 acl
1381 5443 1654 5517 quartum
1681 5436 1947 5515 gradum,

3346 473 3448 522 197

2071 618 2373 696 foeminam
2408 628 2592 679 tamen
2632 620 2768 679 olim
2809 634 3044 682 uxorem
3094 624 3343 703 alicujus
3387 625 3451 684 de
3501 628 3627 705 ipsa

2072 716 2565 792 consanguinitate
2601 715 2728 775 bene
2760 728 2935 796 potest
2965 719 3245 798 accipere,
3276 728 3340 778 ut
3368 728 3446 778 est
3488 722 3578 781 hic
3606 768 3622 790 ,

2073 816 2125 866 et
2145 809 2228 867 sic
2252 819 2327 867 est
2349 828 2510 868 casus
2529 857 2541 877 ‚
2571 811 2633 867 in
2661 830 2771 888 quo
2797 807 2982 870 Gener
3011 813 3257 892 accipere
3281 823 3451 892 potest
3479 834 3623 884 eam,

2075 921 2218 982 quae
2236 903 2347 980 fuit
2369 922 2524 962 uxor
2548 902 2743 964 Soceri
2770 907 2882 964 sui.
2917 903 2990 965 Si
3008 908 3179 967 etiam
3202 919 3427 967 mortua
3447 926 3628 969 uxore

2071 1015 2193 1057 mea
2227 998 2349 1056 volo
2379 999 2627 1076 accipere
2658 1000 2916 1060 relictam
2948 1001 3086 1070 viri,
3120 1003 3222 1079 qui
3248 1002 3363 1079 fuit
3403 1022 3626 1080 perma-

2070 1109 2179 1151 nus
2209 1111 2358 1151 meae
2390 1096 2626 1162 umoris,
2654 1094 2787 1153 haec
2813 1113 3037 1173 possum
3060 1136 3076 1153 .
3117 1092 3408 1156 Similiter
3453 1108 3628 1176 posset

2069 1187 2199 1263 quis
2240 1188 2487 1266 accipere
2527 1186 2844 1265 Coqnatuen
2873 1189 3078 1250 uxoris
3123 1209 3260 1250 suae
3287 1190 3584 1267 defunctae
3606 1240 3622 1261 ,

2073 1281 2212 1360 quia
2239 1281 2290 1339 si
2309 1281 2424 1356 suit
2453 1279 2706 1360 Coqnata
2737 1330 2751 1351 ,
2777 1283 2839 1340 id
2858 1293 2936 1343 est
2959 1300 3112 1344 uxor
3149 1283 3356 1361 fratris
3387 1288 3624 1360 uxoris,

2071 1384 2150 1435 est
2193 1376 2259 1434 in
2292 1377 2528 1436 secundo
2571 1396 2766 1455 qenere
2808 1378 3106 1458 affinitatis
3155 1388 3260 1439 etc.
3321 1378 3627 1442 Hactenus

2070 1468 2313 1544 Prieras
2337 1513 2355 1531 .
2423 1462 2430 1471 “

2189 1564 2286 1626 lta
2313 1564 2532 1640 sentio,
2556 1564 2723 1628 salvo
2748 1565 2987 1628 meliori
3008 1566 3270 1630 Iudicio.

2083 1749 2539 1814 Votum-Fratris
2565 1751 2860 1814 Dominici
2893 1754 3096 1814 Pontii·
3118 1752 3359 1816 Ordinis
3387 1754 3628 1817 Praedi-

2164 1856 2489 1939 *⁴,catorum
2535 1845 2752 1910 Sacrae
2800 1846 3130 1928 Theoloqiae
3162 1848 3465 1929 Magistri.

2076 1974 2212 2094 An
2275 2034 2544 2097 Vitricus
2588 2036 2819 2118 absque
2869 2035 2998 2099 ullo
3031 2038 3498 2119 impedimento,
3529 2039 3626 2101 vel

2085 2127 2417 2203 affinitatis,
2446 2130 2537 2192 vel
2571 2129 2849 2211 publicae
2877 2131 3206 2199 honestatis
3234 2133 3454 2195 ducere
3491 2153 3627 2213 pos·-

2073 2221 2154 2284 sit
2193 2222 2257 2283 in
2310 2243 2561 2285 uxorem
2591 2244 2747 2298 eam,
2795 2244 2953 2306 quae
2998 2225 3130 2287 tuit-
3151 2244 3305 2293 uxor
3353 2227 3624 2305 Privigni

2077 2316 2195 2378 sui.
2227 2318 2581 2398 Respondeo
2605 2319 2998 2381 affirmative:
3024 2320 3169 2401 quia
3193 2320 3297 2382 tali
3321 2321 3629 2383 matrimo-

2080 2410 2182 2473 nio
2216 2404 2496 2473 neutrum
2531 2413 3251 2494 obstatimpedimentum
3277 2458 3293 2475 .

2194 2507 2329 2568 Non
2365 2508 2561 2569 obstat
2585 2508 2646 2568 in
2678 2508 2891 2588 primis
2946 2508 3228 2581 affinitas,
3265 2508 3411 2591 quia
3445 2509 3629 2572 Vitri-

2075 2620 2181 2663 cus
2199 2647 2216 2675 ,
2241 2609 2301 2663 et
2327 2621 2484 2662 uxor
2515 2601 2783 2684 privigni
2814 2611 2956 2664 sunt
2981 2592 3190 2666 affines
3216 2604 3534 2666 dumtaxat
3561 2604 3625 2667 in

2074 2696 2337 2758 secundo
2369 2716 2587 2777 genere
2606 2696 2946 2781 affinitatis:
2980 2698 3265 2779 quamvis
3291 2707 3491 2761 autem
3517 2718 3627 2762 an-

2079 2791 2333 2873 tiquitus
2369 2791 2483 2854 tria
2532 2791 2764 2854 fuerint
2810 2812 3031 2873 genera
3083 2791 3414 2863 affinitatis,
3470 2814 3629 2875 quse

2077 2885 2534 2949 matrimonium
2593 2885 3045 2967 impediebant,
3101 2896 3167 2949 ut
3214 2886 3476 2950 babetur
3522 2894 3620 2950 35.

2074 2988 2304 3060 quaest.
2332 2984 2391 3040 2.
2418 2987 2479 3041 et
2506 2985 2563 3041 3.
2624 2986 2822 3051 tamen
2867 2999 2976 3061 per
3016 2979 3353 3043 Concilium
3380 2981 3627 3044 Latera-

2080 3093 2265 3136 nense
2285 3075 2408 3136 'sub
2443 3074 2795 3136 Innocentio
2823 3075 2934 3158 111.
2960 3074 3459 3157 impedimentum
3484 3095 3624 3156 pro-

2074 3170 2326 3233 veniens
2372 3189 2445 3232 ex
2473 3157 2758 3243 secundo,
2795 3177 2856 3231 et
2906 3169 3083 3231 tertio
3121 3189 3341 3251 genere
3385 3170 3625 3250 penitus

2077 3265 2385 3327 sublatum
2403 3273 2597 3339 est,ut
2618 3264 2839 3346 legitur
2864 3263 3011 3325 Can.
3035 3262 3172 3325 Non
3193 3265 3367 3334 debet,
3389 3264 3624 3327 decon-

2064 3359 2504 3443 sanguinitate,
2527 3366 2587 3421 et
2603 3357 2895 3421 affinitate
2919 3357 3018 3419 his
3040 3357 3277 3420 verbis:
3306 3356 3444 3452 Non
3471 3359 3624 3421 debet

2072 3455 2499 3534 reprehensibile
2534 3453 2826 3531 judicari,
2858 3454 2910 3513 si
2952 3452 3254 3513 secundum
3295 3454 3624 3513 varietatem

2074 3557 2382 3629 temporum
2398 3558 2618 3610 statuta
2646 3548 2980 3626 quandoque
3004 3549 3303 3607 varientur
3331 3548 3619 3608 humana:

2069 3645 2406 3723 praesertim
2427 3662 2553 3703 cum
2576 3661 2780 3721 urqens
2811 3643 3127 3713 necessitas,
3165 3643 3251 3701 vel
3274 3642 3492 3702 evidens
3508 3643 3623 3702 uti·

2075 3737 2210 3798 litas
2233 3737 2296 3795 id
2319 3738 2568 3816 emposcit
2594 3777 2770 3796 .....
2805 3734 2953 3796 Cum
2975 3754 3103 3813 erqo
3131 3727 3533 3814 prohibitiones
3554 3735 3622 3796 tle

2069 3830 2331 3909 conjuqio
2351 3831 2414 3889 in
2432 3830 2691 3899 secundo,
2717 3839 2769 3889 et
2791 3830 2958 3889 tertio
2976 3828 3275 3906 affinitatis
3293 3846 3487 3905 qenere
3509 3829 3620 3888 mi·

2070 3924 2223 3984 nime
2252 3924 2631 3985 contrahendo
2655 3966 2673 3984 .
2697 3967 2714 3984 .
2746 3966 2762 3983 .
2794 3966 2810 3983 .
2836 3967 2851 3982 .
2877 3935 2927 3984 et
2952 3923 3339 4001 difficultatem
3357 3921 3621 4001 frequen·

2070 4030 2153 4079 ter
2166 4020 2470 4089 inducant,
2491 4029 2540 4079 et
2561 4020 2874 4097 aliquando
2892 4019 3210 4098 periculum
3229 4017 3465 4097 pariant
3485 4018 3620 4078 ani·

2068 4135 2294 4176 marum
2312 4159 2330 4184 ,›
2359 4134 2483 4174 cum
2514 4158 2530 4185 ‚
2574 4122 2815 4174 cessante
2856 4113 3236 4193 prohibitione
3250 4156 3268 4185 ,
3303 4121 3465 4172 cesset
3492 4110 3620 4192 effe-

2064 4220 2186 4270 ctus
2210 4257 2227 4281 ‚
2274 4208 2711 4270 constitutiones
2757 4227 2925 4286 super
2967 4208 3067 4266 hoc
3107 4206 3285 4267 editas
3327 4207 3482 4268 sacri
3510 4225 3619 4286 ap-
3669 4267 3672 4268 γ

2056 4304 2387 4383 probatione
2417 4300 2664 4362 Concilii
2691 4305 3004 4362 revocantes
3024 4347 3038 4369 ,
3075 4300 3358 4379 praesenti
3389 4298 3616 4360 Consti-

2066 4400 2280 4457 tutione
2299 4398 2667 4469 decernimus,
2696 4405 2767 4455 ut<
2788 4397 2869 4456 sic
2898 4394 3282 4456 contrahentes
3310 4395 3379 4453 de
3402 4406 3620 4456 caetero

2068 4493 2238 4553 libere
2260 4493 2634 4570 copulentur.
2675 4488 2838 4550 Haec
2876 4487 2985 4549 ibi.

2187 4584 2416 4646 Deinde
2443 4602 2562 4644 non
2599 4582 2792 4643 obstat
2846 4579 3086 4660 publica
3127 4577 3449 4640 honestas:
3484 4576 3620 4638 Hoc

2062 4678 2226 4740 enirn
2260 4678 2413 4758 ipso,
2442 4675 2608 4757 quod
2637 4695 2711 4736 ex
2738 4674 2796 4735 vi
2831 4671 3135 4754 praefatae
3157 4669 3620 4731 Constitutionis

2066 4772 2401 4834 innocentii
2429 4770 2540 4831 111.
2566 4768 2875 4830 sublatum
2898 4774 2986 4828 est
3003 4765 3499 4846 impedimentum
3519 4762 3616 4826 af-

2061 4866 2318 4929 finitatis
2342 4868 2405 4926 in
2428 4863 2713 4934 secundo,
2735 4870 2795 4924 et
2835 4861 3013 4924 tertio
3038 4878 3278 4941 genere,
3303 4856 3614 4920 sublatum

2061 4961 2309 5043 quoque
2344 4959 2613 5022 creditur
2643 4955 3140 5036 impedimentum
3171 4951 3450 5034 publicae
3499 4951 3613 5013 ho-

2061 5057 2350 5127 nestatis,
2397 5063 2465 5115 ut
2501 5054 2654 5114 bene
2699 5057 2869 5113 notat
2913 5049 3122 5112 Glossa
3162 5048 3227 5108 in
3270 5047 3431 5107 dicto
3460 5046 3609 5108 Can.

2059 5149 2196 5212 Non
2226 5151 2407 5210 debet.
2443 5147 2602 5222 Quia
2630 5145 2735 5206 ubi
2787 5143 3028 5225 publica
3074 5142 3376 5211 honestas,
3426 5139 3614 5201 simul

2059 5243 2274 5307 incidit
2293 5244 2356 5303 in
2379 5242 2640 5303 eundem
2659 5258 2862 5302 casum
2888 5257 3025 5300 cum
3049 5235 3332 5305 secundo,
3365 5233 3458 5295 vel
3488 5243 3609 5297 ter-

2063 5339 2145 5399 tio
2193 5355 2415 5417 genere
2458 5334 2788 5405 affinitatis,
2823 5350 2947 5393 uno
2975 5329 3214 5392 sublato
3239 5373 3259 5404 ,
3292 5325 3526 5391 tollitur
3548 5334 3612 5393 et

2018 5506 2021 5509 Α
2058 5431 2229 5504 aliud
2257 5450 2366 5514 per
2397 5430 2553 5494 banc
2580 5426 3124 5496 Constitutionem,
