4393 6299
1553 544 2015 622 Qnffisrto
2073 542 2359 601 ccxxxx..

470 705 721 788 Absque
739 727 811 770 eo
836 708 1002 790 quod
1020 705 1354 789 quidquam
1383 704 1608 768 relevet
1632 703 1896 786 exposita

354 803 832 878 circumstantia,
857 803 1021 885 quod
1047 805 1316 866 Testator
1337 801 1616 866 videlicet
1643 801 1900 884 pretium

354 900 672 982 deposuit,
722 898 828 963 illa
861 899 1087 980 quippe
1118 897 1384 979 procedit
1410 898 1472 959 in
1505 898 1766 960 themate
1790 942 1809 971 ,
1838 896 1900 957 in

352 1013 478 1075 qno
510 997 784 1057 Testator
818 993 1080 1075 pretium
1128 993 1391 1072 recepit,
1422 993 1585 1070 quod
1630 1011 1906 1054 recusare

353 1109 474 1150 non
500 1087 734 1170 potuit,
785 1106 954 1150 secus
986 1095 1184 1150 autem
1214 1134 1231 1157 ,
1275 1087 1510 1168 quoties
1541 1096 1720 1167 prout
1763 1085 1864 1147 hic
1889 1134 1903 1155 ,

356 1182 418 1243 in
446 1190 680 1246 tantum
704 1181 975 1264 pretium
1005 1180 1227 1262 recepit
1253 1226 1270 1254 ,
1306 1181 1367 1241 in
1405 1189 1701 1262 quantum
1739 1179 1908 1243 nullo

354 1276 700 1357 impellente
727 1277 991 1341 vendere
1013 1275 1207 1338 voluit
1250 1276 1379 1338 loca
1431 1275 1770 1350 Montium,
1815 1275 1905 1338 uti

353 1371 689 1434 desumitur
713 1392 789 1434 ex
816 1371 1077 1455 allegato
1111 1369 1294 1432 Tea-tu
1317 1372 1382 1432 in
1404 1373 1443 1432 l.
1467 1372 1598 1453 fidei
1619 1373 1910 1433 commissa

351 1464 418 1547 §-
442 1465 518 1529 Sa·
535 1487 655 1528 rom
681 1486 846 1528 suam
879 1465 946 1548 ff.
979 1468 1045 1528 de
1064 1464 1291 1546 Leqatis
1315 1471 1373 1527 3.
1398 1465 1504 1527 ubi
1529 1464 1668 1528 licet
1689 1485 1800 1546 pro
1822 1464 1908 1527 le·

351 1559 474 1640 gati
505 1559 958 1641 perseverantia
987 1569 1362 1622 momentum
1412 1561 1809 1622 constituatur
1844 1558 1908 1620 in

362 1653 633 1736 deposito
665 1674 702 1718 a
730 1654 1037 1717 Testatore
1063 1654 1218 1718 facto
1241 1701 1259 1728 ,
1298 1653 1805 1735 quemadmodum
1831 1651 1911 1715 le-

356 1747 524 1836 gitur
565 1748 629 1811 in
683 1748 887 1813 verbis
938 1769 1123 1832 supra
1164 1749 1471 1813 recensitis
1495 1797 1514 1825 ,
1568 1749 1913 1813 immediate

356 1853 556 1907 tamen
579 1844 888 1918 subditur,
909 1847 1074 1926 quod
1100 1845 1372 1908 Testator
1402 1865 1525 1907 non
1546 1853 1756 1927 sponte
1776 1865 1908 1920 sua,

357 1937 463 2000 sed
511 1938 858 2021 impellente
912 1939 1064 2003 Debi
1074 1950 1200 2003 tore
1243 1939 1504 2022 pretium
1563 1950 1909 2021 receperat,

354 2036 608 2095 maximo
635 2036 777 2114 quia
800 2055 915 2095 non
936 2036 1060 2117 ipse
1086 2046 1347 2115 περᾶναί
1372 2084 1387 2106 ,
1413 2036 1506 2097 ssd
1526 2035 1741 2097 debitor
1760 2037 1915 2096 ultro

352 2129 655 2207 pecuniam
675 2127 999 2200 obtulerat,
1036 2149 1208 2209 quam
1240 2125 1496 2212 offerente
1526 2131 1648 2211 ipso
1676 2121 1790 2190 non
1810 2149 1914 2210 po-

357 2224 470 2282 tuit
496 2242 608 2281 non
633 2223 912 2303 accipere.

472 2314 585 2379 Vel
610 2316 755 2397 quia
779 2315 1062 2381 derelicta
1086 2316 1457 2398 quaestione,
1480 2337 1559 2379 an
1582 2338 1657 2379 ex
1681 2316 1913 2380 aliena·

363 2409 527 2473 tione
545 2410 633 2473 rei
664 2409 899 2493 legatae
921 2410 1347 2495 extinguatur,
1388 2411 1483 2474 vel
1517 2411 1918 2473 imminuatur

359 2503 649 2586 legatum,
672 2524 811 2568 cum
837 2504 940 2568 hic
959 2515 1018 2569 et
1047 2525 1212 2568 nunc
1233 2525 1353 2567 non
1376 2513 1591 2587 agatur
1611 2505 1685 2568 de
1711 2505 1915 2567 decem

359 2595 507 2659 locis
524 2597 828 2661 Montium
855 2598 1068 2681 legatis
1089 2645 1106 2672 ,
1135 2607 1196 2662 et
1243 2597 1647 2662 controversia
1681 2598 1918 2663 redacta

359 2689 438 2751 ad
492 2690 781 2753 terminos
829 2689 1009 2774 legati
1065 2691 1391 2755 Missarum
1426 2689 1793 2772 adimplendi
1842 2711 1918 2754 ex

361 2780 660 2845 fructibus
703 2783 905 2846 decem
952 2782 1226 2846 locorum
1260 2784 1603 2857 Montium,
1655 2804 1917 2864 quorum

368 2875 489 2939 tria
519 2874 767 2938 fuerunt
793 2896 828 2939 a
856 2877 1163 2940 Testatore
1188 2879 1450 2941 alienata
1469 2928 1487 2951 ,
1514 2898 1633 2941 non
1661 2879 1919 2954 videtur,

363 2971 528 3051 quod
550 2990 824 3053 unquam
847 2971 1060 3035 haeres
1106 2972 1296 3035 teneri
1325 2973 1511 3054 possit
1538 2973 1616 3034 ad
1643 2972 1922 3053 supplen-

360 3065 509 3126 dum
533 3112 550 3135 ,
604 3073 734 3127 tum
777 3066 923 3146 quia
957 3068 1019 3126 in
1058 3061 1226 3140 una‘,
1261 3067 1600 3147 eademque
1647 3067 1924 3130 oratione

362 3162 664 3233 Testatur,
689 3168 810 3224 tam
840 3160 968 3223 loca
999 3162 1334 3236 Montium,
1376 3183 1562 3245 quam
1591 3183 1745 3225 onus
1773 3163 1918 3225 Mis·

362 3272 569 3316 aarum
589 3254 938 3334 complexus
963 3264 1073 3327 est,
1108 3255 1172 3316 in
1202 3257 1430 3336 quibus
1458 3255 1926 3318 circumstantiis

366 3348 522 3411 Loca
551 3349 850 3410 Montium
902 3358 1060 3410 stare
1108 3350 1399 3412 dicuntur
1451 3350 1714 3412 taxative
1740 3397 1757 3421 ,
1803 3370 1923 3412 non

367 3443 832 3506 demonstrative
855 3492 871 3514 ,
906 3444 1145 3505 Roman.
1176 3446 1241 3504 in
1261 3447 1474 3524 sinqul.
1504 3449 1641 3507 430.
1669 3444 1920 3506 Montio.

368 3538 434 3598 de
470 3539 803 3617 conjecturis
837 3540 935 3598 tib.
968 3542 1065 3599 12.
1116 3541 1208 3599 tit.
1261 3544 1320 3599 6.
1369 3559 1528 3599 niam.
1579 3544 1678 3601 24.
1732 3552 1783 3601 st
1823 3545 1922 3600 25.

364 3630 590 3693 Menoe.
630 3633 696 3693 ds
738 3635 1076 3712 praescript.
1131 3635 1230 3693 lib.
1286 3637 1345 3694 4.
1389 3645 1736 3713 praesumpt.
1790 3639 1923 3696 1t7.

367 3745 527 3786 num.
553 3729 650 3787 48.
675 3736 724 3786 et
746 3746 894 3806 seqq.
921 3724 1127 3788 Cestii.
1157 3739 1402 3788 controv.
1420 3729 1576 3805 juris
1601 3729 1698 3788 tib.
1725 3734 1781 3790 4.
1801 3750 1925 3809 cap.

371 3825 470 3882 54.
501 3841 658 3881 num.
694 3824 794 3881 2⁰.
832 3830 882 3881 et
909 3841 1057 3898 seqq.
1081 3821 1229 3884 Rota
1256 3823 1420 3883 decis.
1457 3827 1596 3883 456.
1629 3844 1787 3885 num.
1825 3829 1921 3886 34.

371 3926 423 3976 st
448 3934 596 3995 seqq.
629 3935 818 3977 coram
840 3915 1133 3984 Mer-lino,-
1167 3925 1294 3977 tum
1328 3917 1473 3996 quia
1503 3918 1774 3980 Testatur
1805 3938 1920 3979 uon

370 4007 629 4090 incoepit
655 4009 733 4072 ab
762 4029 949 4072 onere
977 4056 994 4083 ,
1034 4010 1136 4071 sed
1163 4029 1199 4073 a
1224 4030 1459 4072 summa
1488 4057 1505 4084 ,
1538 4032 1612 4073 ex
1662 4031 1786 4092 quo
1834 4032 1929 4075 se-

370 4103 582 4183 quitur
606 4102 732 4165 loca
760 4104 1059 4165 Montium
1088 4124 1207 4165 non
1243 4113 1403 4167 stare
1431 4105 1925 4177 demonstrative,

372 4197 475 4259 sed
507 4196 769 4258 taxative
794 4242 811 4269 ,
857 4197 1033 4278 juxta
1061 4197 1297 4260 celebre
1324 4198 1554 4259 Votum
1584 4199 1824 4274 Domini
1857 4197 1931 4261 de

375 4290 627 4354 Veccbis
641 4290 788 4353 olim
807 4289 1120 4353 Secretarii
1147 4291 1330 4373 hujus
1349 4292 1480 4354 Sac.
1505 4292 1928 4375 Congregatio·

382 4383 477 4447 nis
510 4384 867 4465 impressum
899 4386 1054 4466 apud
1091 4382 1346 4466 crispin.
1395 4391 1459 4448 in
1489 4408 1595 4450 sua
1618 4391 1938 4451 visitatione

371 4479 657 4559 pastorali
677 4488 839 4558 parto
865 4481 924 4538 2.
962 4476 1027 4559 §-
1069 4483 1165 4540 18.
1211 4499 1371 4540 num.
1427 4485 1485 4540 6.
1541 4481 1705 4562 quod
1750 4482 1931 4544 Sacra

375 4572 770 4655 Congregatio
794 4573 855 4634 in
883 4571 1019 4635 facti
1044 4573 1455 4655 contingentia
1479 4594 1714 4654 semper
1732 4584 1935 4639 secuta

376 4676 497 4741 est;
519 4665 902 4746 admissoque
933 4667 1094 4747 quod
1127 4667 1255 4728 loca
1287 4667 1586 4729 Montium
1629 4677 1789 4731 stent
1816 4689 1936 4731 non

375 4756 852 4820 demonstrative
875 4804 892 4831 ,
923 4758 1025 4819 sed
1061 4759 1360 4834 taxative,
1390 4771 1576 4822 cessat
1610 4780 1937 4841 quaecum-

377 4871 500 4935 que
521 4851 813 4934 obligatio
848 4850 1126 4914 haeredis
1153 4852 1228 4914 ad
1259 4854 1698 4935 supplendum.

497 4946 611 5009 His
638 4945 875 5027 positis,
909 4947 1264 5027 quaeritur:

502 5044 597 5103 An
628 5041 843 5104 Missae
871 5043 935 5101 in
964 5043 1230 5120 futurum
1269 5044 1630 5107 celebrandae
1658 5047 1773 5105 sint
1816 5065 1944 5106 cum

386 5138 667 5215 fructibus
696 5136 1080 5195 tantummodo
1107 5146 1308 5217 septem
1340 5137 1583 5197 locorum
1615 5138 1941 5213 Montium,

384 5231 471 5291 vol
497 5231 684 5310 potius
713 5248 821 5289 esse
849 5229 1038 5290 debeat
1071 5231 1220 5291 locus
1245 5232 1647 5311 supplementa

493 5356 648 5407 Sacra
673 5354 870 5422 Congr.
900 5354 987 5407 die
1010 5354 1064 5405 2.
1093 5355 1344 5407 Octobris
1374 5357 1531 5409 1721.
1563 5358 1863 5426 respondit:

566 5440 662 5493 Ad
677 5442 920 5510 primam
948 5441 1105 5501 dubii
1116 5454 1331 5509 portem
1353 5444 1614 5512 negative.
1646 5444 1741 5497 Ad
1760 5461 1949 5497 secun·

382 5529 506 5581 dam
534 5527 900 5599 affirmative,
929 5541 982 5583 ee
1006 5530 1272 5599 acceptius.

718 5630 926 5670 esaan.
970 5631 1083 5669 xiv.
1122 5630 1270 5672 τοι.
1310 5617 1419 5674 ΧΗ.

3270 545 3380 598 290

2435 678 2799 773 Q'UAEsno
2848 695 3153 760 ccxxx.

2049 882 2120 945 In
2146 882 2339 948 Causa
2368 883 2698 961 Meletensi,
2727 886 2816 947 die
2845 889 2940 946 13.
2971 884 3310 966 Septembris
3342 886 3515 944 1721.

2013 1033 2383 1169 Gregorius
2412 1087 2713 1150 Falcettus
2734 1087 3042 1151 Parochus
3059 1087 3357 1150 Ecclesiae
3377 1086 3437 1146 S.
3469 1085 3565 1146 Jo-

2017 1179 2194 1241 annis
2234 1181 2533 1262 Baptistae
2560 1183 2783 1245 Terrae
2822 1182 3204 1245 Melicucciae
3229 1228 3246 1256 ,
3281 1200 3437 1263 quae
3463 1200 3567 1241 su-

2017 1272 2147 1335 best
2174 1274 2473 1356 Religioni
2508 1274 3136 1360 Hierosolymitanae,
3183 1286 3243 1337 et
3265 1295 3421 1356 quae
3450 1276 3567 1336 sita

2015 1376 2103 1429 est
2126 1367 2286 1431 intra
2319 1368 2539 1431 limites
2557 1370 2856 1433 Dioecesis
2884 1369 3164 1433 Meleten.
3195 1369 3339 1432 huic
3364 1388 3568 1431 sacrae

2018 1460 2481 1545 congregationi
2517 1464 2830 1545 exposuit,
2855 1464 3019 1547 quod
3046 1464 3111 1527 in
3137 1464 3442 1546 sequelam
3461 1484 3567 1525 cu-

2016 1557 2255 1638 jusdam
2282 1557 2696 1621 transactionis
2718 1558 2906 1622 initae
2926 1563 3276 1621 annot588.
3303 1569 3425 1621 tam
3444 1557 3568 1620 fru-

2015 1660 2167 1724 ctus,
2193 1657 2253 1712 et
2285 1653 2513 1714 reditus
2532 1653 2608 1715 ad
2629 1672 2799 1715 suam
2829 1653 3241 1716 Parochialem
3263 1652 3568 1733 pertinen-

2019 1752 2142 1817 tes,
2193 1766 2376 1826 quam
2415 1745 2524 1810 alii
2555 1755 2887 1828 spectantes
2916 1749 2992 1810 ad
3028 1746 3327 1810 Beneficia
3369 1746 3432 1808 S.
3466 1745 3572 1809 Pe-

2021 1839 2099 1901 tri
2128 1886 2145 1914 ,
2194 1841 2582 1904 Beatissimae
2608 1839 2879 1925 Virginis
2901 1841 3341 1905 Consolationis
3359 1887 3376 1915 ‚
3406 1851 3467 1904 et
3505 1842 3567 1903 S.

2024 1933 2324 1998 Leonardi
2354 1935 2686 2019 exiguntur
2712 1955 2749 1999 a
2772 1936 3036 2017 quadam
3066 1938 3324 1999 Persona
3344 1937 3571 2017 specia-

2023 2027 2164 2090 liter
2215 2030 2500 2112 deputata
2523 2076 2542 2105 ,
2578 2030 2981 2112 detractisque
3020 2030 3329 2092 nonnullis
3373 2031 3572 2094 detra·

2025 2121 2275 2195 hendis,
2320 2125 2680 2187 dividuntur
2710 2125 2869 2188 inter
2910 2124 3098 2188 dictos
3138 2123 3529 2187 Beneficiatos
3553 2172 3571 2196 ‚

2021 2227 2081 2280 et
2122 2218 2626 2281 Communitatem
2664 2221 3158 2303 Presbyterorum
3206 2218 3401 2281 dictae
3428 2221 3573 2279 Ter-

2029 2331 2164 2385 rae,
2205 2311 2361 2374 itaut
2395 2313 2522 2395 ipse
2542 2333 2874 2396 congruam
2901 2334 3018 2376 non
3061 2315 3310 2385 habeat,
3343 2312 3574 2394 suppli-

2023 2405 2309 2488 cavitque
2342 2427 2451 2487 pro
2481 2407 2885 2471 declaratione
2919 2408 3215 2472 nullitatis
3251 2427 3433 2489 supra
3482 2427 3576 2468 re-

2028 2500 2290 2564 censitae
2308 2502 2729 2565 conventionis
2754 2547 2772 2577 ,
2793 2502 2889 2565 vel
2918 2502 2995 2566 ad
3025 2502 3226 2564 minus
3267 2522 3378 2583 pro
3401 2501 3578 2563 liber-

2030 2603 2152 2658 tate
2175 2597 2257 2658 ab
2283 2597 2492 2658 eadem
2522 2595 2859 2671 recedendi,
2889 2596 3060 2661 etsie
3085 2594 3427 2659 vindicandi
3458 2594 3582 2657 fru-

2026 2699 2162 2752 ctus
2194 2710 2403 2753 omnes
2427 2736 2447 2764 ,
2476 2700 2535 2752 et
2580 2701 2907 2772 proventus
2938 2690 3015 2754 ad
3057 2711 3230 2755 suam
3261 2689 3583 2753 Parochia-

2037 2782 2156 2844 lem
2184 2783 2509 2846 Ecclesiam
2561 2793 2931 2865 spectantes,
2966 2805 3106 2847 cum
3158 2781 3583 2864 protestatione

2027 2878 2403 2960 adimplendi
2438 2878 2672 2952 omnia,
2706 2897 2865 2960 quae
2890 2879 3066 2942 officii
3092 2888 3236 2942 sunt
3274 2877 3584 2961 parochia·

2034 2971 2140 3046 lis,
2171 2983 2232 3033 et
2253 2974 2429 3054 juxta
2472 2993 2700 3034 morem
2732 2973 2914 3036 Sacra
2949 2973 3343 3056 Congregatio
3368 2972 3583 3055 jussit,

2033 3064 2199 3145 quod
2232 3063 2602 3127 scriberetur
2644 3066 2939 3149 Episcopo
2976 3087 3085 3149 pro
3115 3067 3542 3129 informatione
3566 3110 3584 3140 ,

2033 3168 2096 3222 et
2123 3169 2262 3222 voto
2287 3205 2304 3221 .

2150 3255 2457 3335 Scriptum
2507 3254 2624 3316 suit
2649 3256 2974 3337 Episcopo,
3004 3255 3109 3337 qui
3140 3246 3381 3326 retulit,
3423 3254 3592 3335 quod

2033 3350 2156 3411 sub
2179 3350 2432 3411 obtentu
2464 3349 2825 3431 antiquioris
2865 3351 3178 3431 cujusdam
3205 3349 3590 3413 consuetudi-

2040 3443 2135 3505 nis
2159 3490 2176 3517 ,
2205 3443 2355 3507 inita
2380 3444 2498 3507 fuit
2527 3465 2689 3505 anno
2722 3451 2893 3507 1588.
2925 3445 3223 3526 quaedam
3245 3442 3585 3516 conventio,

2040 3534 2104 3596 in
2127 3556 2249 3617 qua
2272 3547 2392 3599 tam
2417 3538 2741 3612 Parochus,
2767 3540 2951 3620 quam
2974 3536 3080 3600 alii
3106 3546 3225 3599 tres
3245 3535 3591 3599 Beneficiati

2038 3650 2345 3693 assensum
2378 3632 2843 3712 praestiterunt,
2875 3632 3036 3713 quod
3064 3651 3313 3694 suornm
3358 3631 3591 3694 Benefi-

2041 3726 2278 3788 ciorum
2322 3725 2555 3789 fructus
2581 3727 2967 3809 exigerentur
2995 3746 3030 3788 a
3062 3727 3456 3791 procuratore
3478 3725 3590 3786 eli-

2040 3821 2239 3903 gendo
2256 3868 2273 3895 ,
2298 3831 2357 3883 et
2381 3821 2796 3884 dividerentur
2818 3842 2953 3883 cum
2983 3820 3231 3884 caeteris
3257 3820 3593 3883 Sacerdoti·
3656 3862 3671 3869 »ν

2042 3917 2155 3978 bus
2181 3918 2430 3986 Terrae.
2465 3917 2569 3998 qui
2606 3927 2747 3980 tunc
2774 3926 2947 3979 erant
2974 3914 3343 3997 quindecim,
3366 3915 3597 3996 quique

2041 4010 2302 4072 ulterius
2348 4020 2798 4091 assumpserunt
2845 4010 2909 4071 in
2949 4029 3013 4072 se
3053 4029 3208 4071 onus
3248 4007 3592 4070 celebrandi

2043 4114 2161 4166 tres
2205 4104 2418 4167 Missas
2465 4105 2736 4186 qualibet
2782 4104 3155 4166 hebdomada
3180 4148 3197 4176 ,
3237 4103 3590 4185 providendi

2041 4197 2340 4261 Ecclesias
2364 4245 2382 4273 ,
2421 4200 2483 4261 in
2530 4200 2755 4280 quibus
2793 4197 3093 4261 Beneficia
3120 4199 3235 4261 sita
3283 4206 3427 4259 sunt
3452 4244 3470 4271 ,
3521 4199 3597 4260 de

2043 4291 2333 4353 omnibus
2365 4294 2742 4366 necessariis,
2771 4302 2832 4356 et
2872 4291 3340 4355 administrandi
3383 4290 3598 4354 Sacra·

2044 4396 2252 4448 menta
2280 4388 2361 4448 Ba
2373 4387 2576 4468 ptismi
2600 4434 2617 4461 ,
2644 4387 2865 4451 Viatici
2893 4434 2911 4462 ,
2942 4397 3002 4450 et
3024 4398 3330 4449 extremae
3357 4383 3601 4448 Unctio-

2048 4481 2142 4543 nis
2165 4527 2183 4556 ,
2245 4491 2486 4562 praeter
2532 4483 2652 4546 alia
2673 4529 2692 4558 ,
2738 4502 2897 4565 quae
2928 4483 2994 4544 in
3038 4482 3166 4563 ipsa
3204 4479 3603 4543 conventione

2048 4574 2162 4658 legi
2195 4585 2463 4655 possunt.

2164 4668 2367 4730 Addit
2391 4668 2720 4752 Episcopus
2744 4669 3024 4733 scandala
3044 4666 3193 4731 oriri
3220 4686 3298 4730 ex
3323 4666 3435 4729 hac
3459 4684 3607 4729 con-

2050 4760 2370 4835 ventione,
2397 4782 2535 4823 cum
2554 4762 2940 4825 Sacramenta
2963 4768 3029 4823 ut
3057 4760 3389 4843 plurimum
3410 4758 3606 4821 admi-

2050 4853 2389 4917 nistrentur
2407 4875 2443 4919 a
2472 4856 2892 4920 Sacerdotibus
2922 4854 3238 4936 imperitis,
3261 4852 3368 4934 qui
3397 4852 3459 4915 id
3484 4851 3604 4915 sibi

2049 4969 2268 5030 arroga
2283 4958 2384 5024 nt,
2411 4950 2581 5013 nulla
2614 4950 3002 5031 praecedente
3018 4948 3479 5031 approbatione,
3500 4966 3611 5010 nec

2053 5042 2179 5105 ullo
2205 5063 2313 5125 per
2329 5064 2700 5126 consequens
2717 5044 2998 5109 examine
3022 5043 3609 5126 praecedente30nm·

2052 5158 2176 5218 que
2203 5138 2459 5221 singulis
2481 5138 2659 5201 annis
2680 5149 3007 5202 memorata
3027 5136 3470 5202 administratio
3494 5136 3611 5198 sub

2053 5232 2230 5295 hasta
2255 5243 2540 5315 ponatur,
2570 5246 2629 5296 et
2654 5234 2958 5299 deferatur
2976 5234 3053 5296 ad
3076 5232 3478 5305 Sacerdotem,
3498 5230 3608 5312 qui

2054 5344 2116 5387 se
2136 5327 2313 5389 offert
2334 5348 2466 5390 eam
2491 5326 2712 5389 minori
2736 5347 3040 5390 assumere
3062 5324 3352 5399 mercede,
3374 5333 3615 5405 praeter

2056 5421 2464 5484 execrabilem
2492 5421 2657 5485 hunc
2679 5421 2966 5504 operandi
3009 5420 3255 5483 modum
3281 5467 3297 5490 ,
3321 5428 3387 5481 ut
3417 5417 3611 5499 pluri-

2066 5541 2231 5583 mum
2259 5540 2336 5582 ex
2362 5515 2476 5581 hoc
2511 5515 2665 5589 facto
2701 5516 3000 5592 derivare,
3029 5514 3189 5597 quod
3214 5513 3500 5575 Sacerdos
3516 5530 3617 5574 ca-

2634 5608 2637 5613 ’
3221 5612 3291 5663 ³⁹
