4393 6299
1596 546 1712 617 ω]
1736 545 1795 597 113
1820 546 1854 597 s
1883 545 1930 599 τ
1960 511 2065 598 ιό
2115 522 2292 598 xxxi.
3333 546 3403 597 ετ

468 706 590 768 Pro
640 700 1041 785 applicatione
1064 694 1213 762 facit
1242 699 1462 781 primo,
1497 699 1661 780 quod
1706 717 1910 761 versa-

352 821 493 864 mur
513 802 577 862 in
594 801 777 863 Missa
795 797 1067 880 quotidie
1094 796 1454 859 celebranda
1475 815 1550 856 ex
1569 793 1912 874 dispositio-

348 914 426 958 ne
476 894 743 958 hominis
768 942 784 968 ,
840 894 900 954 in
949 908 1073 973 quo
1109 910 1311 951 rerum
1360 898 1519 951 statu
1548 899 1722 971 urget
1770 909 1910 969 pro-

348 990 600 1073 positio,
636 989 797 1071 quod
829 987 1131 1069 obligatus
1157 987 1234 1067 ad
1263 985 1691 1047 celebrandum
1712 1029 1729 1057 ,
1759 984 1911 1046 ohli-

348 1094 524 1167 gatus
553 1084 736 1146 etiam
768 1088 1043 1145 censetur
1069 1079 1144 1141 ad
1168 1077 1592 1160 applicandum
1619 1097 1727 1157 pro
1750 1078 1910 1138 Fun-

348 1180 561 1242 datore
583 1225 601 1252 ,
629 1178 767 1240 licet
790 1177 850 1238 in
873 1176 1252 1237 Fundatione
1276 1173 1440 1234 nulla
1467 1173 1621 1234 facta
1643 1173 1716 1233 sit
1749 1193 1910 1236 men·

347 1274 436 1336 tio
461 1270 916 1355 applicationis»,
945 1272 1118 1352 juxta
1142 1268 1455 1349 antiquam
1480 1266 1908 1330 resolutionem

348 1368 537 1451 hujus
583 1368 750 1430 Sacr.
787 1364 1281 1447 Congregationis
1318 1362 1380 1424 in
1424 1362 1622 1424 Tincn.
1661 1365 1908 1442 applica·

349 1465 521 1525 tionis
552 1461 846 1542 sacrificii
873 1464 969 1521 18.
998 1459 1248 1537 Anqusti
1278 1462 1452 1518 1668.
1481 1476 1617 1518 cum
1648 1455 1785 1519 aliis
1812 1477 1907 1519 re-

345 1552 1289 1621 solutionibusconcordantibus
1319 1552 1626 1614 laudatam
1659 1551 1720 1612 in
1763 1550 1910 1614 solio

223 1697 231 1703 -
348 1649 847 1734 Congregationis
896 1668 932 1711 a
965 1669 1062 1710 me
1095 1647 1420 1710 distributo
1435 1667 1541 1727 pro
1564 1648 1652 1707 dic
1685 1651 1782 1707 12.
1808 1646 1909 1708 Fc-

349 1748 579 1810 marii
605 1746 776 1825 hujus
811 1746 1052 1823 ejusdcm
1078 1746 1221 1806 anni
1259 1748 1431 1804 1718.
1458 1745 1522 1803 in
1552 1741 1746 1805 Causa
1772 1743 1907 1805 Fer·

341 1844 560 1904 rariori.
591 1842 992 1921 applicationis
1020 1840 1360 1901 Missurum.

466 1934 637 1998 Facit
665 1935 929 1996 secundo
961 1953 1069 2014 pro
1096 1932 1498 2015 applicatione
1519 1979 1534 2003 ,
1560 1934 1720 2013 quod
1771 1933 1910 1997 licet

342 2031 483 2113 pius
530 2029 844 2091 Fundator
900 2028 1238 2109 quamlibet
1285 2027 1699 2090 hebdomadae
1747 2028 1906 2089 diem

348 2122 742 2205 expresserit,
775 2122 1145 2204 designando
1167 2120 1628 2202 applicationem
1646 2166 1663 2194 ‚
1684 2131 1739 2183 et
1764 2142 1907 2183 ean·

352 2217 486 2280 dem
504 2215 970 2299 applicationem
1003 2236 1123 2277 non
1153 2214 1559 2297 designaverit
1594 2235 1704 2296 pro
1727 2216 1908 2279 Missa

347 2312 708 2375 celebranda
735 2311 836 2374 die
861 2310 1180 2372 Dominico
1207 2355 1224 2382 ,
1258 2308 1404 2371 hinc
1435 2318 1631 2371 tamen
1664 2329 1782 2371 non
1814 2310 1907 2372 in-

345 2406 575 2481 fertur,
612 2406 777 2487 quod
828 2406 985 2468 dicta
1022 2405 1120 2467 die
1146 2404 1410 2466 voluerit
1441 2404 1788 2485 relinquere
1833 2406 1907 2468 li-

343 2501 555 2564 beram
588 2499 879 2562 Sacrificii
903 2499 1366 2581 applicationem
1388 2542 1405 2571 ,
1438 2498 1539 2559 sed
1572 2499 1768 2577 potius
1792 2499 1905 2560 sibi

346 2595 618 2658 vindicat
676 2595 873 2657 locum
933 2594 1341 2675 praesumptio
1365 2637 1382 2666 ,
1435 2594 1600 2674 quod
1656 2595 1911 2673 singulis

345 2688 765 2751 hebdomadae
798 2688 1013 2750 diebus
1057 2686 1320 2749 voluerit
1381 2706 1490 2767 pro
1540 2687 1796 2769 singulis
1846 2688 1908 2750 in

344 2782 701 2864 particulari
768 2782 1232 2863 applicationem
1291 2780 1582 2844 Sacrificii
1618 2828 1635 2856 ,
1692 2793 1752 2846 et
1813 2784 1912 2847 die

340 2878 662 2942 Dominico
713 2879 962 2940 eandem
1017 2876 1280 2940 voluerit
1304 2876 1767 2957 applicationem
1798 2899 1911 2960 pro

340 2972 628 3036 omnibus
657 2972 719 3033 in
748 2970 1078 3034 communi.

454 3069 616 3128 Tum
641 3065 787 3147 quia
812 3064 946 3145 pius
964 3066 1235 3126 Testator
1254 3062 1319 3124 in
1339 3064 1549 3126 eodem
1571 3067 1909 3129 Testamen-

343 3169 401 3225 to
429 3209 445 3231 ,
506 3160 575 3222 in
623 3160 833 3221 eadem
876 3159 1151 3220 oratione
1203 3168 1263 3219 et
1310 3178 1448 3219 cum
1500 3159 1708 3221 eadem
1770 3161 1909 3223 dote

341 3257 595 3319 alteram
614 3252 1068 3335 Cappellaniam
1097 3252 1422 3326 fundavit,
1454 3261 1674 3316 etcum
1703 3256 1905 3340 quoad

338 3350 493 3413 hanc
516 3348 688 3411 nulla
712 3350 789 3410 sit
809 3346 1128 3409 difficultas
1144 3393 1161 3420 ,
1188 3346 1375 3408 immo
1403 3347 1635 3410 clarum
1656 3349 1735 3410 sit
1758 3369 1904 3429 quo-

343 3445 637 3508 tidianam
671 3442 934 3505 voluisse
967 3443 1184 3504 Missae
1210 3442 1672 3522 applicationem
1699 3490 1715 3516 ,
1745 3445 1904 3506 idem

336 3541 633 3622 judicium
649 3539 767 3601 erit
784 3539 968 3601 etiam
990 3537 1303 3599 ferendum
1325 3538 1391 3597 in
1413 3537 1628 3599 ordine
1649 3541 1725 3600 ad
1749 3541 1901 3621 Cap-

342 3635 702 3718 pellaniam‚
733 3633 807 3694 de
842 3651 964 3712 qua
997 3652 1156 3693 nunc
1198 3632 1422 3714 agitur.

453 3732 609 3793 Tum
631 3727 776 3810 quia
806 3726 1085 3790 Monachi
1115 3727 1314 3788 Sancti
1341 3727 1641 3807 Gregorii,
1669 3727 1731 3787 in
1756 3746 1902 3808 quo-

344 3841 483 3888 rnm
510 3824 777 3887 Ecclesia
807 3823 926 3884 fuit
960 3840 1239 3902 praesens
1273 3821 1659 3901 cappellania
1692 3821 1903 3884 funda-

345 3929 444 3993 ta,
491 3920 739 3981 Missam
771 3915 1156 3998 applicarunt
1196 3916 1377 3978 etiam
1410 3917 1507 3978 die
1547 3909 1900 3993 Dominic03

348 4012 409 4074 in
433 4027 648 4075 eorum
675 4011 897 4072 etenim
924 4009 1101 4070 libris
1124 4009 1406 4071 adnotata
1431 4019 1519 4071 est
1537 4032 1570 4072 a
1591 4012 1903 4091 Cappella-

346 4127 424 4168 no
450 4107 797 4170 celebrante
822 4104 1147 4167 celebratio
1172 4151 1188 4177 ,
1222 4106 1444 4167 nedum
1475 4106 1612 4168 aliis
1644 4108 1855 4168 diebus
1883 4153 1898 4179 ,

340 4204 441 4265 ced
459 4204 644 4265 etiam
668 4201 768 4262 die
796 4200 1132 4261 Dominico.
1174 4199 1503 4270 Uniformis
1529 4201 1681 4262 haec
1699 4211 1900 4264 autem

339 4296 648 4360 adnotatio
676 4294 1076 4367 demonstrat,
1107 4294 1571 4374 applicationem
1601 4341 1617 4367 ,
1661 4315 1786 4357 non>
1805 4317 1901 4357 so·

339 4391 466 4453 lum
490 4391 630 4455 aliis
652 4390 888 4460 diebus,
904 4387 1005 4450 sed
1029 4389 1209 4450 ctiam
1228 4390 1327 4450 die
1344 4390 1659 4452 Dominico
1685 4391 1927 4454 factam*

344 4485 567 4559 fuisse,
621 4493 682 4547 et
708 4485 787 4547 ab
817 4484 929 4546 hac
959 4482 1251 4544 uniformi
1289 4485 1679 4547 adnotatione
1704 4487 1901 4549 oritur

342 4580 758 4652 observantia,
794 4596 953 4659 quae
999 4578 1160 4640 viam
1189 4580 1385 4661 aperit
1415 4580 1900 4661 interpretationi

339 4674 671 4738 voluntatis
692 4673 773 4754 pii
800 4671 1186 4734 Fundatoris.

458 4770 627 4832 Facit
655 4767 830 4831 tertio
854 4786 965 4847 pro
993 4767 1416 4849 applicatione,
1446 4770 1612 4851 quod
1635 4771 1900 4834 Ecclesia

337 4863 535 4926 Sancti
565 4860 878 4944 Gregorii,
904 4861 965 4921 in
990 4881 1110 4941 qua
1134 4862 1271 4934 fuit,
1301 4864 1389 4924 uti
1415 4863 1714 4937 diximus,
1742 4865 1895 4945 Cap-

339 4956 600 5038 pellania
625 4955 910 5028 fundata,
942 4955 1141 5017 Missis
1161 4955 1435 5018 abundat
1458 5002 1475 5030 ,
1509 4959 1731 5019 nedum
1766 4960 1895 5022 die-

340 5051 452 5113 bus
495 5050 813 5114 ferialibus
836 5098 852 5121 ‚
901 5050 1003 5111 sed
1033 5050 1211 5111 etiam
1259 5051 1358 5112 die
1386 5052 1734 5114 Dominico.
1764 5054 1896 5116 Dici

342 5165 483 5228 ergo
514 5146 759 5227 nequit,
790 5146 952 5225 quod
989 5146 1259 5206 Testator
1299 5146 1398 5207 die
1430 5147 1744 5208 Dominico
1793 5169 1896 5208 vn-

343 5238 519 5302 luerit
572 5237 910 5318 simplicem
977 5237 1194 5300 Missae
1246 5238 1714 5301 celebrationem
1789 5261 1898 5321 pro

344 5333 554 5416 majori
576 5334 745 5396 cultu
767 5331 1089 5406 Ecclesiae,
1115 5340 1175 5393 et
1194 5352 1304 5412 pro
1328 5334 1541 5414 Majori
1567 5336 1898 5396 commodi·

343 5437 459 5491 tate
506 5427 768 5509 Populi,
824 5427 898 5487 ad
931 5446 1063 5487 cam
1114 5428 1480 5489 accedentis:
1528 5431 1599 5490 Et
1632 5439 1898 5491 cessante

341 5521 450 5586 hoc
477 5533 791 5607 respectu,
816 5529 1001 5584 cessat
1051 5522 1229 5597 ratio,
1271 5532 1513 5605 propter
1556 5543 1742 5606 quam
1781 5524 1897 5587 fuit
1942 5507 1953 5614 2

2021 696 2173 759 alias
2213 698 2291 760 ab
2331 698 2445 762 hac
2474 699 2656 762 Sacra
2696 701 3173 783 Congregatione
3209 704 3576 768 determina-

2025 802 2174 864 tum,
2199 794 2360 872 quod
2387 793 2787 877 cappellanus
2803 842 2820 869 ,
2845 796 2952 877 qui
2979 799 3294 861 tenebatur
3317 802 3575 866 celebra-

2021 906 2107 959 re,
2137 908 2257 950 non
2292 892 2606 952 tenebatur
2629 890 2957 970 applicare,
2977 893 3154 973 juxta
3183 897 3582 964 resolutiones

2019 982 2079 1043 in
2111 983 2294 1045 citato
2322 984 2468 1046 folio
2495 984 2806 1067 allegatas.

2137 1077 2185 1138 E
2227 1087 2434 1140 contra
2492 1080 2782 1141 adversus
2832 1080 3296 1162 applicationem
3361 1089 3578 1155 Missae

2018 1168 2116 1230 die
2170 1173 2487 1235 Dominico
2546 1173 2774 1236 faciunt
2808 1195 2878 1237 ea
2905 1220 2922 1249 ,
2981 1195 3139 1257 quae
3190 1195 3530 1259 sequuntur
3552 1230 3571 1247 .

2017 1262 2356 1327 Cardinalis
2388 1268 2699 1330 Fundator
2733 1271 3003 1350 geminas
3035 1271 3453 1354 cappellanias
3481 1281 3577 1342 in-

2017 1360 2253 1433 stituit,
2312 1362 2563 1425 alteram
2619 1364 2678 1424 in
2733 1365 2989 1428 Ecclesia
3038 1368 3291 1433 Sanctae
3345 1375 3578 1439 Mariae

2018 1454 2489 1534 Transpnntem,
2533 1478 2671 1520 cum
2719 1459 3122 1523 celebratione
3165 1465 3381 1529 Missae
3421 1489 3576 1549 quo·

2019 1550 2287 1613 tidiauae
2311 1572 2420 1632 pro
2438 1553 2726 1635 suffragio
2752 1554 3007 1616 Animae
3032 1577 3176 1619 suae
3195 1606 3208 1627 ,
3232 1561 3486 1624 alteram
3510 1565 3573 1628 in

2017 1643 2280 1707 Ecclesia
2328 1647 2528 1708 Sancti
2564 1647 2873 1729 Gregorii,
2907 1653 3276 1715 enumeratis
3320 1655 3533 1721 diebus
3555 1704 3573 1738 ,

2017 1746 2071 1798 et
2098 1738 2368 1818 personis
2390 1786 2407 1813 ,
2447 1760 2557 1825 pro
2575 1743 2950 1823 quihuserat
2976 1745 3333 1825 applicanda
3369 1751 3579 1826 Missa,

2018 1840 2075 1892 et
2101 1832 2322 1895 omisso
2349 1835 2448 1895 die
2470 1835 2808 1907 Dominico,
2841 1838 2903 1898 in
2925 1859 3048 1919 quo
3072 1841 3147 1902 de
3173 1824 3582 1922 applicatione

2017 1925 2252 1989 locutus
2277 1948 2394 1990 non
2416 1938 2525 1992 est.
2551 1930 2677 2013 Dici
2699 1952 2842 2012 crgo
2867 1934 3099 2013 nequit,
3128 1938 3290 2016 quod
3319 1940 3578 2005 voluerit

2017 2040 2128 2101 pro
2174 2024 2378 2084 anima
2430 2044 2537 2086 sua
2581 2026 3042 2106 applicationem
3075 2030 3174 2092 die
3215 2034 3530 2098 Dominico
3559 2086 3579 2106 .

2015 2136 2152 2178 cum
2181 2118 2592 2181 animae‘suae
2618 2122 2944 2183 consulerit
2984 2143 3090 2203 per
3111 2127 3582 2204 applicationem

2018 2210 2239 2273 Missae
2268 2214 2657 2293 quotidianae
2696 2216 2774 2276 ab
2810 2215 2931 2276 alio
2967 2216 3333 2299 Cappellano
3365 2222 3426 2285 in
3455 2224 3581 2289 alia

2010 2305 2277 2369 Ecclesia
2331 2307 2748 2371 celebrandae.
2803 2310 3126 2391 Similique
3176 2315 3410 2378 ratione
3459 2319 3579 2382 dici

2018 2417 2141 2459 non
2175 2410 2397 2479 potest,
2428 2403 2591 2483 quod
2621 2404 2720 2466 die
2749 2406 3064 2469 Dominico
3090 2408 3353 2472 voluerit
3377 2413 3575 2494 appli-

2017 2494 2314 2557 cationem
2346 2496 2407 2557 in
2458 2499 2800 2570 communi,
2835 2520 2944 2582 pro
2984 2502 3270 2565 omnibus
3316 2503 3438 2568 illis
3466 2524 3581 2586 pro

2017 2588 2243 2675 quihus
2273 2590 2744 2662 demandaverat
2774 2593 3235 2675 applicationem
3276 2600 3337 2660 in
3385 2601 3576 2680 parti-

2018 2682 2254 2757 culari,
2285 2684 2424 2748 aliis
2463 2686 2676 2748 diebus
2705 2708 2810 2768 per
2846 2688 3041 2769 ipsum
3071 2691 3435 2774 designatis,
3468 2716 3572 2757 ur-

2018 2785 2195 2859 gente
2221 2779 2439 2841 nedum
2467 2781 2783 2845 discretiva
2804 2784 2962 2846 inter
2981 2785 3140 2847 diem
3167 2789 3578 2865 Dominicum,

2016 2883 2077 2935 et
2115 2873 2268 2935 alios
2292 2875 2418 2936 dies
2442 2922 2458 2949 ,
2501 2877 2604 2938 sed
2632 2877 2814 2938 etiam
2848 2881 3110 2943 taxativa
3141 2902 3251 2961 pro
3280 2883 3418 2945 aliis
3445 2886 3573 2947 die-

2017 2968 2133 3030 bus
2153 3014 2170 3042 ,
2199 2978 2259 3031 et
2292 2989 2412 3031 non
2462 2991 2569 3051 pro
2600 2972 2697 3033 die
2725 2974 3042 3036 Dominico
3066 3021 3083 3049 ,
3117 2977 3178 3037 in
3212 2997 3336 3059 quo
3367 2998 3578 3043 rerum

2015 3070 2173 3125 statu
2202 3078 2228 3137 ,'
2270 3064 2495 3126 durum
2526 3065 2765 3128 videtur
2789 3113 2806 3141 ,
2836 3071 3001 3151 quod
3031 3070 3213 3132 Missa
3243 3071 3340 3134 die
3365 3073 3573 3135 Domi-

2018 3157 2152 3220 nico
2179 3159 2259 3221 si‘t
2278 3179 2354 3222 ex
2382 3171 2696 3241 praecepto
2726 3162 3090 3226 Fundatoris
3118 3166 3499 3245 applicanda.

2131 3253 2395 3317 Additur
2415 3300 2432 3328 ‚
2463 3256 2625 3335 quod
2654 3255 3046 3337 disputato‘in
3069 3259 3182 3322 hac
3212 3260 3391 3323 Sacra
3418 3263 3576 3324 Con-

2014 3348 2365 3429 gregatione
2413 3349 2632 3423 dubio,
2662 3369 2740 3412 an
2770 3363 2922 3414 esset
2960 3353 3058 3415 die
3098 3355 3344 3416 Sabbati
3393 3357 3580 3422 Missa

2011 3442 2368 3522 applicanda
2385 3489 2402 3516 ,
2430 3442 2489 3503 in
2517 3442 2793 3525 hypotesi
2819 3490 2835 3517 ,
2868 3446 2930 3506 in
2955 3465 3084 3526 qua
3107 3448 3446 3510 Fundatrix
3469 3451 3573 3511 de-

2014 3536 2408 3599 mandaverat
2453 3537 2914 3617 applicationem
2972 3540 3110 3603 aliis
3161 3542 3580 3607 hebdomadae

2011 3628 2227 3691 diebus
2254 3675 2270 3702 ,
2318 3638 2378 3692 et
2416 3629 2878 3711 applicationem
2932 3652 3053 3696 non
3104 3636 3576 3705 demandaverat
3600 3642 3613 3657 ‘

2012 3724 2110 3786 die
2137 3724 2384 3786 Sabbati
2414 3769 2430 3797 ‚
2467 3725 2568 3786 sed
2593 3725 2927 3807 simplicem
2972 3727 3035 3789 in
3068 3728 3174 3791 illo
3217 3732 3575 3795 celebratio·

2011 3838 2150 3880 nem
2177 3865 2194 3892 ,
2248 3839 2599 3898 responsum
2629 3818 2747 3882 fuit
2771 3825 3057 3900 myativc,
3097 3823 3184 3885 uti
3236 3826 3577 3890 desumitur

2011 3933 2085 3975 ex
2126 3914 2274 3975 solio
2297 3913 2791 3996 Congregationis
2833 3916 3079 3979 habitae
3106 3918 3204 3980 die
3235 3924 3288 3979 1’.
3323 3923 3571 3984 Decem-

2014 4007 2140 4069 bris
2171 4013 2347 4070 1714.
2386 4029 2494 4088 pro
2523 4008 2714 4071 Causa
2747 4011 3022 4072 Romana
3050 4013 3437 4076 Reductionis
3461 4061 3478 4089 ,
3516 4026 3576 4079 et

2011 4101 2435 4182 applicationis
2474 4101 2830 4176 Missarum‚
2881 4115 2941 4165 et
2987 4125 3064 4166 ex
3097 4105 3222 4167 alio
3266 4106 3416 4169 solio
3464 4130 3578 4188 pro

2016 4197 2496 4279 Congregatione
2517 4195 2614 4258 die
2640 4203 2733 4258 15.
2761 4195 3109 4261 Decembris
3136 4206 3307 4262 1712.
3345 4205 3441 4264 tib.
3469 4209 3570 4266 64.

2010 4290 2396 4353 merciorum.

2130 4386 2245 4447 His
2265 4385 2606 4470 praemissis
2621 4432 2637 4459 ,
2664 4385 2981 4466 quaeritur

2126 4481 2178 4542 1.
2231 4481 2328 4541 An
2358 4481 2636 4543 Monaehi
2677 4485 2898 4542 ratione
2926 4483 3110 4544 (lictae
3156 4481 3574 4563 Cappcltam'ae

2012 4585 2311 4637 tencantur
2347 4577 2424 4637 ad
2451 4576 2872 4635 celebrationem
2908 4574 3124 4636 Missae
3156 4576 3249 4636 die
3277 4577 3578 4641 Dominico

2011 4671 2075 4729 in
2096 4677 2234 4730 casu
2256 4682 2359 4731 otc.
2395 4680 2445 4730 ct
2469 4679 2747 4748 quatenus
2777 4669 3135 4748 affirmative:

2116 4762 2210 4823 ·11.
2245 4762 2344 4823 An
2379 4774 2677 4824 tencantur
2697 4765 2775 4825 ad
2806 4764 3044 4841 ejusdem
3072 4763 3297 4825 Missae
3310 4768 3571 4846 applica-

2009 4861 2247 4931 tionem,
2281 4870 2334 4918 ct
2367 4869 2645 4937 quatenus
2672 4859 3035 4937 affirmativa

2124 4950 2240 5012 111.
2272 4950 2369 5011 An
2394 4952 2581 5032 quoad
2606 4953 2976 5032 praeteritum
2995 4953 3110 5011 sint
3134 4954 3478 5017 absolvendi.

2109 5145 2268 5196 Sacra
2289 5142 2644 5212 congregatio
2691 5141 3026 5195 decisionem
3078 5141 3283 5196 distulit
3315 5145 3386 5198 ac}
3409 5146 3572 5199 aliam

2001 5231 2164 5285 diem.
