4393 6299
996 534 1065 582 υ
1989 526 2440 604 Quem-iones
2493 537 2854 591 canonicas

816 698 873 750 et
903 688 1174 769 exhibita
1206 689 1505 769 praedicta
1536 688 1940 753 declaratione
1967 709 2170 753 coram
2194 660 2372 759 01·ᾶὶ-
2481 709 2733 773 mosyna
2783 697 2982 752 tamen
3027 688 3327 750 librarum
3379 694 3516 750 300.
3573 682 3989 752 tantummodo
4014 738 4030 761 ,

820 786 1023 857 nario,
1051 784 1353 847 licentiam
1380 786 1459 846 ab
1487 785 1693 869 eodem
1723 785 1821 846 die
1853 790 1948 845 18.
1985 782 2153 845 Junit
2189 789 2365 846 1715.

2482 804 2642 866 quae
2671 792 2817 845 tune
2841 795 2973 847 erat
2992 783 3292 847 sufficiens
3322 785 3499 865 juxta
3535 791 3738 846 taxam
3784 805 3856 846 eo
3887 795 4039 846 tem-

813 880 1148 959 reportavit
1175 879 1574 942 contrahendi
1597 879 2050 947 matrimonium
2072 925 2088 951 ,
2119 878 2282 960 quod
2311 889 2371 941 et
2485 897 2630 959 pore
2658 879 2982 962 vigentem.

816 976 1252 1055 subsequenter
1294 974 1598 1035 contraxit
1636 994 1776 1035 cum
1814 973 2008 1036 Maria
2038 972 2375 1037 Emanuela

819 1069 1097 1131 Penirhe.
1853 1133 1859 1138 ,

937 1164 1076 1225 Post
1126 1171 1502 1225 contractum
1546 1164 2046 1237 matrimonium,
2107 1163 2369 1224 Mathias

814 1258 1201 1320 sanctissimo
1243 1259 1606 1339 supplicavit
1639 1279 1747 1340 pro
1785 1259 2190 1321 declaratione
2214 1259 2369 1320 vali-

815 1353 1021 1414 ditatis
1040 1354 1306 1434 ejusdem
1332 1398 1348 1424 ,
1375 1354 1626 1434 ejusque
1655 1354 1943 1416 instantia
1975 1354 2152 1414 inniti
2199 1374 2369 1435 posse

813 1448 1055 1508 videtur
1081 1447 1353 1526 sequenti
1382 1446 1802 1521 fundamento,
1829 1449 1991 1528 quod
2019 1457 2161 1509 vota
2187 1447 2267 1510 ab
2294 1467 2367 1509 eo

813 1541 1238 1620 praecedenter
1268 1541 1481 1602 emissa
1500 1587 1517 1616 ‚
1550 1550 1696 1603 sunt
1722 1542 1880 1605 Vota
1906 1541 2205 1623 simplicia
2241 1561 2367 1603 non

809 1634 1101 1697 solemnia
1125 1682 1141 1706 ,
1172 1635 1493 1716 solumque
1522 1637 1748 1697 Votum
1777 1636 2043 1699 solemne
2085 1638 2146 1699 in
2202 1637 2369 1701 Reli-

808 1731 988 1810 gione
1014 1730 1350 1811 approbata
1373 1729 1621 1809 impedit
1644 1731 2103 1793 Matrimonium
2127 1743 2370 1794 contra-

806 1822 1100 1895 bendum,
1129 1835 1192 1884 et
1217 1821 1453 1884 dirimit
1481 1832 1878 1896 contractum,
1902 1826 2081 1905 juxta
2103 1826 2365 1887 Textum

810 1921 873 1977 in
903 1939 1029 1998 cap.
1067 1917 1443 1989 Meminimus
1465 1965 1481 1987 ,
1509 1927 1561 1978 et
1586 1920 1653 1978 in
1696 1940 1823 1998 cap.
1870 1919 2238 1993 Insinuante‚
2269 1923 2372 1999 qui

810 2012 1048 2082 Clerici,
1066 2014 1152 2076 vel
1168 2007 1440 2073 voventes:
1467 2012 1731 2093 exceptis
1757 2014 1932 2076 Votis
1958 2015 2365 2098 simplicibus,

811 2125 969 2186 quae
1019 2115 1152 2187 post
1199 2106 1515 2168 biennium
1578 2108 1918 2171 Novitiatus
1957 2109 2020 2170 in
2071 2111 2364 2173 Societate

807 2201 945 2261 Jesu
998 2198 1363 2280 emittuntur
1390 2245 1407 2270 ‚
1458 2220 1722 2280 quorum
1772 2202 1979 2283 vigore
2030 2203 2360 2284 impeditur

812 2294 1267 2357 matrimonium
1286 2302 1659 2357 contractum
1681 2316 1752 2357 ex
1770 2295 2209 2360 Constitutione
2225 2299 2370 2361 Gre-

810 2389 962 2472 gorii
998 2386 1193 2450 xm.
1245 2390 1407 2450 edita
1452 2409 1614 2451 anno
1664 2396 1837 2453 1582.
1897 2411 2055 2472 quae
2110 2392 2363 2473 incipit,

811 2485 1043 2561 Quanto
1068 2485 1413 2562 fructuosius
1436 2531 1452 2553 ,
1480 2491 1540 2544 et
1574 2503 1648 2546 ex
1674 2485 1799 2547 aiia
1818 2484 2083 2567 ejusdem
2118 2486 2367 2549 Pontifi-

805 2582 891 2640 cis
925 2578 1083 2640 edita
1124 2597 1288 2641 anno
1329 2582 1502 2638 1584.
1559 2597 1717 2658 quae
1769 2578 2364 2660 incipit'Ascendente

809 2674 1084 2746 Domino,
1116 2672 1199 2734 ita
1230 2680 1301 2745 ut
1320 2672 1586 2734 dubitari
1622 2681 1857 2735 tantum
1887 2674 2086 2736 valeat
2131 2676 2194 2736 in
2230 2660 2365 2737 foro

805 2765 1239 2836 conscientiae,
1288 2784 1365 2827 an
1392 2765 1614 2825 Orator
1661 2767 1811 2828 citra
1860 2767 2367 2846 dispensationem

810 2862 991 2942 possit
1015 2861 1257 2941 exigere
1279 2860 1556 2938 >debitum
1589 2861 1667 2922 ab
1699 2881 1911 2935 uxore,
1947 2862 2081 2924 licet
2113 2865 2366 2927 reddere

810 2950 1085 3017 teneatur
1113 2999 1129 3024 ,
1154 2955 1334 3035 juxta
1373 2948 1723 3017 doctrinam
1761 2957 1835 3018 D.
1872 2956 2140 3019 Thomae
2190 2961 2256 3018 in
2303 2963 2362 3020 4.

808 3050 971 3111 Sent.
1007 3035 1138 3109 dist.
1169 3054 1265 3109 38.
1300 3058 1514 3126 quaest.
1558 3054 1613 3111 1.
1657 3061 1773 3111 art.
1824 3055 1884 3111 2.
1912 3055 2266 3131 quaestiunc.
2295 3058 2360 3119 ,2.

803 3148 879 3207 ad
903 3151 959 3207 3.
988 3145 1139 3206 etad
1179 3148 1237 3206 tt.
1271 3142 1421 3207 Cum
1444 3153 1644 3206 autem
1673 3144 1939 3208 Mathiae
1967 3146 2262 3210 Gonzalez
2290 3147 2367 3212 de

807 3241 1053 3302 Olivera
1080 3257 1283 3319 preces
1307 3237 1536 3300 fuerint
1558 3258 1595 3301 a
1614 3239 1943 3318 Sanctitate
1962 3241 2186 3304 Sua'ad
2211 3242 2369 3305 hanc

813 3336 978 3396 Sacr.
1021 3332 1561 3414 Congregationem
1598 3334 1919 3408 remissae,
1961 3323 2280 3416 quaeritur

924 3428 1019 3487 An
1042 3429 1502 3502 matrimonium,
1525 3428 1591 3488 de
1620 3447 1731 3508 quo
1756 3430 1976 3509 aqitur,
2005 3432 2081 3490 sit
2107 3432 2368 3494 validum

805 3524 870 3581 in
894 3541 1030 3581 casu
1059 3531 1162 3581 etc.
1594 3529 1598 3537 '

912 3715 1053 3764 Sacr.
1081 3711 1280 3779 Congr.
1311 3710 1402 3764 die
1427 3710 1479 3762 9¹.
1508 3679 1646 3780 Apr.
1675 3715 1830 3767 1718.
1859 3715 2160 3781 respondit,

987 3797 1413 3854 Hatrimonium
1441 3816 1551 3851 esse
1575 3799 1833 3853 validum
1855 3839 1871 3868 ,
1893 3802 1993 3856 s'ed
2015 3803 2276 3862 illicitum
2293 3844 2304 3856 .

1306 3989 1668 4064 QUAEsrto
1720 3993 1892 4057 xx1.
1964 4075 1969 4080 ⁴

838 4177 911 4239 In
939 4151 1132 4239 Causa
1167 4176 1557 4241 Mediolanem
1591 4143 1954 4244 Reduetionis
1978 4184 2320 4258 Missurum,

1253 4272 1343 4333 die
1369 4276 1469 4333 26.
1497 4273 1687 4336 Mart.
1725 4279 1900 4340 1718.

802 4406 1197 4522 Franciscus
1228 4458 1529 4522 Carcanus
1558 4460 1623 4521 in
1644 4480 1757 4523 suo
1780 4461 2029 4537 ultimo,
2064 4484 2199 4527 cum
2235 4484 2359 4547 quo

802 4551 1089 4621 decessit,
1127 4553 1505 4615 Testamento
1536 4555 1778 4617 condito
1820 4576 1982 4618 anno
2026 4563 2202 4618 1620.
2248 4559 2354 4620 de-

799 4645 1148 4720 mandavit,
1180 4656 1247 4708 ut
1279 4650 1613 4728 erigeretur
1643 4650 1941 4728 quaedam
1966 4650 2358 4730 cappellania

812 4738 1068 4800 Laicalis
1101 4739 1176 4799 de
1212 4740 1352 4820 jure
1392 4749 1744 4819 patronatus
1772 4761 1916 4804 suae
1956 4742 2249 4806 Familiae
2291 4744 2358 4808 in

808 4830 1073 4894 Ecclesia
1118 4832 1478 4894 Monialium
1538 4833 2056 4915 Cappuccinarum
2107 4837 2362 4902 Sanctae

796 4926 1087 4987 Praxedis
1115 4925 1389 4989 Civitatis
1435 4927 1788 5002 Mediolani,
1820 4949 1958 4991 eum
1984 4950 2189 4994 annua
2220 4933 2360 4995 dote

803 5019 1103 5082 librarum
1132 5026 1270 5083 700.
1305 5020 1472 5086 illius
1505 5015 1814 5110 monetae,
1853 5044 1929 5086 ex
1969 5026 2148 5092 certis
2185 5028 2364 5090 bonis

801 5114 1173 5177 detrahenda
1197 5162 1216 5189 ,
1266 5125 1323 5178 et
1376 5135 1563 5179 onere
1620 5113 2042 5190 celebrationis
2094 5130 2361 5201 quatuor

805 5208 1130 5271 Missarum
1163 5209 1434 5289 qualibet
1463 5210 1873 5284 bebdomada,
1901 5214 2137 5293 quoties
2162 5213 2245 5277 ad
2281 5214 2359 5276 il-

809 5302 932 5363 lam
965 5303 1382 5365 nominaretur
1412 5305 1698 5369 Sacerdos
1739 5306 1816 5368 de
1849 5307 2127 5371 Familia.
2156 5309 2219 5370 Si
2254 5328 2361 5371 au-

804 5404 923 5456 tem
946 5394 1258 5478 eligendus
1275 5398 1838 5481 essetCappellanus
1855 5411 2202 5478 extraneus,
2216 5403 2363 5467 hnic

802 5489 1092 5574 imposuit
1134 5509 1291 5554 onus
1324 5493 1542 5556 Missae
1587 5495 1979 5580 quotidianae
2014 5517 2155 5564 cum
2198 5496 2355 5560 elee-
2423 5579 2427 5587 Ι

2611 974 2778 1035 ldem
2819 974 3092 1035 Testator
3143 971 3542 1036 codicillando
3563 1018 3580 1045 ,
3634 972 4019 1035 confirmavit

2480 1068 2766 1149 disposita
2797 1068 2861 1129 in
2892 1070 3271 1130 Testamento
3291 1115 3306 1138 ,
3338 1075 3398 1129 et
3424 1066 3694 1140 addidit,
3726 1069 3821 1128 che
3845 1078 4038 1147 poten-

2482 1165 2552 1222 do
2575 1166 2715 1224 detti
2748 1166 2881 1224 miei
2920 1164 3097 1223 Eredi
3133 1165 3346 1222 ritener
3371 1163 3608 1241 qualche
3646 1182 3776 1222 cosa
3806 1164 3869 1222 di
3897 1163 4038 1223 dette

2482 1260 2589 1319 lire
2610 1269 2848 1319 trecento
2871 1304 2886 1331 ,
2912 1260 2961 1319 il
2991 1269 3136 1319 tutto
3166 1254 3301 1319 cede
3328 1278 3366 1318 a
3392 1259 3478 1318 lor
3502 1258 3787 1339 bonefisio·

2601 1352 2691 1413 Ad
2724 1372 2999 1414 normam
3044 1352 3296 1435 hujusce
3334 1351 3744 1431 dispositionis
3776 1352 4040 1412 Joannes

2479 1445 2782 1509 Carcanus
2809 1447 3020 1510 haeres
3047 1446 3351 1510 Francisci
3386 1446 3745 1519 Testatoris,
3773 1445 3836 1507 in
3874 1444 4042 1509 defe-

2479 1548 2642 1601 ctum
2674 1540 3065 1602 Sacerdotum
3092 1541 3167 1602 de
3195 1538 3453 1602 Familia
3474 1585 3491 1612 ,
3522 1540 3907 1602 Sacerdotem
3939 1558 4041 1601 ex-

2479 1644 2757 1697 traneum
2782 1635 3120 1698 nominavit
3136 1636 3201 1697 in
3219 1635 3680 1717 Cappellanum,
3697 1654 3833 1697 cum
3848 1653 4037 1697 onere

2465 1729 2695 1791 ¹Missae
2721 1729 3145 1809 quotidianae,
3187 1738 3249 1791 et
3290 1729 3695 1811 assignatione
3732 1728 4037 1790 librarum

2479 1826 2616 1884 300.
2649 1843 3028 1898 annuarum,
3058 1824 3557 1886 constituentium
3587 1831 3756 1886 scuta
3777 1827 3876 1885 w.
3909 1842 4036 1886 mo-

2470 1925 2655 1979 ·netae
2682 1919 3014 1980 Romanae.
4011 1962 4018 1967 -

2583 2009 3034 2074 'Praetendente
3055 2020 3255 2074 autem
3284 2012 3637 2074 Promotore
3663 2012 3909 2092 piorum
3936 2012 4043 2076 Le-

2476 2113 2756 2186 gatorum
2784 2105 3059 2168 Civitatis
3084 2104 3447 2179 Mediolani,
3472 2106 3635 2185 quod
3658 2106 3928 2166 loannes
3960 2115 4046 2168 te-

2479 2207 2726 2260 neretur
2759 2197 2837 2260 ad
2868 2207 3263 2280 augmentum
3292 2199 3709 2280 eleemosynae
3736 2217 3939 2279 usque
3964 2199 4046 2267 ad

2476 2311 2800 2369 summam,
2822 2301 2882 2353 et
2898 2292 3299 2375 quantitatem
3323 2291 3622 2355 librarum
3641 2297 3780 2356 400.
3806 2312 4051 2358 annua·

2476 2406 2615 2447 rum
2643 2388 2720 2449 ad
2754 2387 3012 2453 formam
3040 2395 3214 2449 taxae
3241 2387 3676 2450 determinatae
3695 2388 3759 2448 in
3790 2388 4050 2470 Synodo

2479 2480 2880 2554 Dioecesana,
2930 2501 3042 2563 pro
3087 2482 3447 2562 quotidiano
3491 2481 3799 2545 Sacrificio
3825 2528 3850 2558 ,
3903 2484 4055 2548 bina

2473 2574 2662 2637 dubia
2684 2575 2933 2639 fuerunt
2953 2577 3016 2638 in
3048 2577 3160 2638 bac
3181 2577 3361 2639 Sacra
3385 2577 3875 2659 congregatione
3908 2598 4058 2658 pro-

2474 2669 2669 2750 posita
2689 2670 2788 2732 die
2806 2677 2865 2732 9.
2890 2672 3261 2753 Septembris
3288 2677 3461 2733 1702.
3494 2672 3688 2751 primo
3714 2670 4041 2747 videlicet,

2473 2765 2572 2826 An
2598 2767 2782 2827 dictus
2805 2767 2997 2827 haeres
3031 2777 3290 2827 teneatur
3313 2767 3391 2827 ad
3412 2777 3782 2845 auqmentum
3815 2769 4056 2828 eleemo-

2472 2880 2647 2939 synae
2673 2863 2737 2919 in
2763 2881 2981 2922 summa
3006 2862 3289 2921 librarum
3314 2863 3452 2922 too.
3485 2871 3535 2921 et
3558 2872 3843 2939 quatenus
3867 2883 4051 2941 neqe-

2475 2956 2634 3019 tive:
2674 2956 2912 3015 secundo
2938 3002 2953 3025 ,
3008 2953 3094 3015 an'
3134 2957 3209 3015 sit
3255 2957 3403 3015 heus
3449 2956 3770 3015 reductioni
3819 2957 4050 3023 Missa·
4085 3013 4089 3018 .

2473 3067 2627 3119 rum,
2653 3052 2705 3109 si
2726 3070 2839 3109 non
2868 3052 3198 3110 inveniatur
3219 3044 3516 3121 Sacerdos,
3540 3051 3644 3128 qui
3664 3052 3804 3111 velit
3829 3054 4051 3114 dictam

2475 3140 2723 3206 Missam
2743 3144 3138 3222 quotidianam
3158 3144 3433 3204 celebrare
3454 3163 3557 3223 pro
3575 3163 3784 3207 annua
3810 3147 4051 3216 eleemoff

2473 3255 2620 3315 syna
2664 3238 2946 3297 librarum
2989 3242 3124 3297 300.
3170 3256 3209 3296 a
3249 3236 3528 3297 Testatore
3568 3243 3940 3320 praescripta
3987 3243 4055 3302 in

2475 3350 2643 3402 casu,
2699 3331 2924 3410 quibus
2970 3329 3174 3391 dubiis
3216 3349 3568 3410 responsum
3602 3330 3719 3391 fuit
3779 3333 3843 3393 in
3893 3334 4057 3395 Con-

2474 3424 2857 3507 gregatione‚
2902 3425 3112 3487 habita
3154 3424 3255 3486 die
3298 3430 3396 3486 30.
3435 3425 3819 3505 Septembris
3867 3433 4051 3489 1702.

2473 3520 2587 3584 hoc
2620 3521 2728 3601 qui
2762 3521 3039 3600 sequitur
3086 3519 3264 3582 modo
3289 3538 3304 3580 ε
3327 3520 3426 3580 ‘ad
3457 3521 3713 3599 primum
3747 3526 4051 3601 respondit

2472 3618 2725 3695 neqative
2749 3664 2766 3686 ,
2799 3617 2876 3677 ad
2903 3615 3212 3677 secundum
3242 3616 3457 3675 censuit
3483 3662 3501 3685 ,
3535 3615 3794 3676 dandam
3823 3636 3941 3677 esse
3968 3637 4062 3679 re-

2472 3712 2807 3770 solutionem
2829 3712 3106 3770 eveniente
3138 3728 3294 3770 casu.

2591 3805 3118 3866 Eminentissimus
3152 3801 3651 3883 Arcbiepiscopus
3684 3802 3750 3864 in
3785 3806 3918 3866 suis
3951 3806 4060 3869 lit-

2472 3898 2617 3961 teris
2643 3898 2879 3978 scriptis
2900 3896 2998 3958 die
3029 3904 3124 3959 10.
3149 3897 3316 3958 Junii
3347 3901 3521 3959 1717.
3551 3896 3766 3968 refert,
3796 3901 4056 3965 nullum

2473 3994 2679 4054 adesse
2708 4012 2785 4055 ex
2814 3991 3072 4055 Familia
3099 3992 3399 4067 Carcana,
3431 3991 3536 4072 qui
3567 3991 4056 4073 Cappellaniam

2470 4088 2691 4160 valeat,
2728 4095 2834 4149 aut
2857 4087 3041 4168 possit
3067 4088 3375 4161 obtinere,
3400 4095 3461 4148 et
3481 4085 3566 4147 sic
3593 4100 4063 4170 consequenter

2471 4181 2890 4244 advocandum
2925 4199 3054 4246 esse
3079 4181 3461 4242 Sacerdotem
3488 4187 3869 4246 extraneum
3889 4230 3909 4257 ,
3944 4206 4061 4251 nee

2468 4275 2667 4339 ullum
2692 4276 2851 4337 inter
2871 4283 3191 4336 extraneos
3212 4272 3508 4355 reperiri,
3545 4274 3658 4354 qui
3697 4295 3849 4337 cum
3884 4298 4064 4359 prae-

2431 4371 2629 4433 «dicto
2657 4369 2965 4451 stipendio
3001 4369 3299 4430 librarum
3351 4372 3486 4429 300.
3533 4387 3862 4433 assumere
3904 4374 4066 4442 velit

2468 4478 2622 4525 onus
2648 4464 2865 4526 Missae
2913 4461 3340 4543 quotidianae;
3381 4469 3525 4548 ¹taxa
3577 4463 3820 4525 etenim
3853 4465 4067 4546 Syno-

2468 4557 2623 4623 dalis
2643 4558 2938 4620 Dioecesis
2955 4555 3423 4621 Mediolanensis
3449 4564 3539 4618 est
3560 4556 3886 4620 librarum
3907 4564 4061 4624 400.

2587 4652 2701 4713 His
2727 4671 2871 4735 ergo
2899 4651 3112 4734 positis
3137 4696 3155 4724 ,
3185 4650 3511 4731 quaeritur
4057 4707 4064 4726 ,

2586 4747 2681 4807 An
2699 4748 2981 4827 supposito
3005 4790 3021 4816 ,
3052 4745 3201 4824 quod
3231 4747 3430 4805 nullus
3457 4747 3812 4807 inveniatur
3846 4748 4068 4812 Sacer-

2467 4842 2562 4901 dos
2581 4889 2597 4910 ,
2623 4843 2726 4920 qui
2759 4843 2893 4901 velit
2921 4839 3168 4902 Missam
3192 4841 3590 4919 quotidianam
3614 4841 3915 4904 celebrare
3959 4865 4075 4925 pro

2466 4956 2666 4998 annua
2682 4937 3025 5014 eleemosyna
3050 4935 3331 4996 librarum
3350 4938 3487 4995 300.
3510 4953 3548 4992 a
3565 4932 3621 4991 T
3616 4944 3875 4998 estatore
3889 4959 4071 5019 prae-

2467 5033 2682 5110 scripta
2707 5075 2724 5102 ,
2746 5031 2824 5091 sit
2855 5030 3005 5090 iocus
3038 5029 3358 5090 reductioni
3381 5029 3447 5087 in
3475 5046 3621 5087 casu
3650 5039 3764 5088 etc.

2575 5219 2719 5272 Sacr.
2745 5218 2944 5286 Congr.
2972 5219 3060 5274 die
3085 5221 3137 5271 9.
3165 5219 3289 5290 Apr.
3320 5217 3478 5271 1718.
3508 5217 3850 5294 respondit,

2648 5303 3025 5377 fffirmative.
3783 5297 3820 5314 Α
