4393 6299
1000 527 1106 578 22⁴

804 682 994 744 factae
1025 682 1086 742 in
1114 682 1487 742 Testamento
1509 678 1779 742 Silvestri
1798 727 1817 754 ,
1846 689 1908 742 et
1937 701 1971 743 e
1997 689 2205 743 contra
2235 680 2342 742 So-

807 777 985 839 cietas
1027 776 1233 838 haeres
1273 773 1503 836 solvere
1542 774 1816 855 promisit
1854 774 2133 856 Hospitio
2174 786 2343 837 scuta

804 871 899 934 bis
937 880 1174 933 centum
1218 869 1513 949 eroganda
1546 869 1610 929 in
1644 868 2000 931 solutionem
2032 869 2209 949 pretii
2239 889 2344 931 cu-

794 967 1035 1049 jusdam
1064 967 1287 1027 Domus
1312 973 1545 1043 emptae
1572 983 1682 1043 pro
1713 983 1823 1025 usu
1853 965 2342 1045 Peregriitorum3

801 1080 1060 1141 cumque
1090 1060 1230 1121 haec
1262 1057 1446 1131 facta,
1476 1068 1536 1119 et
1579 1058 1933 1120 concordata
1974 1058 2202 1120 fuerint
2228 1058 2342 1119 sub

800 1156 1202 1218 reservatione
1241 1151 1593 1232 beneplaciti
1629 1201 1644 1222 ,
1696 1161 1756 1213 et
1796 1171 2067 1213 assensus
2108 1160 2342 1233 aposto-

801 1250 932 1324 lici,
962 1251 1025 1311 in
1056 1246 1347 1329 praesenti
1378 1247 1804 1327 disputandum
1842 1248 2195 1330 proponitur
2230 1247 2338 1309 du-

800 1345 969 1407 bium
1012 1342 1171 1404 infra
1212 1342 1673 1421 exponendum,
1720 1343 1881 1422 quod
1927 1341 2166 1422 respicit
2212 1351 2335 1405 tam

795 1437 1321 1501 commutationem
1353 1436 1677 1500 voluntatis
1693 1484 1709 1510 ,
1741 1456 1925 1518 quam
1944 1438 2339 1518 approbatio·

800 1550 933 1594 nem
964 1530 1400 1593 transactionis.

909 1626 1123 1702 Quoad
1161 1624 1683 1688 commutationem
1729 1624 2088 1699 voluntatis,
2136 1625 2333 1689 eidem

793 1740 869 1783 ex
910 1719 1211 1800 aequitate
1244 1718 1464 1781 dicitur
1497 1719 1694 1781 locum
1738 1740 1863 1781 esse
1902 1720 2155 1791 debere,
2203 1727 2332 1781 tum

794 1816 935 1895 quia
971 1816 1194 1876 Domus
1222 1813 1572 1887 Testatoris,
1608 1814 1669 1874 in
1713 1834 1834 1895 qua
1882 1822 2032 1876 esset
2070 1814 2335 1878 Ecclesia

794 1909 1198 1981 aedificanda,
1228 1917 1315 1970 est
1356 1928 1574 1989 parva,
1608 1909 1823 1989 exigua
1849 1955 1865 1981 ,
1905 1909 2158 1988 incapax
2179 1956 2194 1981 ,
2228 1930 2336 1972 nec

788 2008 979 2084 ‘capax
1014 2002 1146 2064 fieri
1180 2010 1401 2082 posset,
1435 2002 1548 2062 nisi
1588 2013 1930 2063 emerentur
1972 2002 2126 2063 aliae
2167 2003 2333 2083 adja-

790 2108 986 2161 centes
1025 2100 1284 2170 Domus,
1316 2096 1654 2158 exbursatis
1691 2097 1925 2158 circiter
1967 2096 2149 2159 scutis
2190 2102 2328 2159 700.

794 2203 918 2254 tum
957 2193 1103 2274 quia
1129 2194 1387 2265 Domus,
1431 2190 1493 2251 in
1537 2209 1658 2270 qua
1701 2191 1777 2251 ad
1823 2191 2090 2253 tramites
2129 2192 2331 2254 Testu-

792 2286 972 2349 menti
1020 2293 1167 2347 esset
1215 2283 1475 2345 Ecclesia
1514 2283 1917 2359 aedificanda,
1963 2286 2076 2347 sita
2130 2296 2218 2347 est
2267 2286 2328 2347 in

789 2381 990 2443 Platea
1020 2378 1341 2450 frumenti,
1384 2377 1446 2438 in
1490 2396 1610 2458 qua
1641 2389 1951 2441 exercetur
1989 2380 2330 2458 emporium

785 2472 1137 2538 animalium
1163 2470 1613 2532 immundorum
1637 2519 1652 2542 ,
1676 2480 1735 2532 et
1756 2471 1819 2531 in
1844 2490 1963 2552 qua
1989 2482 2182 2533 erecta
2200 2475 2329 2555 jam

786 2569 1083 2648 reperitur
1109 2565 1366 2627 Ecclesia
1397 2564 1704 2626 Societatis
1748 2566 1990 2638 Mortis,
2028 2586 2185 2646 quae
2233 2578 2328 2629 ut-

787 2673 924 2743 pote
955 2679 1164 2741 parum
1206 2659 1432 2721 distans
1473 2679 1509 2721 a
1539 2660 1729 2721 Domo
1763 2658 2029 2721 Silvestri
2059 2661 2326 2723 Testato-

788 2757 903 2827 ris,
931 2754 1400 2817 aemulationum
1423 2801 1439 2824 ,
1472 2761 1531 2815 et
1564 2753 1947 2814 dissidiorum
1976 2763 2128 2816 esset
2155 2756 2328 2836 origo

788 2851 942 2912 inter
988 2848 1300 2927 utriusque
1331 2846 1640 2910 Societatis
1681 2848 2052 2922 Confratres,
2083 2851 2331 2930 quando

783 2964 817 3006 e
863 2952 1069 3007 contra
1114 2941 1277 3003 locus
1320 2941 1662 3023 designatus
1696 2962 1806 3022 pro
1850 2943 2147 3005 Ecclesiae
2183 2965 2326 3006 con·

781 3034 1106 3099 structione
1143 3044 1231 3096 est
1271 3034 1551 3106 Palatiis,
1588 3043 1647 3097 et
1674 3036 1964 3098 Domibus
1996 3039 2324 3101 Nobiliori-

783 3134 895 3195 bus
921 3131 1156 3193 Civium
1184 3129 1618 3203 circumdatus,
1652 3148 1757 3191 nec
1785 3129 1847 3190 in
1891 3152 1962 3193 eo
1989 3131 2193 3213 aliqua
2229 3155 2325 3198 re-

783 3227 1012 3308 peritur
1036 3224 1333 3298 Ecclesia,
1363 3234 1422 3286 et
1456 3223 1693 3285 tandem
1725 3226 1868 3306 quia
1904 3246 2007 3306 per
2040 3228 2195 3290 hanc
2227 3250 2326 3291 vo·

777 3320 1026 3383 luntatis
1043 3319 1569 3381 commutationem
1596 3338 1706 3380 nec
1730 3319 1987 3381 laeditur
2008 3322 2110 3404 jus
2133 3324 2318 3399 tertii,

779 3435 886 3477 nec
914 3415 1130 3476 Anima
1157 3413 1479 3475 Testatoris
1508 3413 1732 3493 patitur
1762 3414 2189 3478 detrimentum
2212 3467 2228 3491 ,
2264 3428 2323 3481 et

776 3510 936 3592 quod
973 3509 1150 3569 etiam
1184 3516 1388 3570 notatu
1420 3508 1671 3590 dignum
1711 3516 1829 3583 est,
1860 3512 2121 3589 praeviis
2148 3513 2318 3575 favo·

777 3602 1070 3665 rabilibus
1092 3601 1617 3664 informationibus
1633 3649 1649 3675 ,
1672 3611 1796 3665 tam
1820 3603 2108 3680 defuncti,
2132 3626 2318 3688 quam

775 3695 1100 3777 praesentis
1138 3694 1448 3775 Episcopi,
1493 3695 1783 3759 Universa
1813 3695 2036 3760 Civitas
2065 3720 2173 3780 pro
2219 3722 2320 3764 ea-

774 3789 909 3851 dem
955 3789 1136 3850 instat
1180 3789 1679 3863 commutatione,
1725 3799 1793 3852 ut
1835 3810 1910 3853 ex
1950 3794 2320 3858 Testimonio

771 3884 1154 3967 Magistratus
1183 3882 1458 3965 Fulginei
1489 3883 1763 3947 exhibito
1791 3887 2020 3948 desumi
2053 3897 2260 3969 potest.

889 3977 1099 4052 Quoad
1142 3978 1636 4058 approbationem
1679 3998 1824 4041 vero
1865 3983 2315 4059 transactionis,

771 4074 900 4155 ejus
925 4071 1382 4134 fundamentum
1413 4074 1797 4136 constituitur
1821 4075 1885 4135 in
1911 4077 2173 4139 evidenti
2206 4079 2316 4141 uti-

772 4166 973 4238 litate,
1019 4186 1174 4246 quae
1209 4167 1270 4227 in
1316 4175 1643 4249 utrumque
1678 4170 1900 4231 Locum
1942 4172 2116 4232 Pium
2162 4174 2317 4235 deri-

771 4270 902 4332 vat3
932 4260 1269 4340 Hospitium
1299 4261 1518 4322 etenim
1548 4282 1610 4323 se
1637 4262 1857 4326 liberat
1880 4284 1914 4326 a
1940 4267 2142 4329 debito
2169 4288 2311 4330 con·

770 4365 957 4417 tracto
987 4374 1094 4435 pro
1126 4355 1316 4415 Domo
1358 4364 1589 4435 empta,
1623 4357 1685 4418 in
1729 4378 1862 4420 eam
1899 4380 2136 4422 causam
2178 4382 2313 4424 ero—

766 4447 963 4530 gando
1008 4456 1171 4509 scuta
1219 4453 1354 4508 200.
1396 4468 1551 4529 quae
1589 4450 1771 4513 habet
1809 4473 1843 4513 a
1873 4452 2198 4528 Societate,
2249 4467 2310 4520 et

765 4541 1025 4603 Societas
1065 4539 1409 4602 facultatem
1436 4543 1696 4622 acquirit
1722 4545 2075 4607 aedificandi
2106 4549 2309 4612 Eccle-

763 4635 916 4697 siam
942 4634 1007 4696 in
1038 4633 1167 4695 loco
1194 4633 1451 4713 aptiori,
1483 4636 1720 4717 sibique
1748 4640 1938 4719 magis
1968 4640 2118 4703 bene
2147 4643 2295 4706 viso.

881 4728 994 4789 His
1019 4730 1318 4790 stantibus
1335 4778 1350 4799 ‚
1380 4729 1728 4810 quaeritur:

878 4821 975 4880 An
1016 4822 1090 4881 sit
1131 4824 1278 4882 locus
1316 4824 1742 4884 commutationi
1777 4826 2123 4898 voluntatis,
2157 4831 2310 4892 itaut

763 4916 1071 4978 transactio
1095 4917 1169 4976 sit
1192 4917 1559 4995 approbanda
1586 4918 1648 4976 ia
1675 4937 1830 4979 casu.

866 5105 1020 5157 Sacra
1045 5104 1227 5174 Congr
1272 5105 1576 5175 respondit:

941 5201 1314 5272 Affirmaet‘ve.

1979 529 2424 598 QUAESTtONEs
2474 529 2837 582 cumulata

2833 681 3192 758 QUAESTIO
3232 678 3627 746 CLXXVIII.

2533 870 2604 929 In
2633 869 2823 934 Causa
2851 871 3102 952 Aquensi
3131 872 3689 945 Dismcmbratiom‘s,
3720 873 3810 933 dio
3840 878 3935 935 13.

3048 965 3207 1028 Iulii
3237 971 3410 1027 1720.

2451 1091 2799 1234 Aquenses
2822 1153 3130 1216 Praesules
3157 1155 3235 1215 ab
3264 1152 3516 1232 antiquo
3556 1160 3825 1233 tempore
3853 1172 4001 1215 exo-

2452 1254 2732 1326 ptarunt,
2764 1257 2832 1310 ut
2861 1249 2925 1309 in
2955 1248 3190 1329 Oppido
3219 1248 3442 1310 Saxelli
3476 1249 3809 1329 erigeretur
3843 1269 4003 1312 nova

2449 1341 2770 1416 Parochia,
2801 1362 2872 1405 eo
2897 1345 3011 1404 sub
3041 1343 3467 1416 fundamento,
3498 1343 3660 1423 quod
3683 1343 3999 1404 Parochia-

2449 1435 2524 1496 lis
2547 1436 2810 1499 Ecclesia
2856 1437 2916 1499 S.
2949 1438 3199 1499 Joannis
3243 1437 3544 1517 Baptistae
3586 1438 3664 1498 ab
3706 1456 3776 1498 eo
3819 1438 4001 1499 distat

2448 1550 2553 1610 per
2584 1530 2749 1591 mille
2778 1551 3016 1611 passus,
3049 1541 3109 1593 et
3143 1531 3334 1604 ultra,
3374 1531 3525 1593 itaut
3552 1532 3625 1592 ad
3658 1532 3848 1611 ipsam
3882 1531 4001 1612 op.

2446 1623 2651 1704 pidani
2688 1625 2903 1697 Senes,
2950 1625 3163 1697 Pueri,
3205 1625 3434 1705 aliique
3472 1624 3783 1687 debilitate
3826 1625 3997 1687 labo-

2445 1726 2647 1779 rantes
2673 1738 2797 1780 non
2836 1719 2968 1781 sine
3012 1739 3232 1800 magna
3257 1718 3639 1792 difficultate,
3671 1727 3731 1781 et
3766 1719 3999 1782 incom-

2445 1811 2621 1872 modo
2649 1812 2925 1874 accedere
2954 1813 3200 1893 possint.

2562 1904 2693 1965 Non
2725 1905 2919 1985 potuit
2945 1906 3163 1967 horum
3196 1906 3549 1968 Praesulum
3580 1905 3837 1968 intentio
3864 1927 4000 1970 exe-

2442 1999 2668 2059 cutioni
2720 2001 2991 2062 mandari
3036 2011 3277 2082 propter
3306 2009 3643 2081 temporum
3685 2001 3996 2063 calamita-

2444 2102 2561 2167 tes;
2593 2114 2852 2175 cumque
2892 2095 3002 2157 hoc
3042 2096 3283 2157 interim
3325 2097 3402 2157 ab
3444 2096 3653 2155 iisdem
3699 2105 3992 2158 statutum

2440 2187 2662 2263 fuerit,
2709 2191 2872 2270 quod
2916 2191 3075 2252 Fons
3119 2191 3527 2269 Baptismus,
3573 2200 3631 2251 et
3675 2191 3988 2253 Sanctissi-

2443 2302 2605 2343 mum
2633 2284 3050 2345 Eucharistiae
3076 2284 3526 2345 Sacramentum
3561 2284 3620 2344 in
3661 2284 3782 2346 alia
3816 2306 3992 2366 repo-

2440 2386 2727 2438 nerentur
2762 2377 3054 2450 Ecclesia,
3089 2396 3166 2437 ne
3214 2377 3474 2449 infirmi,
3518 2379 3704 2439 noctis
3734 2398 3997 2459 praeser-

2441 2470 2547 2532 tim
2597 2480 2895 2551 tempore,
2927 2472 3058 2533 sine
3085 2471 3483 2533 Sacramentis
3517 2473 3903 2545 decederent,
3935 2480 3996 2536 et

2438 2565 2737 2646 Oppidani
2769 2566 2991 2628 Saxelli
3014 2613 3029 2639 ,
3067 2586 3175 2647 pro
3200 2586 3447 2627 suarum
3488 2567 3713 2627 virium
3746 2567 3992 2629 modulo

2436 2661 2862 2721 constructioni
2896 2680 3086 2721 novae
3112 2661 3408 2722 Ecclesiae
3437 2660 3858 2734 incubuerint,
3891 2682 3989 2725 res

2434 2772 2505 2814 eo
2543 2754 2778 2815 tandem
2809 2755 3081 2827 devenit,
3115 2763 3180 2816 ut
3208 2773 3370 2816 anno
3405 2761 3576 2816 1718.
3609 2755 3791 2818 fuerit
3823 2776 3988 2819 com-

2437 2846 2593 2926 pleta
2649 2847 2910 2909 Ecclesia
2961 2848 3076 2909 sub
3127 2848 3513 2910 Invocatione
3566 2849 3987 2914 Sanctissimae

2435 2943 2780 3013 Trinitatis,
2814 2962 2922 3023 pro
2947 2944 3118 3024 cujus
3158 2943 3296 3004 dote
3335 2943 3612 3004 nonnulli
3644 2945 3884 3006 Fratres
3910 2945 3987 3007 de

2434 3037 2827 3117 Romagninis
2852 3036 3191 3098 donationis
3215 3037 3391 3098 titulo
3419 3038 3802 3118 assignarunt
3824 3040 3982 3102 bona

2432 3130 2808 3192 ascendentia
2839 3129 2912 3192 ad
2945 3149 3216 3192 annuum
3248 3129 3510 3192 fructum
3543 3140 3849 3194 scutorum
3880 3139 3979 3195 60.

2432 3234 2490 3287 et
2530 3225 2689 3286 ultra
2724 3227 3167 3298 Romanorum,
3200 3246 3335 3286 curn
3370 3227 3716 3290 conditione
3748 3236 3979 3304 tamen,

2432 3322 2589 3399 quod
2617 3319 2861 3381 donatio
2888 3339 3063 3381 suum
3095 3321 3368 3382 effectum
3397 3320 3623 3384 habere
3652 3342 3769 3383 non
3798 3325 3982 3386 debe-

2433 3423 2552 3487 ret,
2588 3415 2697 3474 nisi
2729 3426 3077 3495 sequeretur
3104 3417 3322 3477 erectio
3346 3436 3537 3477 novae
3559 3417 3884 3479 parochiae
3914 3419 3977 3480 in

2429 3508 2690 3570 Ecclesia
2721 3509 3139 3570 Sanctissimae
3168 3510 3480 3571 Trinitatis
3514 3529 3649 3571 cum
3693 3512 3979 3574 dismem-

2431 3604 2705 3665 bratione
2743 3624 2775 3664 a
2808 3604 3140 3664 Parochiali
3182 3604 3442 3666 Ecclesia
3484 3603 3543 3664 S.
3577 3605 3830 3666 Joannis
3861 3609 3978 3671 Ba-

2428 3696 2674 3777 ptistae,
2711 3698 2795 3758 uti
2845 3697 3025 3759 latius
3060 3717 3134 3758 ex
3166 3700 3570 3758 Instrumento
3601 3699 3975 3776 donationis,

2427 3812 2464 3854 a
2490 3792 2805 3854 Communi
2816 3801 2932 3853 tate
2958 3803 3292 3871 acceptatae
3311 3843 3324 3862 ,
3359 3794 3588 3854 desumi
3629 3802 3838 3873 potest.

2545 3886 2732 3946 Porro
2767 3885 2922 3947 hanc
2957 3905 3144 3946 novae
3172 3887 3538 3948 Parochialis
3572 3889 3930 3951 erectionem
3953 3937 3969 3963 ,

2426 3980 2760 4053 parochus,
2802 3981 2929 4041 sive
2956 3980 3454 4062 Archipresbyter
3493 3981 3553 4042 S.
3589 3982 3838 4045 loannis
3870 3987 3978 4047 Ba-

2425 4074 2637 4154 ptistae
2685 4073 3018 4154 praetendit
3073 4093 3188 4133 non
3243 4094 3368 4135 esse
3416 4075 3748 4138 faciendam
3777 4125 3793 4150 ,
3845 4089 3974 4140 tum

2424 4167 2567 4248 quia
2624 4175 2753 4246 post
2804 4166 3146 4246 antiquiora
3202 4168 3633 4250 Episcoporum
3686 4171 3922 4234 decreta
3949 4224 3967 4247 ,

2424 4260 2683 4322 Ecclesia
2711 4259 2770 4320 S.
2796 4260 3046 4322 ¹loannis
3066 4261 3395 4340 Baptistae,
3419 4272 3478 4323 et
3506 4263 3694 4326 altera
3719 4265 3972 4328 Sanctis·

2422 4354 2608 4416 simae
2659 4353 2973 4415 Trinitatis
3003 4399 3021 4427 ,
3078 4353 3322 4416 habitae
3373 4355 3623 4419 fuerunt
3680 4367 3990 4440 tanquam'

2423 4447 2656 4520 unitae,
2687 4456 2745 4509 et
2772 4447 3290 4529 Archipresbyteri
3325 4449 3400 4511 de
3432 4460 3692 4532 utraque
3719 4453 3967 4517 fuerunt

2421 4540 2642 4620 provisi
2690 4560 2725 4601 a
2762 4540 2911 4600 Sede
2950 4541 3324 4620 Apostolica,
3376 4552 3498 4604 tum
3545 4546 3691 4626 quia
3732 4546 3968 4609 itineris

2421 4633 2908 4706 incommoditaS,
2944 4653 3101 4714 quae
3127 4634 3330 4697 adesse
3363 4637 3583 4699 dicitur
3614 4641 3812 4719 quoad
3848 4641 3967 4721 Op-

2418 4728 2669 4808 pidanos
2699 4726 2921 4788 Saxelli
2952 4747 3093 4810 erga
3124 4730 3448 4792 Ecclesiam
3479 4732 3538 4791 S.
3571 4733 3821 4795 Joannis
3849 4737 3966 4797 Ba-

2418 4821 2651 4900 ptistae,
2677 4821 2942 4902 procedit
2963 4823 3141 4884 etiam
3167 4825 3366 4903 quoad
3391 4825 3563 4898 alios,
3585 4827 3648 4887 in
3673 4828 3966 4891 Domibus

2417 4913 2861 4987 RusticelibuS,
2912 4915 3235 4996 parvisque
3275 4917 3449 4999 Pagis
3498 4919 3807 5000 degentes,
3857 4922 3966 5002 qui

2419 5027 2608 5069 novae
2652 5008 2973 5089 erigendae
3014 5009 3348 5071 Parochiali
3388 5013 3868 5092 assignarentur,
3903 5024 3965 5079 et

2414 5103 2652 5164 tandem
2684 5102 2828 5181 quia
2861 5101 2987 5181 ipse
3015 5101 3075 5161 in
3105 5102 3367 5165 Ecclesia
3395 5104 3497 5165 SS-
3532 5104 3844 5169 Trinitatis
3873 5127 3965 5171 re·

2413 5197 2564 5259 tinet
2591 5195 3007 5277 coadjutorem
3027 5242 3043 5268 ,
3074 5194 3407 5277 Oppidanis
3434 5198 3813 5263 Sacramenta
3854 5203 3963 5264 mi·

2414 5290 2764 5350 nistrantem
2782 5333 2798 5361 ,
2828 5288 2892 5349 in
2921 5307 3044 5368 quo
3072 5308 3273 5350 rerum
3303 5299 3458 5351 statu
3479 5336 3496 5363 ,
3524 5310 3646 5353 non
3680 5302 3768 5354 est
3794 5293 3964 5357 locus

2412 5382 2693 5445 erectioni
2721 5401 2910 5444 novae
2933 5381 3289 5454 Parochiae,
3321 5403 3456 5444 cum
3480 5385 3700 5447 erectio
3722 5387 3799 5449 sit
3821 5390 3962 5451 sub·

2412 5477 2727 5540 sidiarium
2755 5477 3121 5550 remedium,
3150 5478 3326 5559 juxta
3358 5476 3596 5543 firmata
3626 5480 3689 5542 in
3724 5481 3818 5548 his
3852 5492 3964 5546 ter-
