4393 6299
1684 466 2326 533 QUAEs'rtovm.
3416 477 3460 527 ff

425 616 889 682 ordinationem
919 619 1226 682 Benedicti
1280 622 1357 682 ad
1390 641 1455 682 se
1491 631 1797 702 spectare:
1847 621 1987 685 licet
2095 625 2344 695 itineris,
2373 623 2562 705 officii,
2589 626 2903 706 loyationis,
2924 636 3272 690 mercaturae
3294 674 3310 699 ,
3334 628 3421 688 sel
3440 627 3634 706 eujus·

426 713 581 773 enim
608 712 904 776 Nicolaus
945 715 1076 795 ejus
1102 715 1278 776 Pater
1307 723 1483 777 natus
1510 715 1591 777 sit
1621 716 1687 777 in
1733 715 1989 780 Civitate
2099 720 2184 778 cis
2219 720 2460 781 alterius
2488 722 2809 800 temporalis
2832 740 3020 782 morae
3038 768 3056 793 ,
3098 741 3195 782 scu
3213 725 3636 804 permanentia

423 808 578 881 Vici,
596 818 833 871 certum
852 807 1253 871 nihilominus
1270 818 1359 871 est
1377 810 1537 889 quod
1553 830 1587 872 a
1600 811 1875 891 quinque
1891 832 1988 873 su-

418 924 526 985 pra
543 904 792 986 triginta
815 904 996 966 annis
1008 923 1071 967 se
1083 906 1386 968 transtulit
1409 906 1484 968 ad
1505 906 1820 969 Civitatem
1839 908 1988 971 Nea·

421 1000 782 1080 politanam,
802 999 866 1061 in
884 1019 1007 1081 qua
1031 1010 1297 1062 moratus
1311 1010 1421 1074 est,
1434 1011 1493 1063 et
1509 1010 1803 1072 moratur,
1820 1021 1988 1064 exer-

2095 813 2215 890 cjus
2262 812 2459 875 Patris
2482 817 2545 874 in
2559 817 2664 875 illo
2685 816 2819 885 loco,
2847 818 2941 876 sed
2961 836 3094 879 vera
3136 827 3360 879 tantum
3382 827 3436 878 et
3457 826 3633 879 natu-

2102 909 2249 967 ralis
2273 906 2470 969 Patris
2490 911 2647 987 oripo
2669 911 2775 969 erit
2798 910 3167 971 attendenda:
3184 919 3246 971 et
3270 909 3451 989 paulo
3475 918 3630 992 post:

2101 999 2380 1062 Subditus
2413 1013 2600 1064 autem
2617 1006 2840 1065 ratione
2865 1005 3141 1066 domicilii
3169 1005 3245 1065 ad
3265 1003 3512 1086 effectum
3534 1024 3634 1065 su·

416 1095 608 1157 cendo
634 1103 828 1157 artem
874 1095 1288 1177 argentariam
1307 1144 1324 1167 ,
1347 1106 1407 1158 et
1435 1096 1860 1178 gemmariam3
1891 1097 1981 1160 uti
2098 1097 2375 1176 scipiendi
2399 1098 2644 1171 ordines,
2664 1101 2713 1159 is
2738 1099 3028 1161 duntaxat
3051 1111 3362 1173 censeatur,
3390 1101 3492 1179 qui
3512 1100 3639 1160 licet

417 1189 640 1252 nedum
653 1210 731 1251 ex
752 1189 1033 1252 Testibus
1052 1190 1431 1264 examinatis,
1444 1191 1544 1252 sed
1565 1210 1641 1253 ex
1661 1192 1982 1255 confessio·

416 1303 496 1347 ne
514 1285 793 1365 judiciali
835 1285 1028 1366 ipsius
1053 1285 1282 1348 Nicolai
1305 1286 1663 1348 desumitur.
1694 1287 1978 1362 Additur,

2090 1192 2236 1251 alibi
2279 1203 2451 1253 natus
2508 1194 2716 1272 fuerit,
2774 1195 2926 1254 illud
2953 1242 2968 1264 ,
3017 1204 3204 1256 tamen
3239 1195 3376 1255 adeo
3414 1195 3635 1255 stabili·

2090 1297 2176 1347 ter
2215 1289 2567 1348 constituerit
2606 1291 2670 1347 in
2709 1290 2906 1368 aliquo
2926 1291 3061 1362 loco,
3085 1289 3634 1369 velperdecennium

415 1380 581 1458 quod
612 1378 877 1442 Uxorem
901 1380 1162 1442 duxitin
1177 1379 1384 1442 eadem
1397 1380 1748 1454 Civitate,in
1772 1382 1979 1445 eadem
2093 1383 2297 1443 saltem
2333 1383 2398 1440 in
2441 1401 2501 1441 eo
2539 1383 2867 1453 habitando,
2896 1384 2984 1443 vel
3007 1383 3277 1461 majorem
3322 1401 3536 1452 rerum,
3566 1400 3635 1443 ac

416 1491 662 1554 quoque
705 1474 931 1536 liberos
966 1477 1309 1555 procreavit
1338 1522 1357 1551 ,
1421 1477 1711 1558 quodque
1755 1478 1987 1539 notabi-

418 1566 541 1629 lius
568 1577 680 1640 est,
713 1588 789 1630 ex
808 1569 1183 1632 documentis
1209 1571 1453 1633 insertis
1475 1572 1536 1631 in
1557 1572 1840 1634 Processu
1868 1574 1983 1636 Cu·

417 1661 543 1723 riae
570 1662 1118 1744 Arcbiepiscopalis
1146 1664 1433 1737 habetur,
1469 1666 1878 1741 Benedictum,
1903 1668 1979 1730 de

416 1758 589 1837 cujus
609 1758 811 1837 agitur
830 1758 1238 1832 ordinatione,
1260 1759 1509 1840 Neapoli
1536 1770 1744 1823 natum
1770 1761 1974 1836 fuisse,

416 1852 664 1931 Neapoli
683 1853 1136 1916 Sacramentum
1154 1854 1651 1917 Confirmationis
1668 1858 1975 1939 recepisse,

418 1954 479 2006 et
518 1947 578 2006 in
610 1947 1080 2009 denunciatione
1107 1946 1262 2010 facta
1304 1968 1410 2029 per
1452 1950 1790 2011 Parocbum
1819 1953 1976 2014 circa

420 2041 549 2121 ejus
578 2040 841 2103 liberum
890 2050 1137 2117 statum,
1171 2050 1463 2124 tanquam
1511 2044 1975 2126 Neapolitanum

422 2135 840 2197 denuntiatum
874 2135 1058 2199 fuisse
1079 2179 1097 2197 .
1830 2185 1838 2189 <

532 2229 696 2291 ltaut
724 2228 1107 2309 applicabilis
1124 2229 1409 2294 videatur
1426 2231 1741 2314 dispositio
1760 2235 1973 2297 Bullse

413 2325 516 2383 tt.
552 2342 711 2404 quae
742 2323 956 2404 incipit
979 2322 1412 2404 Speculatores,
1459 2337 1699 2391 sanctae
1745 2350 1970 2390 memo-

412 2415 543 2477 riae
568 2417 904 2480 Innocentii
934 2418 1079 2480 XII.
1112 2419 1237 2481 ibit
1278 2420 1358 2482 Ae
1395 2424 1448 2484 si
1487 2420 1667 2483 Pater
1692 2426 1758 2483 in
1785 2427 1973 2485 alieno

414 2512 554 2582 loco,
586 2513 684 2571 ubi
714 2513 833 2590 ejus
852 2514 1010 2593 filius
1038 2525 1209 2575 natus
1236 2526 1339 2588 est,
1377 2518 1621 2588 tamdiu,
1652 2538 1727 2580 ac
1752 2538 1812 2578 eo
1837 2520 1970 2579 ani-

410 2625 503 2664 mo
525 2610 919 2686 permanserit,
946 2617 1013 2667 ut
1037 2610 1187 2669 inibi
1205 2629 1332 2670 vere
1365 2611 1720 2671 domicilium
1753 2613 1971 2691 dejure

411 2703 791 2773 contraxerit,
808 2713 941 2763 tunc
957 2722 1072 2762 non
1092 2706 1250 2783 oriqo
1272 2703 1495 2776 Patris,
1511 2706 1604 2766 sed
1622 2707 1975 2768 domicilium

404 2814 511 2874 per
533 2791 769 2856 Patrem
800 2798 1064 2876 leqitime,
1103 2808 1168 2857 ut
1214 2799 1560 2878 praefertur,
1596 2812 1969 2874 contractum,

403 2907 513 2969 pro
532 2889 891 2951 ordinatione
912 2891 1155 2968 ejusdem
1179 2892 1296 2971 filii
1336 2894 1553 2954 attendi
1575 2895 1768 2956 debeat
1791 2938 1809 2956 .

526 2981 860 3063 Episcopus
897 2992 1144 3059 econtra
1186 2983 1320 3047 Vici
1370 2986 1691 3067 AEquensis
1718 2988 1969 3061 asserit,

411 3076 502 3138 sui
524 3076 687 3158 juris
709 3096 836 3138 esse
853 3077 1298 3141 ordinationem
1322 3080 1662 3143 Benedicti.
1692 3083 1974 3146 Nicolaus

410 3173 633 3233 etenim
665 3171 833 3234 illius
868 3173 1045 3234 Pater
1064 3173 1199 3236 Vici
1232 3184 1412 3237 natus
1442 3184 1567 3249 est,
1606 3177 1738 3240 Vici
1781 3178 1975 3260 possi-

411 3266 510 3328 det
534 3267 696 3328 bona
724 3266 993 3340 stabilia,
1026 3268 1091 3329 in
1125 3268 1237 3331 bac
1262 3271 1477 3332 eadem
1502 3272 1762 3335 Civitate
1792 3274 1973 3337 solvit

410 3378 596 3422 onera
623 3360 1146 3437 communitativa,
1174 3364 1239 3424 in
1264 3364 1376 3427 hac
1404 3366 1533 3446 ipsa
1564 3367 1725 3429 Urbe
1748 3368 1972 3434 admis-

408 3472 511 3514 sus
543 3462 632 3515 est
660 3461 947 3534 tanquam
973 3455 1137 3517 Civis
1174 3457 1251 3518 ad
1281 3457 1528 3540 Syndici
1569 3459 1919 3525 electionem
1946 3505 1963 3522 .

412 3548 504 3608 Ad
538 3547 700 3610 hanc
722 3547 981 3632 demum
1010 3549 1233 3612 Urbem
1281 3553 1522 3633 saepius
1547 3555 1750 3629 rediit,
1784 3558 1968 3619 relin-
2084 3594 2090 3598 -

2092 1476 2364 1536 bonorum
2402 1495 2634 1536 suorum
2677 1488 2896 1557 partem
2927 1497 3056 1538 cum
3085 1478 3378 1538 instructis
3405 1476 3637 1537 aedibus

2088 1572 2153 1629 in
2181 1572 2359 1631 locum
2395 1570 2716 1649 hujusmodi
2754 1572 3161 1649 transferendo,
3184 1571 3372 1650 ibique
3404 1571 3636 1651 insuper

2080 1686 2191 1747 ⁴per
2210 1668 2444 1746 aliquod
2463 1667 2863 1728 considerabile
2881 1677 3093 1748 tempus
3111 1666 3522 1735 commorando,
3537 1684 3632 1726 sa·

2097 1763 2170 1820 tis
2212 1780 2488 1841 superque
2525 1781 2691 1821 suum
2727 1772 2993 1843 perpetuo
3043 1762 3247 1821 ibidem
3266 1760 3639 1841 permanendi

2093 1857 2355 1916 animum
2382 1859 2841 1919 demonstraverit
2858 1904 2874 1929 ,
2905 1868 2958 1919 et
2979 1857 3350 1917 nihilominus
3391 1856 3636 1923 ulterius

2083 1961 2322 2029 utroque
2351 1972 2508 2022 casu,
2538 1972 2595 2012 se
2619 1971 2772 2025 cere,
2809 1963 2859 2013 et
2887 1954 3119 2013 realiter
3150 1953 3407 2012 animum
3433 1950 3634 2028 hujus·

2085 2046 2238 2104 modi
2267 2045 2462 2106 babere
2481 2046 2861 2123 jurejurando
2884 2046 3149 2126 affirmet.

2206 2138 2392 2201 Addit
2424 2139 2781 2201 Benedictus
2815 2139 3244 2221 impossibilem
3267 2137 3381 2201 sibi
3400 2155 3636 2201 essesa·

2086 2251 2194 2293 cro
2218 2253 2352 2293 rum
2389 2233 2601 2296 saltem
2638 2233 2940 2296 Ordinnm
2970 2233 3403 2313 susceptionem
3432 2232 3497 2292 in
3537 2230 3639 2294 Ci-

2082 2329 2272 2391 vitate
2299 2329 2719 2410 Neapolitana,
2751 2349 2890 2391 cum
2917 2329 3001 2390 ibi
3023 2328 3199 2389 Pater
3222 2328 3379 2388 bona
3393 2325 3636 2388 stabilia

2081 2441 2202 2483 non
2231 2421 2482 2492 habeat,
2534 2430 2595 2483 et
2628 2423 2804 2504 juxta
2845 2423 2975 2503 eJus
3001 2420 3218 2482 Curiae
3244 2419 3404 2501 leges
3434 2418 3631 2481 Patri-

2093 2515 2373 2577 monium
2396 2533 2508 2596 pro
2534 2514 2915 2577 ordinatione
2934 2513 3215 2576 constitui
3261 2532 3382 2574 non
3423 2511 3629 2594 possit,

2084 2609 2203 2672 nisi
2234 2609 2303 2670 in
2330 2609 2507 2671 bonis
2529 2608 2852 2672 stabilibus
2871 2608 2933 2670 in
2957 2606 3222 2671 Dioecesi
3240 2606 3638 2688 Neapolitana

2081 2704 2511 2769 existentibus.

2211 2798 2542 2873 Quaeritur
2570 2797 2776 2878 itaque

2203 2893 2298 2953 Ad
2325 2911 2491 2972 quem
2520 2902 2720 2973 spectet
2744 2893 3032 2953 ordinatio
3061 2888 3325 2952 oratoris
3349 2890 3415 2949 in
3427 2909 3583 2951 casu.

2188 3084 2329 3136 διον.
2360 3081 2558 3153 Congr.
2587 3080 2675 3135 die
2705 3082 2789 3134 12.
2815 3084 2970 3135 Mart.
2999 3081 3152 3134 ¹718.
3181 3077 3495 3148 Respondit,

2269 3174 2526 3241 Spectat-c
2566 3169 2971 3224 ordinationem
3022 3169 3099 3222 ad
3119 3168 3453 3239 Episcopum
3511 3166 3638 3222 Vici

2079 3263 2323 3329 AEquen.
2354 3278 2477 3312 cum
2513 3258 2998 3312 Testimonialibus
3038 3255 3479 3312 Eminentissimi
3528 3245 3638 3310 Ἁν-

2078 3349 2421 3421 chiepiscopi
2445 3348 2841 3420 Neapolitani,
2869 3359 2922 3401 et
2945 3347 3205 3419 amplius.

2593 3528 2954 3605 QtJAESTlo
3007 3526 3121 3592 lx.

412 3643 655 3722 quendo
693 3642 758 3702 in
790 3644 1034 3724 propria
1064 3644 1244 3708 domo
1266 3647 1526 3709 Uxorem
1548 3697 1565 3721 ,
1600 3657 1660 3711 et
1708 3651 1967 3728 liberos3
2072 3676 2087 3689 ·

410 3753 672 3815 cumque
708 3735 787 3797 ad
845 3734 1161 3799 Civitatem
1226 3740 1697 3821 Neapolitanam
1749 3745 1962 3821 iverit,

411 3828 728 3892 exercendi
765 3829 960 3912 gratia
1004 3840 1428 3907 mercaturam,
1461 3835 1588 3898 sive
1629 3846 1820 3899 artem
1865 3857 1971 3902 au-

413 3925 680 3997 rificem,
719 3934 780 3987 et
832 3926 1227 4006 gemmariam
1247 3973 1264 4000 ,
1323 3948 1432 3991 nec
1477 3932 1844 4011 Apothecam
1893 3934 1964 3996 fi-

412 4040 554 4081 xam
578 4066 596 4094 ,
662 4027 724 4082 et
764 4017 1048 4081 ‘stabilem
1094 4020 1380 4084 habuerit
1401 4067 1420 4097 ,
1478 4043 1587 4088 nec
1644 4027 1801 4089 bona
1855 4036 1973 4092 sta·

410 4115 561 4177 bilia
593 4114 840 4177 emerit:
872 4122 934 4176 et
977 4113 1385 4197 interrogatus
1409 4137 1446 4181 a
1486 4120 1840 4184 Promotore
1864 4122 1968 4184 Fi-

411 4209 560 4273 scali
591 4209 811 4272 Curiae
834 4208 1396 4292 Archiepiscopalis,
1424 4212 1677 4289 dixerit,
1728 4235 1793 4278 se
1812 4236 1970 4279 sem-

413 4325 521 4385 per
548 4303 868 4377 babuisse,
899 4311 960 4365 et
1000 4302 1201 4365 adbuc
1231 4304 1505 4367 animum
1550 4308 1844 4372 redeundi
1888 4312 1966 4373 ad

409 4397 732 4460 Civitatem
749 4442 767 4472 ,
796 4396 860 4458 in
884 4416 1009 4477 qua
1039 4405 1218 4462 natus
1246 4410 1372 4475 est;
1407 4402 1574 4482 quod
1603 4402 1800 4483 ipsum
1822 4424 1966 4467 eon-

410 4490 695 4553 firmatur
738 4510 775 4552 a
820 4489 1118 4564 Testibus,
1156 4491 1288 4572 qui,
1320 4501 1382 4555 et
1407 4493 1564 4557 banc
1594 4496 1825 4558 Nicolai
1863 4497 1968 4560 de-

408 4584 839 4655 clarationem,
882 4591 941 4645 et
991 4582 1113 4644 alia
1141 4584 1418 4649 referunt
1447 4587 1512 4650 in
1541 4587 1968 4670 Superioribus

412 4679 749 4743 recensita:
783 4677 947 4749 binc,
985 4679 1161 4759 juxta
1211 4698 1452 4743 sensum
1506 4683 1781 4765 Episcopi
1828 4686 1962 4748 Vici

416 4771 769 4853 AEquensis,
822 4771 1105 4845 insertur,
1129 4774 1207 4834 ad
1241 4793 1326 4848 se,
1361 4782 1648 4856 tanquam
1687 4778 1766 4839 ad
1792 4778 1965 4841 Ordi-

415 4867 685 4939 narium,
697 4873 965 4946 spectare
979 4865 1424 4929 ordinationem
1445 4867 1750 4933 Benedicti
1768 4892 1786 4946 ;
1804 4871 1963 4935 mul·

419 4973 601 5042 toque
631 4959 821 5042 magis
855 4977 989 5021 cum
1021 4960 1086 5021 in
1115 4959 1296 5023 citata
1323 4961 1501 5025 Bulla
1532 4963 1965 5030 Innocentiana

415 5055 763 5118 habeantur
794 5053 943 5116 baec
971 5054 1196 5117 verba:
1230 5053 1530 5118 Caeterum
1571 5060 1830 5121 subditus
1862 5074 1964 5124 rd-

415 5153 573 5230 tione,
592 5150 834 5228 oriqinis
871 5150 921 5209 is
951 5159 1174 5209 tantum
1198 5151 1295 5222 sit,
1324 5170 1392 5211 ac
1418 5171 1526 5213 esse
1565 5155 1927 5235 intelligatur
1944 5201 1961 5229 ,

418 5249 523 5327 qui
540 5246 892 5307 naturaliter
909 5254 1081 5304 natus
1104 5253 1181 5304 est
1203 5246 1267 5303 in
1289 5264 1353 5306 ea
1375 5245 1644 5319 Dioecesi,
1668 5249 1733 5309 in
1752 5269 1867 5329 qua
1886 5251 1964 5312 ad

332 5379 335 5382 2
415 5342 640 5401 ordines
665 5339 987 5420 promoveri
1014 5338 1325 5412 desiderat,
1349 5340 1648 5403 dummodo
1672 5353 1857 5408 tamen
1882 5345 1965 5406 ibi

415 5445 587 5498 natus
613 5453 727 5496 non
755 5433 932 5511 fuerit
951 5450 1026 5493 ex
1051 5432 1355 5505 accidente,
1391 5437 1670 5499 occasione
1688 5439 1966 5502 nimirum

2119 3721 2193 3782 In
2226 3740 2402 3782 causa
2433 3720 2749 3783 Bisuntina
2768 3719 3161 3782 Restitutionis
3186 3720 3250 3779 in
3269 3719 3583 3797 inteqrum,

2534 3818 2623 3877 die
2657 3821 2751 3877 12.
2783 3814 2944 3876 Febr.
2987 3818 3161 3875 1718.

2074 3962 2293 4074 Pater
2320 3957 2570 4074 alexius
2605 4006 2852 4069 Martin.
2909 4005 3158 4068 Ordinis
3195 4002 3396 4072 Sancti
3413 3995 3624 4065 Domi-

2050 4137 2053 4140 1
2080 4105 2203 4168 nici
2221 4103 2521 4185 supplices
2542 4120 2745 4184 preces
2774 4100 3052 4164 exhibuit
3093 4097 3476 4162 Sanctissimo
3499 4098 3625 4158 Do-

2083 4200 2253 4263 mino
2271 4201 2488 4262 Nostro
2516 4216 2627 4280 pro
2654 4196 2983 4286 obtinenda
3013 4194 3414 4258 declaratione
3435 4190 3625 4253 nulli-

2040 4351 2043 4356 .
2084 4294 2225 4358 tatis
2273 4313 2419 4356 suae
2464 4289 2858 4354 Professionis
2882 4336 2901 4360 ,
2956 4309 3077 4350 non
3124 4289 3399 4350 obstante
3449 4285 3623 4366 lapsu

2081 4386 2516 4471 quinquennii,
2541 4384 2927 4465 remissisque
2947 4384 3022 4445 de
3061 4401 3228 4444 more
3246 4379 3526 4462 precibus
3542 4378 3623 4441 ad

2075 4482 2612 4566 Archiepiscopum
2626 4478 3011 4543 Bisuntinum
3038 4495 3150 4558 pro
3169 4473 3619 4548 informatione,

2074 4588 2137 4642 et
2164 4587 2305 4640 voto
2322 4623 2340 4653 ,
2377 4576 2600 4638 nedum
2628 4574 2756 4655 ipse
2781 4571 3136 4653 requisitam
3168 4566 3500 4631 transmisit
3525 4564 3623 4626 in-

2076 4672 2531 4743 formationem,
2562 4670 2625 4729 in
2655 4685 2775 4747 qua
2797 4685 2976 4727 suum
2999 4673 3207 4726 votum
3230 4660 3489 4744 aperuit,
3516 4658 3623 4721 sed

2072 4789 2199 4832 una
2241 4786 2380 4831 cum
2409 4761 2841 4844 informatione
2870 4760 3218 4821 Processum
3246 4776 3283 4819 a
3309 4774 3375 4818 se
3416 4753 3622 4818 confe-

2073 4877 2237 4931 ctum
2274 4858 2635 4925 transmisit.

2193 4952 2546 5020 Praetendit
2588 4950 2764 5011 Pater
2799 4944 3050 5010 Alexius
3091 4963 3260 5006 suam
3293 4940 3620 5004 professio·

2083 5074 2224 5117 nem
2270 5049 2546 5114 emissam
2575 5062 2768 5125 usque
2793 5043 2872 5104 ab
2896 5059 3057 5104 anno
3097 5044 3270 5100 1685.
3321 5035 3619 5100 nullitatis

2070 5149 2222 5212 vitio
2245 5146 2562 5217 laborare3
2596 5137 2789 5220 primo
2817 5135 2964 5217 quia
2988 5144 3119 5214 post
3141 5131 3420 5193 habitum
3450 5128 3617 5192 Reli-

2071 5246 2314 5329 giosum
2359 5245 2734 5316 assumptum
2788 5231 2853 5293 in
2904 5230 3217 5292 Conventa
3246 5223 3572 5288 Poliniensi
3594 5268 3616 5298 ,

2070 5335 2459 5404 transmissus
2475 5330 2595 5394 fuit
2616 5327 2693 5392 ad
2722 5326 3098 5390 Conventum
3123 5320 3528 5392 Bisuntinum,
3551 5326 3620 5381 ut

2072 5439 2138 5500 in
2167 5454 2242 5500 eo
2267 5430 2639 5497 Novitiatum
2661 5423 2966 5506 expleret;
2994 5435 3254 5500 cumque
3282 5414 3608 5479 novitiatus
