4393 6299
953 477 982 525 4
1904 476 2268 543 QU.EST10N
2277 478 2351 528 ΕΒ
2389 477 2618 531 CANON
2630 477 2749 530 10AE

763 629 1092 703 occasione,
1123 648 1243 710 qua
1278 629 1601 691 Ascanium
1634 629 1711 692 ad
1739 650 1802 690 se
1829 630 2209 691 accedentem
2234 629 2320 689 di·
2376 639 2388 730 Ι
2435 628 2660 692 ficienti
2682 628 3135 693 deliberatione.
3162 628 3334 691 Circa
3356 628 3702 691 Processum
3727 644 3872 691 vero
3893 636 3982 692 est

762 723 960 794 misit,
997 724 1269 784 hortatus
1296 731 1381 784 est
1401 768 1416 796 ,
1467 744 1542 784 110
1571 724 1997 785 Canonicalem
2027 725 2324 802 praeben·-

759 818 899 880 dam
934 818 1229 880 desereret
1256 864 1274 891 ,
1304 818 1478 900 quasi
1508 818 1672 899 quud
1706 818 1755 880 si
1794 818 2200 898 praebendam
2225 817 2328 879 de-

763 913 1082 979 seruisset.
1138 912 1290 973 nihil
1333 913 1501 975 aliud
1550 932 1792 994 sperare
1832 921 2057 994 posset,
2101 913 2265 993 quod
2304 958 2320 985 ,

761 1016 1005 1087 propter
1034 1007 1268 1069 Claudii
1303 1008 1566 1079 divitias,
1602 1010 1687 1069 ait
1717 1008 1929 1078 Testis,
1961 1017 2090 1068 erat
2122 1006 2318 1069 maxi-

765 1122 1008 1182 mopere
1046 1104 1124 1163 ab
1149 1102 1404 1164 Ascanio
1430 1102 1997 1183 pertimescendum.

886 1197 1035 1258 Item
1059 1199 1257 1257 Testes
1283 1197 1345 1258 in
1367 1216 1543 1277 saepe
1564 1206 1892 1258 memorato
1917 1198 2201 1259 Processu
2224 1197 2321 1258 de·

765 1301 1055 1370 ponentes
1081 1301 1332 1352 narrant
1358 1338 1374 1365 ,
1404 1310 1489 1361 se,
1527 1291 1653 1371 ipso
1691 1291 2085 1353 Professionis
2112 1291 2232 1364 die,
2265 1300 2324 1353 01

764 1386 971 1466 paucis
991 1395 1131 1448 ante
1158 1388 1597 1449 Professionem
1623 1386 1962 1459 momentis,
1995 1386 2322 1447 Ascanium

764 1481 1065 1542 audivisse
1093 1491 1453 1543 asserentem
1484 1527 1499 1553 ,
1530 1489 1587 1543 01
1625 1491 2116 1562 conquerentem,
2150 1481 2316 1560 quod

765 1595 803 1636 a
856 1578 1138 1658 Cognatis
1188 1588 1425 1639 coactus
1479 1576 1912 1638 professionem
1964 1585 2096 1638 erat
2147 1576 2329 1637 emis·

764 1688 985 1742 surus;
1029 1670 1147 1732 Nec
1195 1671 1410 1732 desunt
1450 1672 1650 1731 Testes
1692 1670 1765 1731 de
1820 1670 2032 1732 auditu
2065 1669 2315 1749 proprio

766 1773 1131 1843 exponentes
1159 1810 1176 1839 ,
1208 1784 1330 1845 quo
1358 1764 1661 1847 Geor-gina
1694 1764 1911 1837 Mater,
1940 1763 2068 1844 ipso
2102 1764 2317 1825 eodem

765 1857 1160 1921 Professionis
1182 1859 1281 1921 die
1300 1880 1516 1940 anceps
1540 1868 1692 1933 erat,
1719 1870 1779 1923 et
1800 1858 2170 1922 formidabat
2188 1881 2320 1941 pro·

763 1963 899 2034 pter
923 1954 1409 2015 incertitudinem
1430 1956 1503 2015 de
1525 1956 1850 2019 emittenda
1873 1976 1908 2019 a
1930 1955 2058 2017 filio
2078 1954 2316 2017 Profes-

765 2048 967 2122 sione;
991 2050 1067 2110 Et
1095 2049 1247 2111 alter
1274 2070 1351 2110 ex
1379 2050 1464 2111 eis
1497 2050 1829 2123 concludit,
1877 2050 2042 2131 quod
2080 2048 2187 2111 ille
2213 2068 2316 2110 ea-

765 2142 902 2203 dem
931 2142 1028 2204 die
1060 2142 1177 2204 fuit
1203 2163 1238 2205 a
1267 2143 1569 2223 praedicta
1599 2145 1791 2206 Matre
1819 2153 2091 2225 rogatus,
2124 2150 2189 2204 ut
2219 2144 2324 2203 As·

767 2238 941 2297 canio
974 2238 1251 2300 suaderet
1280 2237 1671 2299 Professionis
1698 2238 2114 2313 emissionem,
2151 2246 2212 2298 et
2245 2236 2320 2297 li-

761 2343 859 2394 cet
887 2333 947 2394 id
970 2344 1213 2394 strenue
1243 2334 1584 2413 peregisset,
1615 2333 1846 2395 nullam
1876 2346 2073 2394 tamen
2103 2333 2181 2394 ab
2212 2330 2318 2392 illo

768 2428 1099 2507 reportavit
1137 2428 1607 2508 responsionem,
1658 2428 2129 2490 taciturnitatem
2161 2427 2318 2489 hanc

768 2521 1082 2584 referendo
1118 2523 1196 2584 ad
1229 2522 1503 2584 animum
1537 2542 1573 2585 a
1611 2522 1986 2585 Professione
2032 2522 2321 2605 Regulari

763 2616 1055 2676 alienum.

885 2711 1151 2773 Tandem
1191 2712 1390 2771 Testes
1416 2710 1681 2791 ejusdem
1713 2711 2027 2772 Processus
2053 2711 2266 2774 dicunt
2298 2757 2318 2786 ,

764 2824 830 2865 se
856 2805 935 2866 ab
958 2805 1237 2878 Ascanio,
1263 2813 1393 2885 post
1415 2805 1692 2867 emissam
1726 2804 2187 2879 Professionem,
2225 2807 2320 2867 in-

769 2900 1086 2972 tellexisse,
1122 2900 1285 2979 quod
1311 2911 1439 2960 erat
1464 2900 1751 2961 adversus
1784 2920 1918 2962 eam
1953 2900 2312 2963 reclamatu-

769 3015 895 3067 rus,
911 3003 969 3055 et
998 2995 1058 3054 in
1086 2995 1330 3055 recitato
1361 2995 1644 3056 Processu
1671 3003 1833 3056 extat
1864 2995 2106 3057 licentia
2137 3015 2174 3057 a
2204 2997 2319 3057 Re-

762 3087 991 3169 ligione
1021 3088 1110 3149 illi
1134 3107 1406 3151 concessa
1435 3089 1534 3151 die
1556 3093 1655 3151 21.
1692 3087 1921 3171 Aprilis
1949 3110 2111 3153 anno
2144 3094 2317 3152 1697.

766 3181 833 3244 111
860 3186 932 3247 ad
955 3184 1271 3245 Summum
1287 3183 1636 3245 Pontificem
1662 3203 1972 3246 recurrere
1995 3194 2192 3266 posset
2213 3206 2321 3266 pro

769 3278 1174 3341 declaratione
1224 3278 1521 3340 nullitatis
1570 3279 1985 3350 Professionis‚
2044 3280 2318 3354 nondum

757 3371 963 3452 elapso
986 3372 1428 3453 quinquennio.
1458 3372 1693 3434 Adsunt
1726 3392 1971 3454 quoque
2000 3375 2201 3435 Testes
2226 3381 2318 3436 at-

770 3474 1051 3528 testantes
1092 3469 1222 3548 ejus
1267 3468 1345 3529 ad
1383 3467 1606 3529 Urbem
1641 3486 1975 3540 accessum,
2006 3488 2118 3549 pro
2162 3468 2322 3531 dicta

763 3560 1172 3622 declaratione
1199 3562 1562 3642 reportanda
1596 3608 1612 3638 ,
1645 3562 1828 3624 fuisse
1854 3583 1889 3626 a
1918 3562 2198 3643 Cognatis
2220 3609 2238 3638 ,
2265 3572 2325 3627 et

767 3656 1089 3735 praecipue
1115 3675 1150 3718 a
1200 3657 1395 3718 Matre
1444 3657 1827 3736 impeditum,
1861 3658 2269 3720 comminante
2299 3704 2318 3733 ,

766 3750 929 3829 quod
964 3750 1183 3831 ipsum,
1209 3750 1271 3810 in
1304 3750 1619 3833 hypothesi
1649 3771 1937 3826 accessus,
1980 3753 2324 3818 carceribus

765 3844 1111 3923 mancipare
1151 3843 1415 3918 fecisset;
1465 3843 1739 3924 Cumque
1780 3846 1878 3907 die
1924 3851 2021 3907 20.
2068 3849 2323 3929 Augusti

764 3956 928 3997 anno
962 3944 1032 3998 17
1044 3943 1134 3999 ts.
1174 3938 1550 4018 Apostolicus
1584 3940 1874 4002 visitator
1904 3941 2196 4003 Votorum
2229 3963 2323 4005 re-

769 4032 1151 4094 novationem
1179 4034 1258 4095 31)
1288 4031 1582 4096 Α1)1)31130
1617 4033 1933 4116 Religiosis
1969 4037 2322 4114 postulasset

766 4128 1057 4188 Ascanius
1103 4128 1303 4189 renuit
1348 4128 1404 4188 id
1438 4148 1754 4209 peragere,
1788 4130 1873 4192 uti
1924 4130 2198 4212 plerique
2243 4152 2319 4194 ex

766 4220 980 4283 iisdem
1031 4220 1344 4302 Religiosis
1381 4223 1713 4303 deponunt,
1761 4222 1896 4285 licet
1930 4225 2083 4286 alter
2111 4247 2186 4287 ex
2237 4227 2323 4289 eis

766 4314 1011 4388 referat,
1047 4315 1220 4376 illum
1257 4315 1441 4376 fuisse
1470 4335 1504 4377 a
1535 4316 1744 4377 Priore
1773 4317 2115 4380 Conventus
2142 4340 2318 4381 voca-

768 4419 922 4483 tum,
963 4419 1023 4471 et
1052 4410 1116 4470 in
1159 4411 1425 4490 ejusdem
1479 4410 1704 4472 Prioris
1732 4411 2045 4487 Cubiculo,
2077 4415 2318 4477 cuidam

765 4504 1020 4586 paginae
1045 4504 1486 4584 subscripsisse,
1514 4505 1846 4585 ignorando
1868 4506 2014 4586 quid
2043 4520 2265 4590 ageret.

885 4598 1049 4660 llaec
1074 4609 1245 4672 sunt,
1278 4619 1437 4679 quae
1459 4599 1709 4662 haurire
1733 4601 1898 4681 potui
1924 4623 2001 4664 ex
2025 4604 2311 4665 Processu

770 4693 1117 4755 transmisso
1152 4694 1231 4755 31)
1261 4693 1723 4775 Archiepiscopo
1758 4696 2097 4759 Bisuntino.
2142 4698 2319 4761 Nunc

764 4795 966 4848 autem
988 4805 1206 4865 operae
1240 4787 1500 4866 pretium
1526 4798 1615 4849 est
1640 4833 1657 4860 ,
1685 4800 1754 4850 ut
1780 4789 1986 4871 aliqua
2019 4791 2315 4854 adnoten-

772 4889 870 4942 tur
890 4925 907 4954 ,
950 4900 1109 4960 quae
1129 4888 1269 4941 sunt
1299 4890 1469 4943 extra
1496 4882 1840 4944 Processum
1859 4930 1876 4956 ,
1924 4894 1985 4946 et
2009 4885 2131 4948 alia
2160 4905 2319 4966 quae

763 4974 839 5036 ad
862 4974 1119 5035 eundem
1144 4974 1450 5055 pertinent
1477 4976 1823 5037 Processum
1842 5021 1856 5036 .
1886 4978 2316 5041 Adnotandum

765 5079 853 5130 est
880 5078 1051 5129 extra
1096 5069 1444 5129 Processum
1468 5113 1485 5140 ,
1526 5071 1688 5149 quod
1720 5070 2222 5153 Archiepiscopus
2251 5074 2315 5136 in

764 5182 869 5223 sun
896 5162 1163 5242 Epistola
1196 5171 1433 5236 narrat,
1460 5162 1643 5225 fuisse
1666 5165 1744 5225 ab
1774 5164 2029 5227 Ascanio
2060 5187 2316 5231 renova-

767 5264 887 5317 tam
920 5255 1353 5317 Professionem
1396 5256 1494 5316 die
1530 5263 1628 5318 20.
1660 5259 1887 5338 Aprilis
1931 5279 2092 5322 anno
2138 5268 2312 5324 1700.

2434 725 2846 788 adnotandum
2867 770 2882 799 ,
2912 724 3078 806 quod
3103 725 3304 786 Testes
3340 723 3402 784 in
3428 723 3636 785 codem
3670 724 3986 804 deponen-

2436 827 2554 893 tes,
2585 820 2894 902 deponunt
2913 819 3160 900 quidem
3182 837 3386 881 coram
3414 817 3659 890 Judice,
3684 827 3744 879 et
3763 818 3983 880 emisso

2427 913 2796 994 juramento,
2827 914 2929 975 sed
2956 914 3186 994 absque
3209 912 3711 991 interrogatoriis‚
3733 919 3793 974 et
3817 911 3985 994 quod

2435 1007 2498 1068 in
2531 1009 2812 1071 Processu
2836 1009 2999 1071 deest
3029 1007 3178 1070 fides
3197 1007 3399 1069 obitus
3424 1005 3658 1079 Matris,
3687 1025 3844 1086 quae
3873 1026 3980 1068 ne-

2432 1104 2688 1166 cessaria
2716 1103 3034 1165 videbatur
3056 1149 3073 1178 ,
3115 1112 3179 1163 ut
3205 1099 3572 1181 deprehendi
3604 1108 3828 1180 posset,
3859 1118 3984 1179 quo

2433 1216 2593 1259 anno
2624 1197 2727 1259 illa
2761 1208 2997 1259 mortua
3037 1199 3136 1271 sit;
3171 1196 3576 1258 Informantes
3610 1195 3772 1256 enim
3801 1195 3986 1275 potis-

2433 1292 2648 1354 simam
2684 1292 3017 1354 refuudnnt
3042 1292 3104 1352 111
3134 1312 3268 1353 03111
3298 1294 3598 1353 rationem
3635 1300 3831 1352 metus
3856 1335 3873 1363 ‚
3926 1298 3988 1351 et

2432 1387 2841 1458 contendunt,
2879 1388 3043 1468 quod
3066 1387 3173 1448 illa
3207 1387 3486 1460 vivente,
3521 1406 3760 1465 semper
3792 1394 3986 1445 metus

2433 1482 2775 1557 duraverit,
2806 1482 2890 1544 ita
2936 1490 3005 1544 ut
3035 1482 3329 1543 Ascanius
3363 1480 3740 1542 excusandus
3771 1479 3879 1552 sit,
3929 1476 3984 1539 si

2435 1574 2612 1657 longe
2634 1586 2766 1657 post
2792 1576 3281 1657 quinquennium
3303 1572 3624 1636 aConcilio
3643 1571 3983 1653 praefixum

2438 1669 2811 1732 reclamavit.

2553 1765 2742 1825 Porro
2768 1809 2785 1837 ,
2812 1762 2908 1824 his
2934 1762 3233 1825 stantibus
3259 1808 3274 1834 ,
3307 1761 3625 1841 quaeritur

2550 1859 2644 1919 An
2661 1861 2735 1919 sit
2752 1860 2901 1920 locus
2911 1859 3260 1919 restitutioni
3277 1859 3341 1916 in
3355 1858 3639 1935 inteqrum
3651 1855 3715 1914 in
3729 1872 3864 1915 casu
3880 1861 3982 1913 etc.

2536 2069 2677 2118 Sacr.
2704 2063 2904 2134 congr.
2933 2064 3020 2116 die
3049 2063 3132 2116 12.
3161 2063 3321 2117 Febr.
3354 2062 3507 2114 1718.
3540 2058 3823 2129 respondit

2612 2152 2876 2221 Negaeive
2896 2190 2908 2203 .

2535 2244 2598 2295 Et
2616 2243 2807 2295 iterum
2830 2242 2918 2293 die
2942 2241 3033 2293 2¹.
3051 2243 3164 2295 Jan.
3191 2241 3347 2292 ¹719.
3373 2238 3710 2290 confirmavit
3736 2238 3989 2292 nundum

2427 2349 2542 2385 csse
2569 2333 2625 2383 in
2655 2330 2878 2396 decisis,
2907 2340 2959 2383 et
2982 2329 3236 2400 amplius.

2960 2520 3320 2597 QUAESTIO
3380 2522 3461 2583 V.

2481 2712 2550 2772 In
2576 2709 2770 2775 Causa
2805 2711 3154 2791 Aquinatem
3193 2708 3507 2771 Nullitatis
3538 2704 3953 2785 Matrimonii,

2907 2807 2996 2866 dio
3031 2809 3131 2866 29.
3163 2803 3309 2866 Jan.
3346 2807 3519 2864 1718.

2438 2939 2829 3058 Vincentius
2874 2995 3189 3056 Ruzzanus
3232 2991 3348 3053 loci
3406 2991 3614 3054 Pontis
3662 2990 3860 3056 Curvi
3919 2993 4001 3059 31)

2431 3089 2750 3172 Apollonia
2769 3135 2786 3164 ‚
2818 3096 2878 3151 et
2922 3089 3002 3151 ab
3036 3087 3266 3170 Angela
3294 3089 3427 3171 ejus
3454 3088 3649 3151 Matre
3675 3087 3810 3153 fuit
3837 3109 4002 3154 anno

2437 3191 2608 3246 1696.
2658 3185 2720 3245 iu
2768 3184 2950 3246 Curia
2993 3183 3386 3245 ecclesiastica
3411 3183 3485 3245 de
3514 3183 3770 3246 crimine
3804 3185 4001 3266 stupri

2432 3300 2569 3341 cum
2605 3278 2925 3360 Apollonia
2956 3277 3255 3340 commissi
3278 3286 3589 3340 accusatus
3613 3323 3630 3352 ,
3681 3287 3743 3341 et
3779 3279 3846 3341 111
3871 3299 3999 3343 031·-

2431 3394 2593 3436 ceres
2624 3374 2892 3455 ejusdem
2925 3372 3144 3435 Curiae
3171 3375 3493 3455 conjectus.

2550 3469 2884 3530 Deventum
2934 3466 3050 3528 fuit
3086 3467 3162 3529 ad
3190 3467 3695 3529 constructionem
3741 3466 3992 3529 Proces-

2430 3582 2554 3636 sus,
2577 3571 2635 3623 et
2656 3562 2716 3622 in
2740 3582 2811 3623 eo
2832 3561 3108 3644 geminae
3132 3559 3494 3622 Obstetrices
3517 3581 3553 3622 a
3574 3560 3789 3623 Judice
3809 3562 3995 3643 depu-

2431 3665 2589 3718 tatae
2617 3655 2691 3716 ad
2726 3655 3267 3736 recognoscendam
3302 3654 3683 3734 Apolloniam
3726 3665 3992 3719 attenta-

2435 3759 2562 3811 tum
2583 3796 2600 3824 ,
2653 3749 2756 3811 sed
2803 3769 2922 3810 non
2978 3748 3307 3830 perfectum
3328 3793 3347 3822 ,
3390 3757 3451 3810 et
3504 3760 3994 3815 consummatum

2432 3855 2712 3926 stuprum
2749 3843 3111 3905 retulerunt.
3655 3859 3658 3868 ·

2552 3941 2715 4000 lnter
2739 3947 2911 4002 testes
2934 3936 3314 3998 examinatos
3331 3983 3348 4010 ,
3373 3936 3480 3999 alii
3501 3936 3576 3998 de
3600 3956 3834 4011 amore,
3867 3959 3992 4022 quo

2430 4033 2788 4095 Vincentius
2816 4031 3198 4113 Apolloniam
3229 4033 3744 4112 prosequebatur,
3779 4034 3884 4096 alii
3919 4034 3995 4097 de

2430 4129 2589 4191 bona
2621 4126 2976 4209 Apolloniae
3001 4126 3184 4199 sama,
3214 4125 3320 4188 alii
3346 4126 3422 4187 de
3443 4146 3690 4189 rumore
3709 4129 3995 4190 commis-

2428 4223 2476 4285 si
2520 4223 2749 4303 stupri,
2781 4222 2885 4284 alii
2918 4222 2991 4282 de
3031 4240 3320 4281 consensu
3345 4220 3649 4283 Vincentii
3678 4222 3742 4284 in
3779 4223 3992 4286 Matri·

2431 4317 2701 4377 monium
2730 4335 2867 4377 cum
2915 4313 3238 4394 Apollonia
3272 4314 3605 4377 ineundum
3630 4362 3647 4388 ‚
3695 4317 3989 4396 deposue-

2431 4420 2604 4485 runt,
2628 4420 2686 4472 et
2712 4410 2835 4491 ipsa
2869 4408 3214 4490 Apollonia,
3240 4408 3300 4468 in
3327 4428 3436 4469 suo
3466 4410 3780 4481 examine,
3805 4409 3983 4482 dixit,

2427 4526 2490 4570 se
2516 4514 2726 4586 stupro
2753 4503 3118 4565 consensisse
3138 4548 3155 4576 ,
3178 4502 3323 4583 quia
3347 4502 3705 4566 Vincentius
3727 4504 3842 4564 sibi
3868 4547 3886 4576 ,
3915 4502 3982 4563 111

2427 4599 2801 4663 Matrimonii
2825 4598 3031 4670 fidem,
3047 4597 3345 4659 annulum
3364 4598 3716 4670 tradiderat;
3732 4597 3987 4659 dictum·

2427 4716 2546 4775 que
2576 4692 2936 4774 Apolloniae
2976 4691 3092 4752 suit
3119 4711 3155 4753 a
3182 4693 3356 4753 Teste
3379 4691 3801 4754 confirmatum
3825 4735 3843 4764 ,
3869 4689 3981 4771 qui

2429 4809 2612 4869 prope
2651 4787 2919 4870 ejusdem
2951 4786 3198 4846 domum
3246 4785 3590 4848 immediate
3621 4785 3979 4856 habitabat,

2427 4883 2656 4963 quique
2684 4902 2785 4962 per
2825 4879 3120 4961 parietem
3167 4878 3437 4961 ligneum
3464 4878 3678 4941 annuli
3719 4878 3979 4940 oblatio·

2427 4998 2600 5050 nem,
2633 4976 2823 5048 dixit,
2867 4995 2931 5037 se
2980 4974 3372 5036 intellexisse.

2545 5071 2904 5134 Vincentius
2922 5069 3188 5132 examini
3207 5067 3570 5149 suppositus,
3593 5074 3723 5148 post
3740 5064 3978 5146 aliquas

2426 5166 2949 5248 interrogationes,
2973 5172 3252 5226 conatum
3280 5162 3356 5223 ad
3377 5168 3653 5242 stuprum
3676 5158 3980 5222 confessus

2425 5271 2534 5336 est,
2564 5271 2624 5324 et
2657 5280 2783 5323 sese
2814 5266 3161 5341 promptum
3184 5256 3464 5319 exhibuit
3490 5257 3567 5318 ad
3595 5253 3985 5337 Apolloniam

752 5349 894 5411 licet
920 5351 1170 5423 subdat,
1213 5350 1371 5412 hauc
1412 5352 1865 5415 renovationem
1907 5353 2091 5417 ruisse
2121 5358 2201 5418 ab
2244 5377 2316 5420 00
2428 5358 2490 5419 111
2530 5376 2784 5419 uxorem
2814 5355 3186 5426 ducendam,
3214 5351 3381 5433 quod
3426 5349 3880 5415 Matrimonium
3910 5354 3981 5411 111

760 5443 979 5507 factam
1003 5489 1020 5518 ,
1045 5464 1120 5505 ex
1150 5444 1513 5527 improviso,
1545 5455 1603 5509 et
1632 5448 1763 5510 sine
1792 5458 2062 5525 matura,
2090 5458 2151 5513 et
2183 5452 2310 5514 suf·

2421 5453 2835 5535 perficeretur,
2865 5448 3475 5531 Archipresbytcrum
3498 5443 3775 5511 accersiri
3791 5462 3968 5525 roga·
