4393 6299
767 588 919 654 liare
943 635 960 664 ,
984 598 1045 653 et
1088 587 1341 652 inuuere
1372 586 1596 669 pariter
1634 586 1874 649 debent.
1922 588 2295 651 Transmissa

765 685 1026 748 secundo
1064 684 1195 746 loeo
1233 683 1347 744 fuit
1390 691 1530 744 nota
1561 700 1960 761 expensarum
2006 681 2296 745 factarum

765 799 877 861 pro
921 778 1203 861 parandis
1246 776 1563 839 caementis
1605 777 1780 857 juxta
1810 775 2160 837 relationem
2193 797 2300 858 pu·

768 875 908 937 blici
942 874 1121 937 Periti
1149 919 1166 947 ,
1191 872 1354 949 alias!
1372 871 1704 933 exhibitam
1733 869 1875 932 huic
1901 870 2119 932 Sacrae
2144 871 2298 932 Con-

763 968 1093 1051 gregationi
1121 1012 1138 1040 ,
1172 975 1235 1028 et
1277 966 1424 1027 haec
1463 982 1721 1045 expensa
1747 962 2014 1026 ascendit
2036 963 2110 1025 ad
2144 973 2293 1026 scut.

766 1068 941 1125 1158.
978 1070 1039 1124 et
1075 1060 1241 1122 obul.
1268 1064 1365 1120 51.
1395 1103 1412 1132 ,
1447 1058 1548 1120 sed
1581 1078 1717 1120 cum
1739 1067 2042 1120 caementa
2080 1060 2298 1139 partim

762 1156 990 1226 fuerint
1026 1156 1106 1217 ob
1140 1163 1477 1234 temporum
1500 1198 1518 1228 ,
1557 1162 1617 1214 et
1661 1152 1959 1214 bellorum
2011 1153 2300 1236 injuriam

761 1253 1025 1333 dispersa
1048 1297 1066 1323 ,
1094 1256 1154 1312 et
1184 1249 1403 1330 partim
1431 1246 1657 1309 fuerint
1681 1247 1746 1308 in
1787 1247 2062 1329 proprios
2101 1268 2246 1311 usus
2265 1268 2301 1311 a

760 1344 1110 1409 Marcbione
1150 1343 1408 1424 Josepho
1454 1342 1716 1405 Antonio
1761 1362 2050 1406 conversa
2074 1390 2091 1418 ,
2142 1344 2299 1406 idem

760 1440 1033 1504 Mat-chio
1056 1455 1177 1501 non
1205 1437 1400 1499 solum
1428 1455 1492 1497 se
1509 1436 1682 1498 offert
1701 1445 2043 1518 promptum
2070 1483 2088 1513 ,
2121 1446 2181 1500 et
2204 1458 2302 1519 pa·

760 1544 961 1600 ratum
1010 1535 1088 1598 ad
1127 1532 1560 1596 restitutionem
1606 1550 1816 1593 eorum
1841 1577 1860 1605 ,
1890 1531 2112 1613 quibus
2155 1550 2300 1593 usus

762 1639 853 1696 est
876 1679 894 1705 ,
949 1630 1051 1694 sed
1100 1628 1283 1692 etiam
1346 1627 1421 1692 ad
1481 1627 1737 1708 pretium
1785 1627 2042 1690 aliorum
2070 1674 2087 1702 ,
2142 1648 2301 1710 quae

761 1724 1012 1788 fortuito
1037 1770 1054 1799 ,
1082 1744 1159 1793 ex
1206 1740 1383 1786 causa
1409 1721 1683 1784 videlicet
1714 1722 1996 1802 temporis
2024 1768 2041 1796 ,
2070 1731 2131 1784 et
2169 1723 2298 1784 bel-

762 1819 963 1883 lorum
988 1818 1252 1899 dispersa
1277 1824 1732 1889 remanserunt,
1756 1823 1824 1877 ut
1854 1815 2176 1885 sciliceteo
2207 1817 2297 1879 fa·

762 1913 938 1988 cilius
961 1931 1111 1992 opus
1130 1910 1301 1991 pium
1326 1908 1527 1989 perfici
1558 1909 1758 1989 possit.
1785 1910 2161 1972 'transmissa
2182 1909 2299 1973 fuit

756 2008 940 2079 tertio
968 2006 1098 2069 loco
1119 2013 1259 2066 uota
1291 2003 1514 2065 valoris
1541 2003 1753 2064 domus
1786 2012 2022 2084 emptae
2062 2004 2300 2065 desum-

759 2100 848 2188 ptt
902 2118 977 2164 ex
1020 2097 1417 2162 instrumento
1458 2096 1738 2179 originali
1773 2097 2130 2176 emptionis,
2162 2117 2297 2177 pre·

761 2194 1038 2276 tiumque
1061 2192 1243 2274 hujus
1270 2192 1482 2256 domus
1506 2199 1593 2255 est
1619 2191 1681 2251 in
1714 2210 1793 2252 sc.
1827 2195 2010 2264 266.,
2057 2199 2117 2253 et
2146 2192 2302 2254 hans

762 2286 1006 2349 domum
1044 2284 1313 2352 Mat-chio
1338 2283 1554 2363 Joseph
1584 2283 1879 2345 Antonius
1894 2282 2076 2346 offert
2103 2304 2214 2364 pro
2239 2304 2301 2345 se

749 2380 1022 2465 retinere
1042 2424 1061 2452 ,
1090 2380 1338 2460 ejusque
1381 2377 1643 2439 valorem
1694 2377 2032 2458 persolvere
2055 2424 2071 2452 ,
2117 2378 2165 2440 si
2218 2379 2302 2442 ita

758 2473 993 2561 placeat
1049 2471 1192 2534 huic
1254 2470 1384 2534 Sac.
1447 2469 1904 2553 Cnngregationi
1943 2517 1960 2545 ,
2015 2471 2112 2533 vel
2168 2491 2300 2533 eam

760 2569 943 2632 etiam
969 2566 1226 2630 libenter
1252 2565 1398 2627 dare
1429 2564 1494 2627 in
1541 2572 1888 2645 computum
1933 2564 2064 2647 ejus
2088 2610 2105 2638 ,
2137 2565 2299 2646 quod

761 2661 891 2743 ipae
914 2668 1150 2724 tenetur
1197 2658 1536 2746 persolvere
1559 2702 1576 2730 ,
1609 2665 1678 2718 ut
1724 2656 1887 2721 infra
1939 2667 2293 2738 exponetur.

756 2748 1108 2824 §ransmissa
1133 2749 1633 2832 fuitquartoloco
1660 2759 1800 2813 nota
1828 2750 2135 2815 redituum
2162 2751 2303 2811 Por·

754 2856 860 2919 „tus
878 2844 1235 2908 Picoeleonis
1255 2852 1667 2924 perceptorum
1686 2853 1818 2925 post
1844 2845 2301 2925 compositiones

764 2940 946 3008 initas
990 2955 1128 3002 cum
1177 2939 1323 3000 Rev.
1377 2937 1669 3013 Fabrica,
1715 2946 1774 3001 et
1808 2957 2019 3000 eorum
2068 2956 2303 3000 summa

761 3032 1025 3104 auxeiidit
1071 3030 1146 3093 ad
1191 3050 1272 3092 sc.
1330 3033 1503 3091 1236.
1539 3039 1600 3091 et
1630 3029 1731 3092 ob.
1781 3036 1878 3092 63.
1929 3050 2085 3111 quae
2120 3033 2300 3113 juxta

761 3129 1111 3193 mandatum
1145 3124 1328 3207 hujus
1354 3124 1483 3187 Sac.
1514 3123 2003 3206 Congregationis
2028 3126 2153 3207 jam
2182 3123 2303 3186 fuit

759 3222 1049 3304 deposita,
1078 3219 1167 3281 uti
1198 3218 1530 3280 desumitur
1555 3237 1629 3279 ex
1659 3218 1898 3298 publico
1933 3217 2301 3281 instrumen-

761 3327 844 3380 to.
875 3313 1243 3379 Transmissa
1275 3311 1393 3374 fuit
1418 3311 1632 3392 quinto
1661 3311 1790 3372 loco
1830 3319 1971 3374 nota
2010 3332 2304 3392 expensae

762 3408 1072 3472 faciendae
1096 3425 1204 3488 pro
1229 3405 1504 3467 cubiculo
1524 3424 1739 3488 magno
1762 3451 1779 3480 ,
1804 3415 1865 3468 et
1888 3406 2011 3469 alia
2041 3407 2301 3470 mansio·

762 3524 842 3567 ne
864 3549 885 3579 ,
915 3511 977 3565 et
1003 3503 1149 3563 haec
1167 3503 1341 3582 juxta
1361 3498 1711 3562 relationem
1734 3501 2068 3563 Peritorum
2099 3520 2303 3565 ascen-

764 3599 856 3662 dit
888 3595 962 3658 ad
1002 3614 1082 3657 sc.
1118 3598 1255 3655 788.
1291 3600 1351 3653 et
1399 3592 1499 3652 ob.
1538 3597 1635 3652 66.
1689 3591 1840 3654 itaut
1868 3595 2119 3675 pecunia
2142 3640 2161 3668 ‚
2207 3594 2303 3656 cui

766 3690 1035 3773 parcitur
1076 3707 1151 3748 ex
1185 3686 1503 3748 omissione
1529 3685 1792 3748 fabricae
1818 3690 2145 3751 Domorum
2194 3689 2306 3751 Ca-

766 3783 1132 3849 nonicalium
1157 3826 1174 3854 ,
1200 3780 1361 3841 sitin
1394 3780 1574 3841 scutis
1608 3785 1782 3841 3293.
1813 3789 1874 3844 et
1900 3783 2100 3845 obulis
2121 3789 2223 3846 73.

876 3876 1042 3939 Haec
1065 3882 1235 3943 sunt,
1265 3891 1424 3952 quae
1450 3871 1697 3934 fuerunt
1721 3874 1800 3935 ab
1828 3875 2119 3956 Episcopo
2163 3875 2305 3938 Cre-

762 3968 1033 4033 monensi
1061 3969 1125 4029 in
1149 3966 1505 4047 obsequium
1525 3967 1943 4030 mandatorum
1973 3969 2154 4052 hujus
2198 3970 2304 4032 Sa-

762 4084 901 4129 crae
945 4059 1433 4144 Congregationis
1466 4060 1806 4122 transmissa
1830 4108 1847 4135 ,
1896 4072 1956 4124 et
2006 4063 2311 4143 posthaec

764 4158 1083 4224 transitum
1127 4155 1394 4217 faciendo
1447 4154 1524 4216 ad
1570 4156 1864 4236 integram
1919 4158 2308 4238 pecuniarum

764 4271 1095 4324 summam,
1127 4269 1282 4330 quae
1318 4257 1503 4323 extat,
1540 4259 1600 4312 et
1618 4268 1775 4331 quae
1799 4260 1888 4311 est
1915 4252 2213 4332 eroganda
2245 4253 2308 4311 in

764 4348 1125 4412 erectionem
1164 4343 1522 4426 Collegiatae
1543 4389 1560 4417 ‚
1598 4364 1703 4406 nec
1737 4363 1857 4405 non
1903 4345 1976 4405 ad
2023 4364 2310 4425 expensas

765 4462 878 4527 pm
897 4442 1053 4504 dicta
1072 4439 1368 4502 erectione
1389 4439 1765 4512 necessarias,
1791 4448 1860 4500 ut
1888 4438 2103 4501 deinde
2128 4440 2306 4501 statui

764 4538 985 4609 valeat,
1011 4554 1087 4596 an
1117 4533 1423 4614 augendus
1447 4533 1527 4593 sit
1543 4532 1978 4594 Canonicorum
1999 4552 2307 4604 numerus,

765 4631 860 4696 vel
892 4629 1086 4711 potius
1107 4627 1310 4707 augeri
1339 4627 1593 4688 debeant
1611 4646 1820 4687 eorum
1847 4628 2104 4700 reditus,
2130 4626 2313 4688 binae

768 4732 910 4788 sunt
937 4722 1189 4803 partitae
1209 4719 1426 4781 dictam
1451 4720 1836 4799 pecuniarum
1858 4738 2152 4781 summam
2174 4738 2310 4781 con·

764 4819 1107 4887 stituenteS,
1134 4813 1322 4875 altera
1347 4822 1435 4874 est
1466 4824 1766 4874 scutorum
1811 4817 1987 4873 1236.
2015 4858 2032 4885 ,
2069 4821 2129 4874 et
2156 4812 2310 4874 obu-

769 4912 966 4975 lorum
1007 4913 1104 4968 63.
1136 4926 1212 4969 ex
1247 4903 1536 4967 reditibus
1561 4905 1776 4967 Portus
1800 4904 2189 4977 Picceleonis,
2224 4904 2312 4965 uti

767 5022 953 5085 supra
972 4999 1197 5062 dictum
1226 5007 1345 5072 est,
1370 4997 1557 5059 altera
1579 5007 1668 5059 est
1691 5009 1995 5059 scutorum
2025 5003 2202 5058 5000.
2245 4996 2309 5057 in

772 5097 998 5179 quibus
1041 5091 1310 5155 Marcbio
1356 5090 1575 5171 Ioseph
1625 5090 1920 5152 Antonius
1972 5110 2035 5152 se
2080 5088 2311 5151 debito-

767 5210 898 5254 rem
940 5186 1246 5251 constituit
1277 5184 1339 5245 in
1389 5184 1917 5264 compositionibus
1966 5184 2134 5246 initis
2173 5202 2311 5245 cum

773 5282 1122 5347 Reverenda
1150 5277 1422 5350 Fabrica,
1452 5277 1513 5338 in
1546 5296 1665 5357 qua
1696 5287 1891 5338 tamen
1910 5277 2128 5359 partita
2149 5296 2313 5338 com·

773 5374 1164 5461 prehenditur
1181 5375 1406 5435 Domus
1422 5381 1619 5451 empta
1639 5371 1829 5451 pretio
1850 5379 2152 5434 scutorum
2172 5374 2310 5433 266.

1918 436 2357 506 QUAEsTtoNEs
2396 437 2748 493 cmoNtcAE

2400 598 2695 670 quatenus
2740 610 2810 653 ea
2841 590 2921 653 sit
2973 592 3283 658 retinenda
3335 613 3445 674 pro
3471 593 3835 677 collegiata:
3866 597 3942 661 Et

2402 683 2465 743 in
2513 703 2584 743 eo
2609 728 2625 756 ,
2678 686 2839 764 quod
2886 686 3099 747 attinet
3142 686 3220 748 ad
3260 704 3586 768 expensas,
3642 700 3702 751 et
3730 693 3806 753 ad
3837 691 3939 765 id,

2402 778 2562 857 quod
2580 797 2885 859 superesse
2911 788 3100 860 potest
3119 781 3195 841 de
3210 800 3332 862 quo
3356 782 3738 863 disceptatur,
3770 803 3848 847 an
3866 786 3945 848 sit

2403 870 2768 951 erogandum
2792 872 2856 933 in
2878 882 3268 954 augmentum
3296 876 3556 949 numeri,
3586 877 3681 938 vel
3711 877 3775 938 in
3803 898 3946 960 aug·

2403 973 2671 1026 mentum
2694 966 2995 1028 redituum
3018 967 3478 1041 Canonicorum,
3508 970 3668 1033 ultra
3698 973 3946 1033 recensi-

2404 1066 2528 1121 tam
2560 1079 2856 1122 summam
2886 1071 3190 1124 scutorum
3212 1069 3349 1125 788.
3375 1110 3392 1138 ,
3419 1073 3477 1126 et
3493 1064 3815 1126 obulorum
3840 1071 3939 1127 66.

2408 1153 2795 1216 necessariam
2827 1173 2937 1236 pro
2966 1154 3258 1219 Cubiculo
3279 1203 3296 1231 ,
3322 1166 3382 1219 et
3410 1158 3718 1220 mansione
3741 1203 3758 1231 ,
3786 1178 3949 1220 com-

2407 1247 2673 1327 paranda
2698 1256 2840 1309 sunt
2858 1248 3039 1311 Sacra
3066 1250 3467 1330 Supellectilia
3491 1301 3507 1324 ‚
3544 1254 3948 1333 expediendae

2404 1350 2547 1403 sunt
2575 1342 2785 1404 Bullae
2814 1343 3186 1423 Apostolicae
3207 1392 3223 1416 ,
3260 1353 3320 1408 et
3344 1346 3626 1414 solvenda
3675 1356 3814 1407 sunt
3840 1348 3950 1409 he-

2407 1434 2670 1510 noraria,
2695 1444 2756 1497 et
2779 1438 3073 1500 mercedes
3089 1439 3232 1510 illis,
3257 1440 3363 1521 qui
3392 1440 3488 1520 pio
3506 1439 3686 1521 Operi
3714 1461 3968 1521 promo-·

2405 1528 2599 1591 vendo
2641 1548 2778 1592 suas
2799 1550 3009 1612 operas
3053 1532 3363 1607 locarunt,
3408 1553 3665 1615 suosque
3713 1535 3950 1598 labores

2404 1620 2858 1705 impenderunt,
2908 1625 3124 1706 bisque
3149 1627 3432 1689 omnibus
3459 1627 3735 1690 detractis
3757 1674 3774 1702 ‚
3804 1648 3916 1691 con

2401 1715 2666 1778 cluditur
2685 1762 2702 1790 ,
2751 1738 3057 1799 superesse
3082 1731 3247 1784 scuta
3297 1728 3473 1783 3500.
3526 1722 3763 1785 circiter
3791 1740 3950 1803 quae

2404 1810 2680 1875 investita
2712 1813 2776 1874 in
2806 1822 2889 1876 tot
2917 1815 3246 1890 effectibus,
3278 1835 3381 1877 seu
3417 1816 3671 1878 terrenis
3694 1817 3758 1877 in
3801 1817 3948 1878 Pro-

2404 1906 2601 1969 vincia
2628 1908 3007 1970 Cremonensi
3035 1909 3423 1990 reperiendis,
3453 1910 3723 1972 sufflcere
3749 1910 3954 1971 dicun·

2405 2010 2503 2062 tur
2535 2020 2641 2081 pro
2667 2002 2856 2064 fundo
2895 2003 3080 2065 dotali
3110 2003 3368 2065 aliorum
3399 2005 3659 2066 duorum
3689 2003 3951 2066 Canoni-

2403 2104 2644 2173 catuum
2674 2097 2834 2161 ultra
2874 2107 3133 2178 quatuor
3163 2098 3562 2163 Canonicatus
3585 2117 3622 2161 a
3647 2099 3956 2161 Testatore

2404 2198 2654 2251 statutos
2675 2236 2692 2264 ,
2721 2192 3148 2272 comprehenso
3182 2193 3521 2273 Praeposito
3548 2237 3565 2266 ,
3595 2212 3701 2254 seu
3730 2192 3947 2254 Archi-

2406 2283 2753 2365 presbytero
2769 2332 2786 2356 ,
2815 2285 3038 2365 quibus
3056 2285 3371 2348 Canonicis
3397 2286 3722 2347 ducatonos
3743 2289 3842 2346 45.
3868 2303 3955 2346 as-

2404 2376 2685 2458 signavit,
2716 2387 2776 2440 et
2805 2379 3147 2460 Praeposito
3174 2380 3498 2442 ducatonos
3527 2386 3625 2440 50.
3656 2380 3832 2461 juxta
3853 2398 3947 2451 ea,

2405 2489 2563 2549 quae
2588 2472 2935 2534 referuntur
2957 2474 3019 2535 in
3039 2472 3188 2535 folio
3207 2472 3697 2555 Congregationis
3714 2471 3960 2534 habitae

2405 2565 2504 2626 die
2532 2572 2591 2627 8.
2627 2567 2772 2629 Julii
2807 2573 2984 2629 1719.

2522 2662 2704 2725 Addit
2742 2662 3069 2746 Episcopus
3115 2661 3178 2723 in
3228 2680 3337 2724 sua
3368 2659 3794 2724 informatione
3836 2659 3953 2721 sibi

2404 2757 2731 2820 consultius
2759 2758 2988 2828 videri,
3032 2756 3194 2837 quod
3241 2756 3529 2837 pecuniae
3559 2755 3952 2819 retrahendae

2403 2871 2479 2912 ex
2524 2851 2844 2913 omissione
2868 2849 3133 2912 fabricae
3164 2842 3467 2910 Domuum
3498 2848 3953 2911 canonicalium

2405 2945 2788 3025 implicentur
2833 2944 2895 3004 in
2929 2950 3319 3024 augmentum
3347 2942 3585 3004 numeri
3622 2943 3954 3005 Canonico-

2407 3058 2566 3113 rum,
2586 3048 2645 3100 et
2660 3040 2988 3120 signanter,
3009 3037 3155 3116 quia
3172 3037 3234 3098 S.
3258 3037 3509 3099 Carolus
3533 3037 3950 3107 Borromaeus‚

2405 3132 2499 3195 cui
2524 3141 2807 3213 tanquam
2831 3131 3290 3212 Arcbiepiscopo
3309 3128 3741 3193 Mediolanensi
3762 3129 3957 3212 subje-

2404 3234 2498 3290 cta
2523 3236 2652 3289 erat
2695 3226 2990 3288 Dioeoesis
3040 3225 3477 3295 Cremonensis,
3515 3223 3839 3285 nonnullas
3888 3223 3956 3284 in

2406 3320 2515 3383 illa
2546 3321 2874 3401 suppressit
2900 3320 3279 3401 Collegiatas,
3314 3318 3453 3381 illas
3488 3317 3764 3380 videlicet
3795 3317 3957 3379 loco·

2406 3433 2543 3475 rum
2596 3414 2890 3495 Ripaltae,
2926 3421 2986 3475 et
3030 3412 3284 3493 Suspirii
3305 3456 3322 3484 ,
3370 3430 3442 3472 eo
3472 3410 3616 3491 quia
3666 3427 3959 3471 numerus

2408 3507 2844 3571 Canonicorum
2895 3527 3018 3569 non
3072 3514 3203 3568 erat
3256 3504 3554 3566 sufficiens
3600 3522 3710 3584 pro
3758 3502 3958 3565 Sacris

2412 3602 2875 3673 Functionibus,
2907 3609 2968 3662 et
2988 3599 3268 3662 Canonici
3301 3599 3364 3660 in
3407 3597 3609 3677 parvis
3635 3596 3957 3677 Oppidulis

2409 3697 2721 3778 degentes,
2745 3695 2932 3757 vitam
2978 3695 3274 3757 ducebant
3296 3692 3360 3753 in
3392 3690 3572 3762 ludis,
3604 3699 3666 3754 et
3692 3690 3959 3756 venatio·

2412 3789 2616 3851 nibus.
3985 3786 3991 3792 “

2529 3882 2642 3944 His
2661 3881 2955 3943 stantibus
2969 3924 2986 3952 ,
3012 3877 3324 3960 quaeritur
3344 3898 3359 3937 z

2530 3976 2625 4037 An
2649 4023 2667 4047 ,
2690 3974 3031 4055 ecquomodo
3051 3975 3126 4033 sit
3144 3971 3553 4053 providendum
3576 3973 3640 4030 in
3662 3989 3797 4032 casu
3823 3978 3924 4030 etc.

2521 4169 2673 4221 Sacra
2699 4168 2894 4235 Congr.
2923 4164 3009 4216 dic
3029 4166 3088 4216 ’1.
3112 4161 3419 4217 Decembris
3449 4161 3605 4213 1720.
3628 4161 3920 4228 respondit=

2591 4251 2914 4322 Augendum
2961 4269 3070 4304 esse
3113 4266 3396 4301 numerum
3454 4247 3850 4300 Canonicorum
3888 4244 3965 4297 ad

2410 4356 2591 4397 ratam
2617 4342 2885 4394 redituum
2902 4379 2920 4406 ,
2947 4351 2998 4392 et
3023 4356 3191 4392 onera
3216 4337 3508 4390 Mis-sarum
3534 4353 3644 4389 esse
3670 4332 3962 4405 repat-tien-

2411 4432 2484 4484 da
2509 4431 2653 4484 inter
2673 4429 2953 4499 antiquos,
2981 4439 3033 4480 et
3058 4444 3224 4479 novos
3255 4424 3575 4478 Canonicos.

2872 4618 3230 4694 QUAEsTlo
3271 4617 3491 4679 exul.

2452 4810 2525 4871 In
2554 4808 2744 4871 Causa
2764 4807 3009 4869 Sanctae
3033 4804 3236 4868 Crucis
3257 4805 3321 4865 ds
3347 4806 3406 4865 la
3427 4802 3630 4863 Sierra
3646 4803 3709 4859 in
3735 4800 3917 4860 Indiis

2653 4900 3105 4962 occidentalibus
3127 4947 3145 4971 ,
3167 4899 3255 4959 die
3279 4903 3337 4958 8.
3360 4895 3516 4956 Julii
3545 4898 3716 4954 1719.

2414 5037 2615 5151 Licet
2639 5107 2677 5151 a
2695 5088 2877 5151 Sacro
2895 5085 3160 5150 Concilio
3184 5080 3532 5155 Tridentino
3551 5099 3677 5142 sess.
3703 5082 3801 5139 21.
3825 5098 3951 5157 cap.

2417 5188 2476 5243 2.
2502 5184 2569 5244 dc
2596 5185 2823 5261 reform.
2851 5190 3137 5245 statutum
3158 5178 3364 5250 fuerit,
3391 5174 3691 5236 neminem
3717 5190 3957 5251 promo-

2419 5277 2547 5340 veri
2574 5296 2742 5357 posse
2772 5277 2849 5339 ad
2876 5277 3085 5338 Sacros
3103 5272 3356 5335 Ordines
3377 5315 3394 5343 ,
3431 5269 3543 5330 nisi
3568 5269 3735 5348 prius
3762 5265 3958 5347 legiti-

2420 5390 2517 5433 me
2535 5378 2781 5446 constet,
2807 5389 2948 5433 eum
2968 5369 3191 5432 babere
3208 5362 3573 5429 Beneficium
3588 5358 3957 5423 Ecclesiasti-
3991 5380 3994 5383 ·
