4393 6299
955 517 1059 569 192

777 670 1033 733 beantur
1058 666 1546 737 confrates-nitati
1576 668 1651 730 ad
1702 665 1996 729 rationem
2045 674 2313 747 quatuor

773 784 912 827 cum
938 765 1191 827 dimidio
1224 784 1334 844 pro
1351 764 1625 846 quolibet
1649 762 2017 835 centenario,
2043 771 2102 824 et
2121 781 2309 837 anno,

768 850 1177 942 subscriptum
1206 861 1321 923 fuit
1339 860 1595 922 dubium
1618 858 1698 922 ad
1724 857 1948 921 calcem
1986 858 2169 940 hujus
2199 876 2299 919 re-

768 957 1011 1020 strictus
1042 956 1423 1018 referendum
1445 998 1463 1016 .

889 1053 1109 1133 Magna
1127 1059 1214 1114 est
1233 1052 1391 1113 inter
1421 1053 1704 1113 Doctores
1742 1048 2149 1112 controversia
2175 1093 2193 1120 ,
2229 1067 2311 1109 an

771 1145 835 1207 in
889 1147 1080 1210 Censu
1123 1146 1535 1229 consignativo
1582 1144 1712 1206 fieri
1770 1143 1969 1206 valeat
2021 1145 2299 1207 reductio

772 1240 1078 1305 fructuum
1118 1243 1348 1323 absque
1397 1241 1775 1322 Beneplacito
1826 1239 2162 1320 Apostolico
2194 1286 2211 1313 ,
2256 1247 2317 1303 et

766 1355 979 1399 eorum
1022 1336 1406 1398 auctoritates
1436 1336 1583 1398 hinc
1629 1335 1770 1397 inde
1813 1341 2148 1414 pugnantes
2180 1334 2314 1396 fue·

769 1439 916 1493 runt
938 1451 973 1494 a
1003 1451 1099 1492 me
1129 1431 1352 1493 relatae
1396 1431 1460 1493 in
1488 1430 1635 1493 folio
1665 1422 2156 1511 Congregationis
2194 1430 2308 1493 ha-

767 1524 932 1588 bitae
956 1527 1046 1587 dio
1065 1531 1125 1587 2.
1165 1525 1325 1587 Julii
1350 1530 1522 1588 1718.
1559 1524 1867 1588 occasione
1887 1544 2010 1605 qua
2057 1525 2116 1585 in
2146 1544 2303 1606 qua-

764 1619 906 1682 dam
932 1619 1121 1685 Causa
1152 1619 1544 1699 Senoqallim.
1593 1619 1876 1681 conanum
1919 1619 2294 1699 disputatum

763 1713 906 1785 fuit,
945 1736 1024 1777 an
1041 1716 1293 1776 reductio
1331 1714 1621 1789 fructuum
1651 1713 1864 1775 Consus
1886 1715 2006 1774 sino
2030 1716 2312 1794 ‘benepla-

768 1812 877 1869 cito
900 1808 1215 1887 Apostolico
1231 1812 1603 1870 sustineretur
1627 1812 1692 1869 in
1713 1829 1849 1870 casu
1866 1820 1969 1871 etc.

888 1904 956 1963 ln
979 1892 1232 1985 allegata
1267 1923 1444 1964 cansa
1476 1902 1858 1979 Senoqamm.
1887 1903 2171 1965 Consanum
2195 1902 2306 1963 Sa·

767 2018 866 2059 cra
898 1998 1291 2079 congregatio
1318 1999 1510 2059 noluit
1536 1998 1860 2059 articulum
1898 1999 1961 2058 in
2006 1999 2311 2061 abstracto

766 2091 1084 2161 resolvere,
1109 2092 1210 2153 sed
1234 2092 1538 2171 proposito
1563 2092 1750 2153 dnbio
1775 2092 2104 2170 respondit,
2132 2111 2314 2170 neqo-

766 2189 905 2255 ticc,'
920 2186 1123 2248 addita
1145 2185 1392 2274 salutari
1422 2186 1689 2249 clausula
1716 2190 1779 2246 in
1798 2207 1934 2247 ceam
1952 2188 2022 2248 do
2043 2208 2151 2263 quo
2185 2190 2318 2270 aqi·

767 2289 906 2347 tur,-
936 2279 1332 2359 ponderatum
1353 2279 1578 2340 'etenim
1608 2278 1725 2340 fuit
1772 2280 1833 2339 in
1871 2280 2029 2341 dicta
2087 2279 2305 2353 Causa,

765 2373 927 2452 quod
966 2373 1233 2435 reductio
1256 2372 1565 2434 fructuum
1591 2390 1708 2434 non
1733 2384 1865 2436 erat
1888 2374 2305 2455 undequaque

761 2466 1107 2528 immunisa
1142 2466 1677 2540 labecollusionisg
1704 2466 1867 2531 'facta
1908 2469 2072 2531 enim
2106 2469 2311 2530 fuerat

763 2580 799 2623 a
835 2562 1072 2623 dnobus
1097 2560 1408 2622 Prioribus
1431 2562 1953 2626 Confraternitatis
1981 2613 1994 2633 ,
2048 2564 2318 2626 caeteris

766 2654 1080 2716 Prioribus
1102 2656 1473 2729 absentibus,
1497 2656 1655 2717 unde
1673 2658 1852 2719 Sacra
1870 2659 2015 2720 baec
2041 2658 2310 2739 Congre-

766 2748 930 2828 gatio
960 2748 1023 2807 in
1053 2748 1260 2809 eadem
1310 2747 1501 2810 Causa
1546 2750 1621 2811 ad
1669 2752 2000 2812 secundum
2047 2750 2311 2813 dubium

769 2842 1212 2921 respondendo,
1262 2842 1324 2903 in
1371 2862 1495 2924 quo
1550 2845 1958 2924 quaerebatur
1987 2894 2001 2915 ,
2048 2867 2127 2908 an
2170 2856 2309 2907 essct

771 2940 920 2999 locus
950 2940 1353 3013 rombidationi
1368 2986 1383 3008 ,
1422 2948 1473 2998 ct
1515 2940 1932 3019 confirmationi
1968 2940 2312 3002 Contractus

764 3032 1128 3101 reductionis,
1157 3042 1271 3090 tam
1292 3050 1393 3109 pro
1415 3033 1738 3109 praeterito,
1767 3053 1943 3110 quam
1961 3036 2308 3111 profuturo,

766 3124 964 3205 quoad
995 3124 1383 3204 praeteritum
1409 3128 1663 3204 motivo
1677 3127 2003 3206 respondit,
2034 3136 2092 3190 et
2122 3146 2316 3191 reser-

765 3220 933 3282 vavit
956 3222 1058 3299 jus
1079 3219 1294 3300 agendi
1341 3228 1549 3282 contra
1599 3220 1859 3294 Priores,
1912 3222 2018 3302 qui
2043 3221 2306 3287 Censnm

764 3314 1153 3378 reduxerant:
1178 3315 1380 3394 quoad
1401 3313 1676 3377 futurum
1700 3315 2050 3379 instantiam
2072 3318 2311 3381 remisit

763 3409 1020 3472 arbitrio
1049 3408 1523 3471 Eminentissimi
1551 3409 1828 3491 Episcopi
1856 3454 1874 3472 .

881 3501 1281 3565 cohaerenter
1300 3503 1378 3566 ad
1396 3503 1543 3566 haec
1562 3505 1870 3570 contendit
1888 3504 2310 3570 confraterni-

767 3603 855 3659 tas
882 3594 984 3655 SS.
1013 3595 1372 3672 Tripbonis,
1420 3596 1719 3675 Respicii‚
1768 3606 1829 3660 et
1866 3599 2167 3680 Nimphae
2194 3620 2306 3664 nec

766 3690 1048 3770 primam,
1075 3708 1182 3750 nec
1207 3689 1528 3752 secundam
1557 3689 1867 3753 fructuum
1892 3693 2305 3756 reductionem

762 3782 1071 3856 sustineri,
1118 3791 1248 3843 tum
1270 3782 1416 3862 quia
1440 3790 1702 3865 utraque
1729 3784 1884 3847 facta
1913 3785 2030 3849 fuit
2074 3788 2308 3868 absque

761 3892 965 3949 causa,
987 3876 1140 3939 etad
1160 3878 1357 3937 solum
1385 3876 1570 3940 finem
1601 3879 1909 3944 annuendi
1940 3881 2161 3959 petitis,
2193 3901 2302 3944 seu

761 3969 1081 4031 instantiae
1101 3980 1409 4050 promotae
1435 3990 1470 4033 a
1502 3972 1899 4045 debitoribus,
1942 3974 2008 4036 in
2042 3994 2168 4056 quo
2202 3995 2302 4039 re-

762 4083 900 4128 rum
920 4072 1103 4136 statu,
1133 4063 1273 4126 licet
1295 4065 1671 4139 admittatur,
1723 4068 1887 4149 quod
1921 4069 2191 4144 reductio
2240 4072 2306 4132 in

758 4158 1058 4222 abstracto
1091 4156 1221 4220 fieri
1251 4159 1436 4239 possit
1467 4160 1598 4222 sine
1638 4161 2023 4243 Beneplacito
2057 4166 2306 4244 Aposto-

758 4250 900 4322 lico,
933 4251 995 4312 in
1014 4262 1291 4314 concreto
1320 4262 1519 4315 tamen
1548 4254 1682 4318 fieri
1721 4275 1843 4318 non
1888 4266 2141 4337 poterat,
2170 4266 2302 4321 tum

758 4346 904 4426 quia
932 4346 1011 4408 ab
1039 4346 1321 4415 omnibus
1342 4349 1911 4426 praescindendo,in
1928 4353 2189 4415 secunda
2215 4374 2306 4416 re-

756 4439 1039 4502 ductione
1063 4440 1459 4519 fuitapposita
1487 4443 1773 4517 conditio,
1796 4464 1957 4525 quae
1981 4466 2304 4528 nunquam

758 4533 876 4598 fuit
905 4532 1254 4613 adimpleta,
1291 4534 1452 4614 quod
1480 4535 1703 4598 scilieet
1735 4540 1935 4601 cautio
1957 4560 2066 4619 pro
2094 4540 2306 4604 fructi-

760 4629 876 4698 bus
913 4636 1338 4708 praestaretur,
1375 4649 1449 4690 ex
1473 4648 1607 4709 quo·
1622 4629 1750 4694 loca
1775 4634 2073 4698 montium
2108 4644 2302 4699 atter-

757 4731 891 4804 gata
921 4721 1159 4783 cuidam
1187 4719 1645 4786 fideicommisso
1674 4735 1851 4788 erant
1875 4728 2178 4810 subjecta.

876 4813 989 4876 His
1016 4814 1313 4876 stantibus
1337 4859 1353 4886 ,
1393 4815 1731 4896 quaeritur:

874 4909 971 4968 An
987 4910 1331 4970 reductiones
1363 4911 1656 4988 fructuum
1676 4910 1888 4975 Consus
1910 4917 2306 4980 sustineantur

759 5006 825 5065 in
846 5022 982 5065 casu
1008 5014 1110 5064 otc.

862 5197 1015 5246 Sacra
1041 5192 1237 5262 Congr.
1268 5196 1547 5263 respondit
1568 5218 1587 5249 τ

937 5279 1311 5351 firmative,
1326 5283 1961 5356 praestita-fidejussione
1980 5289 2310 5357 adfirmem

752 5369 1101 5428 resolutionis
1131 5372 1577 5439 congregacionis
1631 5374 1987 5443 Confratrum
2041 5379 2107 5433 de
2162 5399 2314 5435 anno,

755 5458 909 5509 1⁶85.
942 5467 993 5508 ee
1020 5457 1289 5527 amplius.

1935 511 2380 581 Quisss‘rtomss
2416 511 2777 563 CANONJCAE

2885 663 3246 740 QUAESTIO
3287 661 3525 726 CLXV.

2431 882 2502 943 In
2534 881 2727 946 Causa
2765 884 3025 945 Romana
3066 880 3354 955 Onerum,
3392 883 3482 943 dio
3507 886 3566 942 8.
3600 879 3773 941 Junii
3798 884 3968 942 ¹720.

2430 1074 2836 1216 Capitulum,
2849 1144 2907 1197 et
2924 1135 3133 1197 Clerus
3154 1133 3444 1196 Basilicae
3461 1132 3786 1195 Vaticanae
3808 1142 3974 1217 tanta

2427 1232 2838 1293 communium
2873 1230 3427 1293 anniversariorum
3458 1274 3475 1302 ,
3511 1238 3569 1290 et
3633 1228 3982 1290 Officiorum

2429 1344 2540 1406 pro
2565 1323 2859 1386 defunctis
2884 1324 3041 1386 mole
3066 1324 3456 1405 gravabatur,
3489 1332 3556 1384 ut
3579 1321 3757 1385 Chori
3790 1323 3982 1384 servi-

2429 1420 2580 1482 tium
2612 1419 2912 1482 redditum
2934 1427 3083 1481 esset
3105 1418 3511 1490 intolerabile,
3541 1418 3623 1479 ita
3652 1424 3849 1478 utnon
3877 1436 3984 1496 per

2425 1512 2834 1575 hebdomadas
2857 1559 2873 1585 ,
2917 1512 3090 1575 sicuti
3124 1513 3185 1573 in
3217 1511 3781 1577 Constitutionibus
3807 1530 3980 1590 prae-

2427 1608 2734 1680 scribitur,
2757 1608 2856 1669 sed
2881 1607 3007 1670 fere
3033 1607 3453 1689 quotidianum
3483 1606 3785 1677 evasisset,
3809 1605 3984 1671 adeo-

2423 1720 2546 1781 que
2571 1720 2703 1762 san.
2738 1721 2916 1763 mem.
2942 1701 3147 1763 Sixtus
3171 1703 3332 1780 Papa
3362 1701 3438 1760 V.
3472 1700 3537 1762 in
3561 1700 3691 1761 suis
3731 1699 3980 1762 Litteris

2427 1796 2633 1875 Apost.
2654 1786 2948 1877 expeditis
2976 1815 3138 1861 anno
3164 1801 3339 1859 1589.
3378 1794 3780 1859 demandavit
3834 1813 3978 1857 con·-

2427 1891 2825 1953 tinuationem
2853 1890 3067 1972 viginti
3094 1899 3152 1952 et
3182 1891 3362 1953 nnius
3384 1888 3959 1953 Anniversariorum

2423 1986 2923 2047 celebrandorum
2945 2006 3083 2048 cum
3113 1987 3459 2047 interventu
3490 1984 3673 2046 totius
3704 1983 3889 2055 Cleri,
3915 1992 3981 2047 et

2426 2078 2557 2142 loco
2582 2080 2842 2141 aliorum
2882 2080 3451 2142 Anniversariorum
3481 2079 3778 2159 quasdam
3834 2078 3977 2141 Pre-

2427 2193 2542 2244 ces,
2581 2182 2640 2235 et
2666 2174 2957 2251 quasdam
2985 2173 3134 2235 alias
3162 2173 3373 2234 Missas
3397 2171 3616 2253 partim
3655 2172 3717 2233 in
3748 2172 3974 2243 Choro,

2426 2267 2646 2348 partim
2673 2276 2845 2329 extra
2867 2267 3136 2331 Chorum
3171 2268 3510 2331 recitandas
3530 2313 3548 2340 ,
3578 2278 3639 2330 et
3673 2266 3980 2348 applican-

2426 2361 2533 2423 das
2558 2363 2949 2442 subrogavit.
3035 2374 3036 2381 ’
3398 2357 3402 2361 ’

2545 2457 2684 2521 Post
2715 2457 3013 2539 Sixrtinam
3034 2455 3206 2519 hanc'
3222 2457 3630 2521 reductionem
3661 2476 3819 2522 nova
3850 2459 3974 2520 An·

2425 2551 2896 2614 niversariorum
2914 2597 2931 2624 ‚
2960 2560 3021 2613 et
3050 2552 3477 2614 Communium
3501 2570 3686 2615 onera
3705 2550 3966 2630 ,fuerunt

2423 2664 2460 2709 a
2487 2646 2766 2727 Capitulo
2785 2654 3109 2727 acceptata,
3135 2657 3197 2709 et
3218 2647 3398 2709 Chori
3430 2646 3768 2720 servitium,
3806 2646 3973 2726 quod

2419 2739 2617 2803 fuerat
2644 2760 2678 2801 a
2700 2732 2874 2802 Sixto
2896 2741 3260 2821 mitigatum,
3280 2760 3605 2822 gravosum
3640 2741 3886 2811 iterum,
3911 2746 3973 2800 et

2421 2834 2870 2915 quodammodo
2889 2834 3110 2895 iterum
3141 2833 3525 2897 intolerabile
3571 2833 3802 2906 evasit,
3831 2852 3974 2895 oum

2420 2930 2730 3009 sexaginta
2777 2930 3055 3007 quinque
3097 2929 3528 2991 Anniversaria
3578 2929 3660 2991 ab
3687 2928 3974 2991 universo

2420 3021 2595 3084 Clero
2624 3022 2686 3083 in
2715 3022 2920 3084 Cboro
2940 3022 3320 3085 celebrentur
3337 3071 3354 3095 ,
3389 3031 3449 3085 et
3475 3021 3616 3086 cnm
3642 3043 3740 3085 res
3765 3042 3838 3085 eo
3875 3041 3972 3084 re·

2424 3117 2593 3180 dacta
2622 3117 2733 3190 sit,
2764 3126 2834 3181 ut
2891 3117 3050 3180 ultra
3104 3117 3579 3181 interessentiam
3634 3116 3970 3181 necessario

2421 3212 2852 3285 exhibendam,
2881 3222 3001 3276 tam
3025 3213 3378 3284 Dominicis,
3407 3233 3596 3294 quam
3623 3214 3813 3275 Festis
3836 3200 3967 3274 diess·

2419 3307 2534 3370 bus
2562 3308 2642 3370 ab
2661 3309 2948 3370 omnibus
2972 3317 3097 3369 tum
3122 3308 3460 3382 Canonicis,
3481 3316 3608 3370 tum
3637 3306 3970 3369 Beneficia-

2420 3399 2519 3471 tis,
2543 3401 2647 3481 qui
2680 3421 2787 3481 per
2817 3401 3230 3472 hebdomadas
3252 3401 3489 3481 reliquo
3521 3400 3667 3463 anni
3698 3409 3971 3479 tempore

2419 3492 2766 3562 deserviunt
2783 3515 2800 3568 ;
2822 3493 3016 3556 diviso
3040 3501 3162 3556 toto
3180 3494 3353 3556 Claro
3382 3495 3444 3555 in
3464 3494 3636 3566 duas,
3668 3500 3736 3554 ut
3755 3493 3971 3555 dicunt

2418 3587 2747 3670 Mediarias
2770 3632 2787 3660 ,
2840 3607 3102 3668 quarum
3151 3606 3275 3649 una
3309 3589 3500 3669 prima
3539 3586 3921 3649 bebdomada
3944 3634 3966 3659 ,

2416 3680 2608 3744 altera
2654 3682 2915 3744 secunda
2951 3681 3367 3754 hebdomada,
3401 3690 3462 3743 et
3505 3682 3591 3744 sic
3638 3682 3970 3745 successive

2418 3794 2526 3856 per
2552 3795 2783 3837 annum
2821 3775 3020 3838 Choro
3057 3777 3339 3838 interesse
3385 3784 3664 3849 tenetur,
3719 3776 3850 3838 dies
3894 3776 3971 3837 li-

2416 3867 2652 3942 beri,et
2677 3869 2937 3949 expediti
2963 3870 3025 3929 in
3050 3868 3193 3929 anni
3227 3870 3481 3930 decursu
3510 3888 3631 3931 non
3672 3870 3972 3932 sufficiant

2418 3983 2528 4043 pro
2551 3971 2823 4044 separata
2851 3963 3251 4025 celebratione
3276 3964 3551 4025 omnium
3587 3965 3964 4027 Anniversa-

2416 4057 2670 4130 riorum,
2696 4066 2755 4120 et
2776 4058 3195 4137 exequiarum,
3221 4076 3295 4119 ex
3319 4076 3443 4139 quo
3469 4059 3768 4139 sequitur,
3799 4059 3967 4141 quod

2415 4151 2640 4232 pluries
2670 4151 2732 4212 in
2758 4170 2918 4212 anno
2947 4161 3066 4212 tres
3104 4151 3319 4213 Missae
3348 4159 3623 4215 cantatae
3650 4152 3715 4213 in
3766 4153 3967 4215 Cboro

2410 4246 2790 4309 celebrentur
2807 4293 2824 4317 ,
2854 4264 3012 4326 quae
3037 4245 3369 4308 celebratio
3391 4247 3716 4327 adimpleri
3747 4250 3962 4330 nequit

2412 4359 2553 4402 cum
2579 4358 2650 4402 ea
2690 4339 2961 4406 decentia
2981 4384 2998 4413 ‚
3043 4357 3201 4419 quae
3228 4347 3380 4401 esset
3403 4341 3775 4412 necessaria,
3830 4352 3963 4404 tum

2413 4433 2561 4515 quia
2614 4432 3031 4496 interessentes
3078 4431 3277 4494 Choro
3323 4443 3640 4497 remanent
3696 4434 3962 4496 nimium

2412 4525 2744 4607 defatigati,
2771 4535 2901 4587 tum
2923 4525 3068 4607 quia
3089 4544 3304 4606 magna
3334 4546 3472 4606 pars
3496 4527 3803 4607 temporis,
3829 4546 3953 4590 non

2410 4621 2686 4683 obstante
2733 4620 2910 4681 initio
2947 4618 3129 4704 Chori
3152 4664 3171 4693 ,
3216 4622 3382 4701 quod
3409 4631 3499 4684 est
3529 4622 3707 4686 valde
3740 4642 3953 4697 mane,

2413 4714 2783 4793 impenditur
2807 4714 2868 4774 in
2896 4713 3245 4784 recitatione
3274 4714 3469 4777 Officii
3506 4716 3739 4787 Divini,
3792 4717 3964 4796 quod

2415 4806 2480 4870 in
2519 4806 2710 4868 Feriis
2758 4825 2880 4868 non
2929 4814 3018 4869 est
3065 4808 3400 4889 sejunctum
3428 4827 3466 4870 a
3512 4828 3700 4888 parvo
3744 4809 3958 4872 Officio

2413 4900 2798 4963 Beatissimae
2826 4900 3138 4982 Virginis3
3169 4901 3451 4982 quodque
3473 4903 3536 4966 in
3575 4904 3769 4965 Feriis
3786 4904 3956 4979 Qua-

2413 4994 2783 5073 dragesimae
2807 5012 2927 5056 non
2959 4994 3155 5056 solum
3186 5014 3304 5056 non
3326 5004 3415 5068 est
3440 4999 3777 5076 sejunctum
3804 5016 3841 5060 a
3860 4997 3952 5059 di·

2413 5085 2508 5151 cto
2529 5107 2719 5167 parvo
2746 5087 2979 5161 Officio,
3014 5088 3118 5149 sed
3146 5088 3326 5150 etiam
3375 5091 3767 5172 conjungitur
3790 5136 3809 5165 ,
3861 5093 3962 5155 vel

2411 5200 2549 5241 cum
2568 5179 2821 5242 Psalmis
2839 5182 3391 5257 poenitentialibus,
3407 5183 3498 5245 vel
3521 5204 3660 5246 cum
3690 5185 3965 5248 Psalmis.

2411 5272 2841 5344 Gradualibus,
2879 5284 3101 5336 etcum
3124 5276 3477 5355 quotidiana
3508 5277 3867 5350 assistentia,
3900 5287 3963 5343 et

2412 5367 2825 5430 interessentia
2854 5368 3314 5443 Praedicationi,
3328 5389 3485 5452 quae
3507 5369 3576 5434 fit
3598 5381 3731 5453 post
3751 5374 3958 5436 Evan-

2411 5462 2638 5544 gelium
2667 5462 2729 5523 in
2759 5462 2942 5528 Missa
2970 5463 3046 5526 de
3073 5463 3249 5529 Feria
3278 5508 3298 5525 .
