4393 6299
1718 540 2181 608 Qucs‘rlo
2238 543 2298 596 c.

3343 549 3446 603 10¹1

428 691 835 764 contrahitur,
863 710 983 752 non
1011 692 1209 754 solum
1240 689 1420 766 tacto,
1450 692 1555 755 sed
1582 692 1765 756 etiam
1795 712 1971 773 prae-
2079 713 2219 756 cum
2265 694 2534 776 Populus
2588 714 2712 758 non
2743 697 2821 759 sit
2851 696 3041 762 durae
3071 700 3354 775 cervicis,
3385 722 3494 764 nec
3522 703 3632 765 do·

425 795 626 867 cepto,
678 795 862 868 atque
890 787 1176 859 consilio,
1227 787 1504 861 videtur,
1560 786 1722 866 quod
1751 787 1973 850 Orator
2080 809 2216 851 mus
2242 790 2321 852 sit
2349 810 2742 872 exasperans.

429 900 561 943 eam
612 882 938 944 incurrerit
984 882 1185 944 statim
1235 900 1307 945 ac
1348 881 1524 945 alteri
1573 881 1829 945 Officiali
1864 883 1970 944 de-

425 976 767 1049 mandavit,
788 985 856 1039 ut
874 976 1075 1039 hostes
1097 977 1368 1040 furantes
1395 978 1836 1058 insequeretur,
1862 978 1969 1058 qui

421 1071 637 1134 deinde
666 1071 743 1133 ad
785 1079 1042 1134 mortem
1088 1071 1358 1135 damnati
1383 1079 1564 1146 sunt,
1595 1091 1734 1134 cum
1770 1071 1848 1133 ad
1872 1072 1971 1132 in·

419 1165 780 1227 currendam
800 1165 864 1227 in
885 1166 982 1228 his
1006 1167 1282 1228 terminis
1303 1166 1817 1249 irregularitatem
1840 1166 1968 1228 suf·

417 1260 629 1324 ficiens
650 1268 968 1342 reputetur
996 1262 1423 1343 quodcumque
1451 1261 1680 1324 dictum
1697 1307 1714 1334 ,
1751 1261 1844 1323 vel
1873 1260 1966 1324 fa-

416 1362 602 1424 ctum,
629 1356 793 1436 quod
818 1356 1141 1438 dirigatur,
1170 1357 1298 1418 sive
1319 1356 1637 1420 ordinetur
1659 1357 1737 1419 ad
1763 1356 1963 1418 homi-

414 1449 643 1513 cidium
664 1450 807 1514 inde
834 1461 1129 1526 secutum,
1157 1452 1668 1532 quemadmodum
1691 1460 1822 1532 post
1840 1452 1963 1514 Na-

413 1563 699 1622 varrum,
729 1555 789 1610 et
816 1546 1056 1609 Avitum
1086 1547 1259 1609 docet
1282 1547 1554 1627 Pirhinq.
1603 1548 1679 1610 ad
1721 1550 1810 1607 tit.
1846 1547 1956 1608 De-

412 1652 547 1702 ενοι.
602 1643 669 1702 dc
696 1642 995 1703 homicidio
1028 1643 1355 1703 voluntario
1395 1653 1525 1703 scct.
1573 1646 1630 1703 4.
1671 1641 1826 1723 3.1.
1858 1643 1961 1702 sub

409 1754 569 1794 num.
613 1739 712 1796 94.
766 1735 832 1795 in
874 1754 998 1814 quo
1041 1754 1249 1796 rerum
1301 1734 1564 1797 themate
1593 1735 1959 1816 dispensatio

407 1829 654 1894 obtenta
678 1828 917 1892 Oratori
941 1830 1259 1908 suffragari
1293 1850 1413 1891 non
1444 1838 1634 1910 posset
1664 1873 1679 1888 .

528 1923 810 1996 Additur,
842 1924 1006 2005 quod
1025 1925 1072 1987 si
1089 1924 1311 1987 Orator
1332 1924 1460 2006 ipse
1483 1925 1787 1987 insecutus
1808 1923 1959 1986 fuis-

413 2025 503 2080 set
528 2016 823 2092 furantes,
853 2038 1076 2100 eomue
1108 2019 1624 2101 apprehendisset,
1654 2019 1962 2100 iidemque

409 2111 669 2175 subinde
711 2120 906 2175 morte
952 2112 1224 2175 mulctati
1272 2113 1526 2175 fuissent
1552 2162 1567 2185 ,
1601 2113 1959 2196 irregularis

408 2206 664 2270 evasisse
685 2207 803 2270 dici
825 2216 1020 2289 posset
1037 2227 1113 2270 ex
1132 2207 1463 2271 homicidio
1482 2215 1759 2289 sequuto.
1788 2209 1955 2271 Idem

410 2318 553 2383 ergo
596 2302 898 2383 judicium
928 2301 1248 2365 ferendum
1292 2322 1420 2365 esse
1463 2303 1738 2377 videtur,
1772 2303 1956 2367 etiam

409 2394 473 2457 in
505 2396 851 2478 hypothesi,
881 2397 945 2459 in
969 2417 1092 2478 qua
1115 2397 1337 2460 Orator
1364 2417 1486 2460 non
1512 2405 1602 2460 est
1629 2398 1954 2472 insecutus,

409 2490 512 2554 md
533 2492 709 2554 alteri
742 2492 1076 2564 mandavit,
1099 2500 1168 2554 ut
1191 2491 1357 2554 fures
1382 2492 1826 2572 insequeretur,
1847 2491 1955 2572 qui

408 2585 791 2665 postmodum
832 2604 869 2648 a
899 2584 1217 2648 «iudicibus
1250 2584 1467 2647 ultimo
1513 2584 1766 2646 fuerunt
1810 2585 1958 2648 afl'e·

408 2679 486 2742 cti
523 2679 842 2762 supplicio,
890 2679 980 2741 uti
1015 2679 1233 2761 prohat
1262 2679 1477 2741 Tooetus
1497 2680 1562 2740 iu
1588 2699 1716 2759 cap.
1744 2681 1819 2751 is,
1855 2681 1959 2760 qui

408 2776 474 2836 dc
503 2775 802 2837 homicidio
834 2778 899 2835 iu
932 2780 993 2835 6.

525 2867 638 2930 His
666 2868 896 2950 positis,
934 2867 1254 2949 quaeritur

522 2963 618 3024 An
662 2961 901 3026 oratori
924 2962 1272 3044 suffraqctur
1301 2964 1525 3025 obtenta
1572 2962 1955 3045 dispensatio,

408 3058 474 3118 in
500 3077 635 3120 casu
656 3067 759 3120 etc.

516 3251 669 3303 Sacra
695 3251 896 3321 Congr.
925 3248 1207 3319 respondit
1225 3269 1240 3300 ι

586 3338 871 3407 Negotium

924 3532 1287 3608 QUAESTIO
1340 3533 1440 3596 Cl.

409 3723 480 3784 ln
515 3721 708 3785 Causa
726 3720 1146 3799 Anthucoecnsi
1174 3722 1239 3780 iu
1254 3720 1439 3782 Indiis
1469 3718 1951 3793 occidentalibus,

841 3817 931 3877 die
952 3820 1053 3876 22.
1083 3813 1311 3895 Aprilis
1339 3820 1514 3877 1719.

409 3946 779 4084 Episcopus
805 4004 1221 4081 Antequexen.
1271 4001 1336 4062 in
1366 4002 1558 4064 Iudiis
1600 4001 1953 4064 Occidenta-

411 4098 570 4160 lihus
595 4098 829 4160 litteras
855 4096 1022 4159 dedit
1043 4094 1430 4158 Sanctissimo
1448 4096 1710 4159 Domino
1736 4097 1953 4158 Nostro

412 4193 474 4255 in
503 4192 730 4275 quibus
755 4190 1056 4271 exposuit,
1087 4190 1251 4270 quod
1274 4189 1338 4251 in
1374 4209 1483 4252 sua
1510 4189 1769 4254 Civitate
1817 4190 1955 4270 plu-

410 4286 602 4349 rimae
631 4285 856 4348 fiebant
885 4283 1287 4365 processiones
1314 4292 1584 4364 tempore
1610 4283 1957 4366 Quadrage·

413 4380 634 4450 simae,
663 4385 724 4440 et
756 4377 1066 4460 signanter
1092 4376 1155 4437 in
1198 4375 1578 4440 hebdomada
1607 4376 1820 4458 majori
1848 4422 1866 4449 ‚
1897 4384 1959 4440 et

413 4474 575 4553 quod
602 4471 954 4552 praesertim
985 4480 1252 4551 tempore
1274 4470 1488 4544 noctis,
1522 4490 1660 4533 cum
1694 4470 1956 4532 functio·

414 4587 520 4630 nes
574 4566 717 4628 illae
745 4565 820 4628 ad
864 4564 1117 4626 multam
1150 4573 1384 4628 noctem
1434 4565 1953 4645 producerentur,

413 4658 694 4723 scaudala
724 4658 1159 4738 sequebantur,
1188 4666 1249 4719 et
1268 4658 1452 4732 mala,
1482 4678 1642 4741 quae
1669 4678 1791 4721 non
1820 4657 1961 4720 licet

414 4753 649 4815 homini
684 4751 877 4832 loqui,
904 4752 1126 4813 nedum
1164 4752 1231 4813 in
1265 4753 1441 4827 vicis,
1470 4761 1530 4816 et
1572 4752 1810 4836 plateis,
1855 4751 1960 4815 sed

412 4848 595 4910 etiam
629 4845 696 4907 in
725 4845 871 4926 ipsis
918 4845 1200 4909 Ecclesiis
1224 4892 1243 4921 ,
1295 4857 1356 4910 et
1382 4846 1548 4930 quod
1577 4848 1801 4910 idcirco
1834 4846 1963 4928 ipse

416 4940 731 5023 prohibuit
777 4940 1183 5020 processiones
1236 4949 1506 5023 tempore
1555 4940 1959 5023 Quadragesi·

416 5056 572 5109 mae,
602 5034 866 5113 exceptis
909 5033 1149 5097 duabus
1202 5035 1269 5097 in
1317 5034 1469 5098 feria
1501 5046 1669 5099 sexta
1718 5036 1964 5117 maJoris

2198 884 2265 945 In
2300 883 2508 946 iisdem
2536 904 2781 966 quoque
2806 885 3024 949 litteris
3067 888 3394 967 exponitur
3417 935 3435 962 ,
3463 891 3631 971 qnod

2075 977 2153 1038 ad
2187 977 2474 1059 majorem
2508 978 2616 1040 Dei
2641 978 2896 1059 gloriam
2922 1027 2940 1055 ‚
2971 981 3247 1045 adhibito
3266 984 3539 1059 consiliO,
3568 994 3630 1049 et

2073 1090 2364 1132 consensu
2389 1071 2648 1153 Capituli
2674 1073 3048 1137 Cathedralis
3071 1076 3401 1152 Ecclesiae,
3426 1088 3486 1141 et
3505 1081 3631 1144 Ma·

2073 1163 2471 1244 gistratuum‚
2518 1166 2842 1247 praecepit,
2887 1176 2954 1229 ut
2994 1168 3124 1231 dics
3180 1171 3628 1251 Expectationis

2074 1257 2461 1321 Beatissimae
2486 1259 2760 1341 Virginis
2801 1262 3051 1335 Mariae,
3097 1265 3206 1344 qui
3241 1284 3457 1345 magna
3487 1287 3627 1329 cum

2069 1350 2417 1415 celebritate
2465 1353 2783 1429 recolitur,
2815 1355 3143 1431 habeatur,
3172 1366 3233 1420 et
3258 1360 3337 1422 sit
3373 1360 3625 1427 festivus

2069 1444 2145 1506 de
2202 1456 2518 1530 praecepto
2545 1469 2564 1522 ς
2615 1469 2874 1531 cumque
2925 1452 3254 1532 Episcopus
3301 1455 3623 1519 Summum

2066 1539 2419 1603 Pontificem
2448 1543 2791 1607 exoraverit
2810 1564 2919 1624 pro
2936 1545 3156 1607 horum
3181 1548 3457 1611 omnium
3483 1569 3624 1619 cm·

2064 1630 2438 1709 firmatione,
2468 1645 2528 1699 et
2565 1657 2603 1700 a
2634 1638 2959 1703 Sanctitate
2997 1641 3120 1703 Sua
3146 1641 3376 1706 fuerint
3416 1664 3621 1725 preces

2065 1727 2348 1792 remissae
2372 1730 2451 1792 ad
2493 1730 2649 1793 hanc
2675 1732 2919 1795 Sacram
2944 1734 3480 1817 congregationem
3504 1786 3522 1809 ,
3556 1738 3620 1801 in

2065 1823 2363 1902 praesenti
2391 1825 2689 1905 agendum
2720 1834 2841 1900 est,
2874 1847 2951 1890 an
3006 1838 3169 1910 gesta
3196 1832 3277 1892 ab
3326 1832 3619 1914 Episcopo

2064 1915 2186 1979 sint
2204 1919 2562 1982 auctoritate
2586 1922 2907 2002 apostolica
2942 1923 3378 1988 confirmanda.

2183 2012 2400 2087 Quoad
2442 2014 2602 2077 diem
2646 2015 2854 2098 itaque
2908 2017 3127 2081 festum
3173 2019 3249 2081 de
3301 2030 3617 2101 praecepto

2065 2107 2516 2188 Expectationis
2533 2112 2750 2174 Beatae
2768 2113 2999 2180 Mariae
3019 2112 3323 2195 Virginis,
3357 2134 3467 2195 pro
3489 2134 3614 2196 quo

2062 2218 2099 2262 a
2127 2201 2450 2264 Sacrorum
2487 2202 2738 2268 Rituum
2767 2207 3245 2288 congregatione
3271 2227 3619 2271 concessum

2060 2294 2181 2357 fuit
2199 2297 2508 2360 nonnullis
2527 2300 2911 2365 Dioeoesibus
2922 2301 3202 2365 Officium
3225 2301 3611 2382 particulare,

2059 2390 2136 2451 de
2156 2394 2299 2473 jure
2326 2393 2666 2467 communi,
2687 2395 2861 2457 sicuti
2883 2404 3074 2476 potest
3090 2396 3376 2458 Summus
3406 2397 3615 2459 Ponti-

2063 2483 2163 2547 fex
2196 2486 2413 2550 festum
2450 2487 2718 2552 indicere
2742 2488 2818 2551 de
2864 2498 3176 2570 praecepto
3210 2489 3274 2552 in
3328 2490 3614 2555 universa

2063 2581 2357 2652 Ecclesia,
2380 2583 2465 2645 ita
2492 2591 2683 2663 potest
2701 2584 3029 2664 Episcopus
3057 2585 3171 2648 hoc
3194 2585 3391 2665 ipsum
3419 2585 3616 2651 facere

2061 2673 2123 2735 in
2152 2693 2262 2737 sua
2300 2675 2565 2739 Dioecesi
2588 2722 2606 2750 ,
2654 2679 2968 2741 accedente
3000 2699 3292 2743 consensu
3324 2679 3482 2744 Cleri
3508 2726 3527 2755 ,
3556 2690 3617 2745 et

2062 2768 2302 2850 Populi,
2324 2779 2391 2831 ut
2411 2772 2628 2850 probat
2651 2770 2863 2832 Textus
2880 2774 2945 2833 in
2964 2793 3095 2835 can.
3113 2775 3616 2855 pronunciandum

2063 2865 2129 2925 dc
2149 2874 2452 2925 consecrat.
2477 2864 2613 2927 dist.
2645 2870 2704 2926 3.
2739 2876 2794 2926 ot
2818 2868 2884 2927 in
2909 2886 3034 2947 cap.
3059 2880 3386 2947 conquestus
3428 2870 3496 2930 do
3530 2870 3616 2947 fc·

2066 2961 2199 3030 riis,
2221 2966 2281 3020 et
2308 2958 2447 3021 licet
2480 2959 2759 3022 nonnulli
2789 2962 3075 3024 Doctores
3098 2961 3333 3036 dicant,
3362 2982 3616 3025 cousen-

2064 3071 2199 3113 sum
2223 3052 2431 3134 populi
2451 3053 2526 3115 de
2542 3053 2975 3116 consuetudine
2990 3055 3253 3136 amplius
3275 3075 3395 3118 non
3416 3055 3618 3137 requi-

2066 3145 2152 3219 ri,
2181 3167 2390 3211 omues
2430 3157 2630 3211 tamen
2659 3157 2991 3231 agnoscunt
3019 3151 3430 3214 necessitatem
3470 3168 3616 3211 con-

2064 3260 2274 3305 sensus
2296 3242 2594 3323 Capituli,
2623 3243 2800 3304 Azor.
2837 3245 3021 3305 instit.
3071 3247 3276 3305 morat.
3309 3253 3475 3306 tract.
3509 3248 3610 3304 27.

2070 3339 2168 3399 tib.
2200 3344 2256 3399 1.
2286 3358 2412 3419 cop.
2459 3341 2559 3399 26.
2591 3348 2807 3416 quaest.
2845 3343 2899 3399 1.
2938 3348 2992 3398 ct
3029 3342 3089 3398 2.
3139 3337 3335 3400 Diana
3382 3340 3447 3397 in
3471 3340 3608 3400 edit.

2064 3434 2380 3494 coordinat.
2414 3441 2545 3492 tom.
2574 3436 2633 3492 3.
2660 3440 2828 3492 tract.
2869 3435 2928 3491 3.
2958 3432 3189 3492 resolui.
3223 3436 3321 3493 89.
3361 3452 3520 3493 num.
3550 3439 3610 3493 2.

2061 3535 2123 3589 et
2146 3527 2349 3608 quoad
2371 3526 2609 3588 Bullam
2636 3529 2776 3586 291.
2835 3525 3066 3588 Urbani
3098 3525 3308 3588 Octavi
3334 3574 3352 3597 ,
3381 3527 3447 3587 in
3489 3546 3615 3608 qua

2065 3622 2193 3685 dies
2218 3620 2354 3684 festi
2385 3626 2768 3693 statuuntur,
2815 3638 2934 3681 non
2963 3619 3323 3701 prohibetur
3350 3618 3616 3689 Ordine-.-

2062 3715 2171 3778 riis
2196 3715 2457 3777 aliorum
2487 3713 2778 3777 festorum
2804 3713 3054 3776 indictio
3073 3762 3090 3785 ,
3114 3715 3217 3776 sed
3243 3721 3615 3782 tantumo-

2059 3811 2136 3873 do
2160 3810 2344 3872 iidem
2365 3810 2800 3883 admonentur,
2822 3816 2890 3870 ut
2911 3827 2948 3871 a
2973 3808 3130 3872 dicta
3153 3808 3482 3871 indictione
3503 3828 3616 3870 no-

2064 3924 2281 3967 vorum
2312 3904 2604 3966 festorum
2625 3904 2701 3965 de
2725 3910 3042 3984 praeoepto
3072 3903 3385 3979 studeant,
3414 3923 3614 3986 quan·

2062 4008 2189 4064 tum
2219 3999 2354 4063 fieri
2386 4006 2609 4079 potest,
2630 3998 2955 4060 abstinere.

2174 4096 2290 4157 His
2316 4092 2635 4175 propositis
2653 4138 2671 4168 ,
2702 4092 3058 4173 quaeritur:

2175 4191 2274 4251 Au
2292 4233 2311 4263 ,
2340 4198 2393 4250 ct
2413 4188 2684 4268 quomodo
2700 4188 2960 4269 precibus
2983 4189 3057 4250 sit
3080 4188 3467 4251 annumdum.

2169 4384 2323 4434 Sacra
2348 4380 2548 4447 Congr.
2580 4377 2888 4448 respondit:

2244 4465 2620 4538 affirmative.

2562 4660 2925 4735 QUAESTIO
2963 4659 3094 4723 cn.

2104 4850 2177 4912 In
2202 4850 2393 4914 Causa
2414 4849 2886 4930 magdalum,
2917 4849 3006 4909 dic
3024 4850 3123 4907 22.
3149 4846 3374 4927 Aprilis
3395 4845 3571 4905 1719.

2066 4984 2148 5098 F
2156 5038 2449 5100 nudatum
2494 5035 2613 5098 fuit
2649 5034 2716 5097 in
2744 5034 2984 5116 Oppido
3022 5030 3374 5115 Magdaluni
3400 5027 3616 5109 Hospi-

414 5126 851 5201 hebdomadae,
908 5127 1030 5191 lata
1074 5128 1227 5210 lege,
1260 5129 1422 5210 quod
1471 5130 1619 5193 feria
1655 5130 1871 5212 quinta
1900 5130 1961 5195 in
2073 5131 2190 5195 tale
2219 5151 2329 5211 pro
2356 5129 2672 5203 curandis,
2695 5136 2754 5191 et
2778 5126 3012 5190 alendis
3038 5125 3291 5208 Oppidi,
3322 5124 3613 5187 aliorum-

416 5225 612 5288 Coena
654 5223 900 5285 Domini
937 5243 1148 5285 omnes
1192 5223 1494 5287 Ecclesiae
1536 5224 1967 5288 clauderentur

416 5318 566 5382 hora
612 5337 774 5381 nona
828 5326 962 5398 post
1006 5317 1322 5380 meridiem
1344 5363 1363 5393 ,
1414 5324 1477 5380 et
1521 5319 1686 5400 quod
1718 5319 1962 5382 demum

417 5413 610 5494 spatio
658 5411 1006 5493 quindecim
1034 5430 1334 5474 annorum
1354 5458 1372 5485 ,
1406 5412 1555 5475 haec
1584 5414 1791 5476 omnia
1826 5413 1963 5476 teti-

420 5508 567 5570 citer
589 5552 607 5582 ,
636 5516 857 5570 etcum
886 5506 1101 5588 plausu
1127 5508 1465 5570 executioni
1493 5508 1775 5572 mandata
1798 5516 1961 5586 sunt,

745 5629 953 5669 nasso.
997 5630 1109 5670 xiv.
1148 5630 1291 5669 ron.
1333 5620 1445 5673 ΧΠ.

2069 5246 2191 5308 que
2220 5226 2489 5289 locorum
2518 5224 2669 5288 Duci
2704 5223 3056 5307 Magdaluni
3085 5222 3488 5304 subjector-,um
3521 5217 3616 5279 iu·

2070 5321 2297 5395 firmis,
2337 5329 2397 5383 et
2447 5320 2724 5383 fundatio
2772 5318 3017 5381 initium
3050 5314 3268 5379 babuit
3312 5333 3350 5377 a
3392 5312 3614 5394 Leffito

2069 5414 2377 5478 Diomedis
2411 5413 2591 5475 Ducis
2623 5412 2893 5476 Caratl'ae
2916 5459 2934 5482 ,
2970 5409 3077 5491 qui
3123 5428 3268 5472 ann.
3321 5404 3493 5468 1560.
3550 5403 3615 5466 ia

2070 5529 2181 5574 suo
2216 5508 2434 5573 ultimo
2465 5510 2844 5572 Testamento
2886 5504 3249 5569 erectionem
3288 5501 3619 5565 demanda-

3219 5617 3287 5668 15
