4393 6299
966 454 1030 502 ιο
1959 456 2410 523 Quffisriones
2447 456 2805 511 CANONtCAE

782 626 944 669 anno
970 609 1357 685 decurrente,
1399 611 1778 693 aegritudine
1822 620 2133 691 correptus
2165 617 2326 673 tran-

779 702 990 764 siverit
1019 704 1097 766 ad
1122 704 1319 767 locum
1353 705 1428 768 de
1458 705 1716 789 Poligni,
1750 692 1961 787 ibique
1982 706 2184 786 gratia
2231 726 2328 767 re-

780 799 1159 876 cuperandae
1185 799 1582 876 valetudinis,
1609 802 1916 883 plerisque
1940 800 2155 863 diebus
2181 821 2321 880 per·

783 895 1092 970 manserit,
1119 905 1245 959 tum
1275 896 1337 958 in
1369 898 1548 959 domo
1570 917 1819 959 suorum
1840 905 2164 978 parentum
2188 906 2320 958 tum

784 989 848 1049 in
871 990 1181 1054 Conventu
1204 992 1344 1055 dicti
1375 991 1512 1065 loci,
1539 1003 1619 1067 et,
1643 1002 1994 1074 recuperata
2016 992 2321 1055 valetudi-

780 1102 895 1157 ne,
938 1084 1012 1146 ad
1049 1084 1422 1149 Conventum
1447 1087 1833 1151 Bisuntinum
1886 1087 2185 1149 rediverit
2212 1135 2227 1159 ,
2261 1086 2328 1148 in

783 1198 906 1260 quo
931 1182 1303 1245 Novitiatum
1333 1181 1678 1263 complevit,
1710 1183 1859 1245 haec
1881 1183 2026 1245 anni
2052 1182 2327 1246 Novitia-

783 1284 881 1337 tus
936 1276 1296 1357 interruptio
1342 1276 1575 1339 nullam
1634 1278 1835 1339 reddit
1876 1276 2217 1341 Profession
2229 1297 2325 1339 em

781 1372 1217 1453 subsequenter
1257 1372 1567 1448 emissam,
1614 1372 1798 1435 etiam
1839 1371 1890 1435 si
1937 1391 1972 1434 a
2010 1371 2328 1434 Conventu

782 1465 1121 1528 Novitiatus
1152 1465 1526 1540 discesserit,
1566 1475 1627 1529 et
1665 1466 1729 1527 in
1766 1465 1946 1529 domo
1967 1467 2325 1540 Parentum,

781 1569 842 1622 et
879 1562 942 1621 in
992 1561 1116 1625 alio
1159 1560 1470 1625 Conventu
1522 1561 1894 1624 habitaverit
1936 1581 2012 1623 ex
2055 1561 2332 1643 legitima

782 1675 961 1719 causa
977 1702 995 1731 ,
1024 1664 1085 1718 et
1104 1675 1355 1721 suorum
1375 1657 1767 1738 Superiorum
1791 1658 2106 1721 accedente
2140 1656 2332 1718 licen-

899 1846 1176 1909 Secundo
1199 1846 1348 1928 quia
1373 1845 1812 1909 Professionem
1828 1846 2188 1927 Regularem
2209 1865 2330 1907 non

781 1941 982 2005 emisit
1013 1943 1077 2004 in
1102 1942 1415 2004 Conventu
1455 1942 1773 2004 Bisuntino
1791 1942 1869 2004 ad
1895 1942 1956 2003 id
1986 1942 2328 2023 designato,

783 2037 888 2099 sed
921 2036 985 2098 in
1032 2036 1343 2099 Conventu
1388 2034 1716 2098 Poliniensi
1758 2035 1837 2097 ad
1866 2033 1930 2097 id
1977 2034 2332 2098 nullatenus

782 2131 1092 2213 designato
1112 2177 1129 2205 ,
1173 2131 1237 2193 in
1272 2150 1397 2212 quo
1425 2146 1632 2193 rerum
1662 2129 2132 2212 themate-urget
2151 2128 2333 2191 Bulla

786 2226 1016 2289 Urbani
1047 2226 1218 2289 v111.
1234 2226 1425 2289 relata
1444 2224 1510 2286 in
1531 2226 1662 2308 ejus
1686 2224 2035 2288 Summario
2057 2245 2236 2286 num.
2270 2231 2329 2286 5.

783 2340 942 2403 quae
962 2320 1365 2384 Professiones
1389 2320 1475 2383 sic
1494 2318 1739 2383 emissas
1759 2320 2024 2385 declarat
2043 2339 2169 2382 esse
2193 2318 2335 2381 nul-

784 2418 906 2481 las.

902 2511 1105 2573 Tertio
1131 2510 1278 2592 quia
1305 2508 1566 2573 Thomas
1612 2509 1861 2573 Martin.
1891 2509 2158 2592 ejusdem
2185 2508 2338 2571 Fra·

785 2617 911 2681 ter,
940 2616 1001 2669 et
1025 2606 1363 2689 Religiosus
1392 2604 1825 2667 Dominicanus
1850 2648 1868 2678 ,
1901 2614 2050 2670 natu
2092 2605 2287 2685 maJor
2312 2652 2329 2675 ‚

785 2702 981 2765 eidem
1026 2710 1253 2764 metum
1304 2699 1598 2774 incussit,
1648 2699 1805 2762 itaut
1847 2700 1977 2782 ejus
2028 2697 2329 2763 Professio

784 2806 1096 2878 tamquam
1107 2795 1321 2857 emissa
1339 2815 1444 2877 per
1461 2804 1710 2869 metum,
1727 2793 1897 2856 nulla
1911 2794 2206 2856 censenda
2227 2794 2325 2857 sit.

902 2889 1399 2970 Archiepiscopus
1427 2908 1462 2950 e
1487 2896 1694 2950 eontra
1736 2887 2091 2949 Bisuntinus
2130 2897 2325 2968 putat,

785 2984 933 3047 haec
958 2984 1073 3047 tria
1101 2983 1494 3045 fundamenta
1519 3001 1639 3045 non
1659 3001 1786 3044 esse
1810 2982 2193 3045 subsistentia
2219 3003 2238 3057 ς
2264 2982 2330 3045 in

784 3100 894 3143 sua
927 3078 1148 3141 etenim
1182 3077 1609 3140 informatione
1636 3075 1803 3153 dicit,
1826 3075 2152 3159 allegatum
2181 3076 2329 3138 anni

786 3175 1127 3237 Novitiatus
1185 3172 1690 3254 interruptionem
1742 3191 1865 3234 non
1921 3173 2199 3252 prodesse
2264 3172 2332 3234 in

784 3291 924 3332 casu
951 3316 967 3343 ,
993 3280 1054 3332 et
1081 3269 1158 3332 ad
1188 3269 1461 3331 effectum
1482 3314 1499 3341 ,
1551 3267 1626 3329 de
1675 3286 1798 3348 quo
1830 3266 2031 3349 agitur
2055 3311 2073 3341 ,
2118 3275 2333 3347 utpote

788 3374 1051 3426 secutam
1085 3383 1162 3426 ex
1189 3382 1369 3426 causa
1410 3361 1809 3435 infirmitatis,
1837 3369 1895 3424 et
1925 3381 2034 3442 pro
2079 3382 2328 3442 recupe-

788 3459 979 3521 randa
1003 3458 1381 3529 valetudine,
1431 3466 1493 3520 et
1519 3456 1832 3519 accedente
1859 3475 2106 3518 suorum
2135 3456 2329 3537 Supe-

786 3555 1018 3616 riorum
1038 3552 1279 3616 licentia
1294 3597 1310 3612 .
1341 3551 1566 3614 Asserit
1586 3549 1865 3624 ulterius,
1889 3550 2333 3613 Professionem

790 3665 910 3714 non
942 3666 1112 3730 posse
1145 3647 1260 3709 dici
1286 3646 1520 3709 nullam
1546 3647 1611 3707 in
1641 3645 1949 3726 sequelam
1972 3646 2187 3708 Bullae
2219 3645 2333 3708 Ur-

788 3743 932 3805 bani
955 3742 1126 3804 VIII.
1170 3749 1299 3802 tum
1319 3740 1467 3821 quia
1489 3735 1834 3803 Conventus
1859 3739 2219 3821 Poliniensis
2245 3747 2336 3803 est

787 3838 1130 3899 Conventus
1146 3829 1462 3897 strictioris
1484 3833 1941 3909 observantiae3
1965 3842 2024 3896 et
2048 3833 2333 3896 Urbanus

781 3932 846 3992 in
899 3933 1078 3994 citata
1136 3930 1581 3993 Constitutione
1599 3976 1617 4004 ,
1672 3929 2043 3992 inhaerendo
2085 3930 2332 3993 decreto

788 4025 1050 4109 Capituli
1073 4024 1415 4098 Generalis,
1445 4023 1641 4086 habiti
1669 4025 1733 4086 in
1758 4023 2014 4088 Civitate
2040 4025 2329 4090 Mediola-

785 4120 957 4182 nensi
981 4139 1143 4182 anno
1175 4123 1350 4180 1622.
1383 4117 1718 4182 declaravit
1741 4119 2160 4181 tantummodo
2190 4120 2332 4182 nul-

786 4215 879 4279 las
923 4214 1060 4278 illas
1106 4212 1509 4276 Professiones
1527 4259 1545 4287 ,
1591 4214 1836 4295 quaein
1863 4215 2230 4287 Provinciis,
2271 4223 2334 4279 et

786 4308 1365 4392 Congregationibus
1402 4307 1598 4390 Regni
1644 4306 1879 4371 Galliae
1927 4328 2051 4371 non
2094 4308 2333 4373 emitte-

787 4414 999 4468 rentur
1025 4403 1089 4464 in
1110 4402 1519 4465 Conventibus
1538 4401 1856 4465 strictioris
1882 4403 2328 4478 observantiam

789 4509 916 4563 tum
937 4498 1082 4581 quia
1101 4497 1241 4560 licet
1260 4495 1603 4559 Conventus
1614 4497 1976 4560 Poliniensis
1998 4517 2122 4560 non
2145 4498 2334 4562 fuerit

784 4594 1106 4675 deputatus
1150 4611 1260 4672 pro
1286 4589 1624 4664 Novitiatu,
1677 4591 1840 4673 viget
1882 4598 2084 4653 tamen
2114 4591 2331 4654 imme-

786 4687 1102 4750 morabilis
1127 4684 1493 4747 consuetudo
1512 4732 1530 4757 ,
1562 4703 1684 4766 qua
1705 4703 1832 4746 nou
1860 4683 2120 4747 admissa
2146 4685 2332 4747 innu-

787 4802 989 4844 merae
1017 4779 1418 4842 Professiones
1444 4785 1818 4851 corruerent,
1840 4789 1909 4839 ut
1936 4777 2189 4852 Novitii,
2222 4778 2330 4859 qui

785 4897 963 4941 suum
980 4874 1355 4937 Novitiatum
1378 4873 1441 4934 in
1463 4874 1775 4936 Conventu
1798 4871 2115 4935 strictioris
2134 4874 2336 4936 obser·

786 4971 1029 5033 vantiae
1055 4970 1338 5048 deputato
1371 4967 1848 5047 compleverunt,
1879 4967 2110 5048 possint
2153 4967 2233 5030 de
2258 4968 2333 5030 li·

787 5067 981 5130 centia
1003 5062 1397 5144 Super-iorum
1434 5062 1510 5124 ad
1550 5061 1814 5124 Patriam
1841 5081 1906 5123 se
1928 5061 2227 5136 conferre,
2276 5072 2337 5126 et

789 5166 853 5224 in
882 5159 1121 5223 Patriae
1173 5158 1485 5220 Conventu
1535 5155 1971 5220 Professionem
2012 5156 2288 5219 emittere
2314 5202 2330 5218 .

785 5257 944 5319 Dicit
982 5253 1223 5316 tandem
1257 5251 1797 5332 Archiepiscopus‚
1844 5260 2074 5314 metum
2104 5250 2335 5334 allega-

787 5361 915 5414 tum
939 5348 1169 5411 nullius
1198 5366 1323 5408 esse
1348 5346 1604 5419 roboris,
1636 5355 1697 5407 et
1724 5347 2036 5419 momenti,
2067 5366 2207 5409 cum
2239 5366 2337 5410 re-

786 5443 1236 5530 prehensiones,
1264 5449 1324 5505 et
1347 5449 1583 5506 caetera
1610 5441 1691 5504 ab
1717 5441 1848 5523 ejus
1892 5441 2107 5507 Fratre
2157 5442 2327 5507 Reli-

2439 610 2607 691 gioso
2629 620 2816 692 gesta,
2847 631 2959 675 nec
3006 620 3234 674 metum
3271 613 3641 677 constituant
3679 614 3992 678 cadentem

2437 705 2500 765 in
2545 716 2917 769 constantem
2969 707 3171 769 virum
3196 753 3213 780 ,
3252 727 3361 769 nec
3388 729 3464 769 ex
3500 709 3799 772 industria
3827 711 3987 774 facta

2436 799 2560 861 sint
2606 800 2684 863 ad
2728 803 3212 883 extorquendum
3264 821 3573 865 assensum
3630 804 3693 867 in
3748 805 3988 869 Profes-

2436 914 2640 956 stone.

2558 988 2977 1055 Fundamenta
3007 991 3260 1054 deducta
3302 992 3370 1053 in
3409 990 3842 1056 informatione
3874 995 3991 1056 Ar·

2435 1083 2796 1168 chiepiscopi
2834 1087 3140 1149 Bisuntini
3185 1096 3563 1149 exornantur
3606 1107 3642 1150 a
3691 1089 3994 1151 scribente

2438 1198 2548 1259 pro
2575 1180 2808 1245 Joanne
2835 1181 3154 1244 Francisco
3180 1182 3430 1244 Martia.
3454 1230 3470 1252 ,
3508 1182 3616 1262 qui
3643 1192 3733 1244 est
3777 1182 3992 1245 Frater

2438 1275 2662 1348 Alexii,
2690 1277 2877 1357 etqui
2902 1296 2966 1339 se
2991 1276 3245 1358 opponit
3262 1275 3656 1339 declarationi
3688 1276 3993 1339 nullitatis

2439 1368 2869 1432 ProfessioniS.
2923 1372 3173 1434 Praeter
3218 1379 3422 1432 autem
3474 1370 3722 1432 recitata
3768 1368 3991 1434 funda-

2439 1472 2672 1538 menta,
2725 1465 2896 1527 aliud
2938 1466 3045 1527 ille
3099 1464 3442 1538 subnectit,
3474 1472 3535 1526 et
3565 1473 3676 1538 est,
3709 1466 3872 1545 quod
3911 1468 3995 1527 ab

2439 1576 2602 1621 anno
2620 1564 2795 1621 1685.
2831 1560 2893 1621 in
2918 1580 3043 1641 quo
3093 1559 3344 1622 Alexius
3375 1558 3810 1621 Profoesionem
3839 1560 3991 1621 emi·

2437 1652 2548 1726 sit,
2581 1654 2836 1715 necdum
2868 1655 3328 1736 Presbyteratus
3372 1653 3665 1715 Ordinem
3694 1653 3769 1715 ad
3819 1654 3991 1716 Titu-

2441 1744 2567 1807 lum
2612 1747 2947 1831 Religiosae
2983 1749 3357 1828 paupertatis
3383 1749 3633 1828 recepit,
3678 1747 3780 1809 sed
3802 1748 3988 1810 etiam

2443 1856 2718 1931 munera,
2744 1842 2862 1905 sibi
2892 1862 2931 1904 a
2962 1842 3277 1923 Religione
3300 1840 3606 1920 imposita,
3630 1842 3995 1903 Procurato-

2441 1934 2525 1994 ris
2555 1936 2989 1998 nonnullorum
3024 1936 3472 2005 Conventunm,
3507 1934 3690 2010 Socii,
3729 1934 3998 1997 Lectoris

2445 2029 2866 2111 Philosophiae
2892 2079 2910 2103 ,
2946 2039 3007 2093 et
3027 2030 3366 2112 aliquando
3409 2030 3641 2092 Prioris
3666 2030 3942 2093 exercuit
3974 2073 3993 2103 ,

2441 2125 2614 2203 quasi
2637 2125 2799 2206 quod
2823 2125 2889 2186 in
2912 2126 3009 2189 his
3036 2125 3248 2206 reponi
3272 2123 3472 2188 valeat
3494 2125 3671 2188 tacita
3692 2126 3999 2205 quaedam

2442 2218 2772 2281 Professio.

2561 2313 2895 2388 Quaeritur
2918 2315 3125 2395 itaque

2560 2410 2657 2467 An
2687 2410 2763 2469 sit
2794 2410 2944 2470 locus
2969 2408 3322 2470 restitutioni
3344 2408 3409 2468 in
3429 2408 3716 2487 inthrum
3740 2409 3807 2468 in
3834 2428 4000 2481 casn,

2550 2603 2695 2653 Sacr.
2721 2600 2922 2669 Cougr.
2956 2598 3045 2652 dle
3071 2598 3157 2652 12.
3178 2601 3334 2652 Mart.
3364 2597 3522 2652 1718.
3552 2596 3855 2667 respondit.

2622 2689 2884 2757 Negative
2911 2701 2964 2741 et
2988 2687 3226 2757 atriplius
3244 2723 3259 2737 .
3300 2686 3303 2690 ’

2933 2865 3321 2955 Αῥιπῆςεῖῐιῖιε)
3386 2864 3467 2926 x.

2519 3059 2591 3120 In
2619 3058 2813 3121 Causa
2845 3058 3157 3120 Tudertina
3188 3054 3639 3137 Coppellanias,
3687 3056 3782 3120 die
3810 3062 3906 3119 12.

2705 3195 2710 3200 -
3024 3153 3185 3214 Febr.
3235 3158 3414 3215 1718.

2441 3295 2657 3409 Anno
2686 3351 2858 3407 1686.
2891 3339 3236 3407 Confratres
3264 3340 3577 3405 Societatis
3598 3341 4000 3405 Beatissimae

2444 3441 2715 3522 Virginis
2740 3441 2817 3502 de
2843 3440 3001 3502 Lilio
3024 3440 3247 3501 Terrae
3279 3441 3724 3518 Aquaspartae,
3754 3437 3998 3500 Dicere·

2442 3537 2526 3599 sis
2550 3535 2947 3607 Tudertinae,
2985 3543 3116 3617 post
3142 3533 3359 3596 factam
3402 3530 3844 3594 nonnullorum
3889 3532 3997 3592 bo·

2442 3650 2666 3693 norum
2726 3631 3228 3713 assignationem,
3276 3625 3738 3708 Cappellaniam
3787 3646 4000 3707 perpe-

2444 3737 2610 3790 tuam
2635 3728 3050 3800 instituerunt,
3083 3722 3445 3786 reservando
3474 3720 3873 3801 sibimetipsis
3896 3723 4004 3802 jus

2445 3821 2834 3893 nominandi,
2864 3819 2991 3881 sive
3034 3814 3482 3901 praesentandi,
3527 3824 3587 3876 et
3628 3832 3818 3876 onere
3846 3815 4000 3896 Cap-

2440 3914 2683 3997 pellano
2715 3914 2997 3996 imposito
3017 3911 3372 3977 celebrandi
3409 3917 3645 3972 certum
3673 3929 3999 3971 numerum

2442 4011 2758 4073 missarum
2785 4056 2803 4084 ,
2842 4018 2902 4072 et
2925 4009 3077 4072 alias
3098 4007 3391 4089 quasdam
3424 4022 3631 4067 sacras
3656 4003 4002 4066 functiones

2442 4125 2553 4186 pro
2596 4103 3101 4169 Confraternitate
3151 4098 3508 4182 peragendi,
3564 4107 3623 4160 et
3662 4118 3775 4179 pro
3804 4097 4000 4179 prima

2441 4200 2572 4263 vice
2589 4203 2654 4261 in
2672 4198 3104 4281 Cappellanum
3136 4205 3503 4276 perpetuum
3525 4193 4000 4254 nominaverunt

2439 4294 2740 4358 Clericum
2765 4293 3046 4357 Carolum
3093 4291 3468 4371 Stephanum
3503 4286 3811 4349 Gentilem
3837 4329 3853 4347 .

2557 4390 2632 4452 In
2652 4387 2991 4470 Episcopali
3013 4383 3385 4451 Cancellaria
3411 4401 3535 4445 uon
3553 4381 3855 4463 reperitur
3879 4382 3997 4442 De-

2438 4493 2671 4549 cretum
2693 4481 3089 4547 institutionis
3119 4481 3372 4561 hujusce
3403 4477 3569 4539 Iuris
3601 4478 3994 4548 Patronatus;

2438 4581 2541 4643 sed
2568 4581 2642 4643 de
2661 4600 2733 4642 eo
2758 4598 2884 4641 non
2904 4577 3146 4640 videtur
3169 4573 3443 4637 dubitari
3472 4592 3667 4654 posse,
3699 4581 3822 4631 tum
3847 4570 3996 4649 quia

2442 4673 2929 4738 bonaememoriae
2944 4672 3254 4734 Planettus
3265 4668 3632 4732 Tudertinus
3644 4665 3991 4745 Episcopus,

2442 4772 2504 4834 in
2540 4770 2760 4834 litteris
2781 4767 3075 4850 expeditis
3098 4767 3308 4829 favore
3334 4763 3476 4826 dicti
3499 4761 3701 4825 Caroli
3737 4761 3995 4842 Stepha-

2441 4869 2530 4940 ni,
2550 4875 2611 4928 et
2638 4865 2887 4948 signatis
2904 4863 3005 4926 die
3033 4868 3128 4924 10.
3163 4862 3194 4922 J
3203 4860 3331 4922 unii
3352 4878 3515 4922 anno
3541 4864 3715 4921 1698.
3752 4867 3998 4921 testatus

2439 4970 2531 5025 est
2549 4981 2613 5023 se
2630 4960 3015 5043 approbasse,
3029 4965 3088 5019 et
3107 4955 3496 5018 confirmasse
3513 4955 3868 5016 auctoritate
3884 4973 3997 5015 sua

2441 5056 2753 5120 ordinaria
2765 5053 3214 5117 iustitutionem
3225 5048 3651 5131 Cappellaniae
3667 5050 4000 5129 Perpetuae

2443 5172 2581 5216 cum
2605 5150 3010 5213 reservatione
3022 5148 3054 5208 J
3062 5147 3187 5209 uris
3219 5148 3581 5208 Patronatus
3600 5143 3810 5205 favore
3837 5142 3994 5203 Con-

2444 5248 2728 5319 fratrum,
2745 5258 2873 5306 tum
2899 5242 3047 5324 quia
3071 5240 3525 5322 Cappellaniam
3551 5245 3859 5301 vacantem
3888 5256 4000 5316 per

2450 5343 2705 5405 liberam
2724 5340 3133 5404 dimissionem
3158 5335 3470 5397 memorati
3495 5332 3690 5395 Caroli
3706 5330 3996 5412 Stephani

2448 5436 2706 5501 Gentilis
2727 5482 2746 5512 ,
2795 5435 2873 5499 ad
2901 5431 3440 5516 praesentationem
3475 5428 3864 5492 Confratrum
3887 5471 3915 5502 r
3935 5434 3997 5486 et
