4393 6299
958 545 1028 598 10
1939 538 2386 609 QuAEs'rloxsss
2424 538 2801 595 CANONICAS

779 696 1108 780 Episcopus
1152 695 1482 760 Casalensis
1519 693 1845 777 requisitus
1883 712 1993 774 pro
2031 692 2322 754 informa-

780 792 965 866 tione,
991 801 1051 853 et
1077 800 1240 864 voto,
1272 790 1492 852 nedum
1523 788 1775 876 asseruit
1800 786 2168 851 calamitates
2199 805 2324 846 esse

779 885 1164 958 certissimas,
1193 884 1295 946 sed
1323 884 1578 945 ulterius
1600 884 1662 944 in
1691 903 1760 945 ea
1783 882 2223 963 fuitopinione,
2255 889 2323 940 ut

780 979 966 1060 petita
1006 977 1260 1041 facultas
1308 997 1419 1058 pro
1466 996 1705 1039 summa
1750 996 2028 1057 expressa
2078 973 2320 1036 concedi

780 1073 1000 1136 valeat.

895 1165 1272 1229 Concessioni
1319 1173 1520 1227 autem
1561 1164 1745 1240 favet,
1788 1166 1949 1246 quod
1995 1164 2164 1226 nulla
2193 1183 2323 1225 am-

775 1259 938 1340 plius
967 1279 1093 1322 esse
1135 1258 1295 1320 valet
1335 1259 1655 1332 dubitatio,
1705 1260 1855 1339 quin
1883 1259 2047 1321 Sacri
2085 1260 2318 1319 Montes

775 1355 1020 1417 Pietatis
1058 1353 1291 1433 aliquid
1347 1352 1507 1416 ultra
1551 1362 1770 1415 sortem
1817 1373 1926 1434 pro
1979 1354 2323 1415 necessariis

776 1449 1194 1511 Ministrorum
1219 1449 1504 1529 impensis
1522 1448 1763 1531 exigere
1782 1449 2028 1528 possint:
2057 1448 2324 1528 Antiqua

770 1543 1027 1616 etenim,
1056 1542 1429 1622 celebrisque
1483 1542 1888 1603 controversia
1931 1541 2163 1622 magnis
2189 1541 2324 1602 ani-

777 1657 1017 1699 morum
1080 1637 1341 1698 motibus
1400 1636 1626 1718 agitata
1671 1637 1831 1697 inter
1894 1636 2320 1716 Inquisitorem

774 1732 1062 1793 Mantuae
1090 1738 1150 1793 et
1180 1731 1428 1791 Beatum
1455 1730 1896 1792 Bernardinum
1931 1730 2321 1804 Feltrensem,

777 1826 871 1888 uti·
897 1826 1117 1909 legitur
1140 1825 1201 1885 in
1234 1827 1354 1887 vita
1383 1824 1564 1906 hujus
1606 1825 1770 1887 Beati
1798 1825 2016 1905 scripta
2041 1845 2074 1885 a
2101 1825 2323 1886 Moras-

772 1918 918 1993 tice,
954 1928 1012 1981 et
1042 1939 1151 2000 pro
1183 1938 1302 1999 qua
1335 1919 1477 1980 binc
1506 1919 2007 2001 indepugnatum
2044 1929 2130 1979 est
2163 1920 2322 2003 inter

765 2012 1100 2095 ‘theologos
1118 2060 1135 2087 ‚
1166 2024 1226 2076 et
1248 2014 1619 2086 Canonistas,
1645 2014 1907 2076 resoluta
1936 2011 2054 2075 ruit
2080 2014 2144 2074 in
2171 2013 2324 2075 Con-

771 2107 913 2174 cilio
938 2108 1326 2171 Lateranensi
1360 2128 1395 2171 a
1416 2127 1654 2187 summo
1697 2108 1983 2174 Pontifice
2012 2110 2210 2169 Leone
2237 2108 2318 2168 X.

774 2202 1285 2284 quemadmodum
1330 2202 1550 2284 legitur
1598 2202 1662 2263 in
1707 2203 1836 2285 ejus
1884 2201 2323 2265 Constitutione

773 2299 871 2356 11.
900 2294 1059 2361 Bull.
1095 2301 1258 2358 tomo
1286 2295 1506 2376 primo,
1539 2290 1620 2358 ita
1651 2304 1720 2357 ut
1738 2297 2139 2377 reprobentur
2167 2313 2321 2356 non·

769 2387 1082 2450 nullorum
1112 2408 1444 2470 paucorum
1473 2389 1850 2465 assertiones,
1881 2391 1987 2472 qui
2020 2400 2151 2473 post
2172 2390 2324 2452 Con-

769 2482 979 2548 cilium
1008 2484 1411 2546 Lateranense
1437 2484 1785 2565 improbare
1808 2485 1938 2548 ausi
1963 2496 2126 2561 sunt,
2155 2483 2319 2566 quod

771 2575 938 2640 Sacri
966 2578 1199 2639 Montes
1224 2579 1459 2659 pietatis
1486 2578 1719 2659 aliquid
1754 2579 2130 2642 moderatum
2156 2580 2321 2642 ultra

772 2677 996 2734 sortem
1024 2673 1315 2753 recipiant
1344 2691 1452 2753 pro
1478 2673 1825 2736 necessariis
1851 2675 2156 2755 impensis.
2194 2700 2212 2709 -

887 2763 1130 2845 Absque
1154 2783 1257 2836 eo,
1302 2764 1462 2845 quod
1491 2765 1565 2829 de
1596 2766 2002 2829 moderatiene
2030 2768 2093 2830 in
2126 2768 2320 2851 hypo·

767 2856 919 2920 thesi
956 2860 1252 2938 praesenti
1298 2859 1569 2940 quaestio
1601 2861 1850 2923 excitari
1903 2862 2135 2925 valeat:
2162 2893 2166 2896 ⁴
2192 2872 2322 2925 tum

769 2950 915 3033 quia
937 2951 1123 3013 relata
1153 2952 1333 3034 hujus
1363 2952 1578 3014 Sacrae
1605 2952 2092 3035 Congregationis
2117 2975 2322 3017 exem-

769 3044 871 3125 pla
911 3053 1127 3106 sonant
1166 3046 1230 3106 in
1263 3046 1634 3108 exactionem
1675 3066 1710 3108 a
1743 3049 2208 3129 Pignorantibus
2246 3052 2321 3113 ad

769 3138 1065 3201 rationem
1111 3141 1384 3222 quinque
1430 3160 1540 3222 pro
1583 3142 1959 3218 centenario;
2010 3155 2135 3207 tum
2178 3145 2323 3226 quia

768 3233 890 3296 duo
916 3242 1059 3296 sunt
1101 3254 1211 3315 pro
1254 3235 1677 3297 Ministrorum
1704 3237 1971 3311 salariis,
2002 3247 2062 3301 et
2089 3239 2324 3321 reliqua

774 3326 889 3391 tria
924 3328 1246 3390 solvuntur
1288 3348 1399 3411 pro
1439 3331 1857 3395 emendatione
1897 3334 2099 3395 damni
2129 3354 2324 3396 emer-

768 3422 996 3505 gentis,
1028 3422 1127 3484 cui
1156 3420 1331 3485 Mons
1356 3425 1658 3507 subjectus
1684 3433 1805 3500 est,
1842 3445 2138 3489 summam
2172 3430 2323 3490 reci-

768 3516 989 3597 piendo
1038 3517 1112 3579 ad
1166 3518 1461 3580 rationem
1508 3521 1693 3581 trium
1723 3539 1833 3600 pro
1874 3524 2219 3585 centenario
2251 3526 2326 3586 ad

770 3613 1058 3674 terminos
1108 3613 1319 3674 Toxtus
1355 3616 1420 3673 in
1448 3613 1518 3674 L.
1576 3618 1752 3678 unica
1780 3614 1848 3678 C.
1888 3617 1953 3678 de
1996 3621 2284 3681 sententiis
2308 3667 2324 3690 ,

772 3726 918 3787 quae
944 3728 1046 3787 pro
1071 3727 1130 3768 eo
1171 3710 1317 3786 quod
1342 3711 1604 3781 interest,
1650 3717 1712 3772 et
1742 3712 1917 3793 juxta
1944 3731 2324 3775 communem

771 3801 1107 3863 doctrinam
1139 3802 1581 3884 Theologorum
1601 3850 1618 3877 ‚
1650 3804 1804 3867 Duce
1829 3805 1975 3867 Divo
2022 3808 2234 3870 Thomu
2262 3815 2321 3869 2.

774 3899 834 3956 2.
872 3907 1086 3975 quaest.
1113 3900 1212 3957 78.
1239 3908 1353 3958 art.
1387 3902 1481 3958 11.
1510 3900 1587 3959 ad
1615 3902 1669 3959 1.

891 3989 942 4050 Ε
994 3999 1201 4051 contra
1236 3993 1597 4053 concessioni
1644 3992 2000 4056 adversatur
2050 4014 2318 4070 summa,

774 4099 933 4162 quae
983 4081 1331 4145 exorbitans
1374 4085 1567 4147 videri
1615 4096 1837 4167 potest,
1891 4099 1949 4150 et
1999 4092 2161 4169 quod
2218 4111 2329 4155 nec

773 4175 838 4235 in
868 4176 1121 4256 supplici
1158 4176 1483 4240 Oratorum
1527 4179 1768 4254 libelle,
1802 4201 1910 4244 nec
1941 4183 2006 4243 in
2032 4183 2324 4247 informa-

774 4267 938 4329 tione
960 4269 1234 4348 Episcopi
1261 4270 1482 4332 dicitur
1502 4272 1888 4353 adimpletam
1916 4273 2101 4336 fuisse
2126 4278 2327 4338 condi-

774 4360 998 4422 tionem
1029 4363 1450 4444 praescriptvn
1483 4364 1544 4424 in
1575 4364 1994 4440 concessione,
2044 4368 2196 4430 facta
2229 4371 2326 4432 die

776 4459 835 4514 7.
860 4454 1008 4515 Julii
1046 4460 1219 4517 1708.
1252 4456 1416 4537 quod
1438 4466 1604 4520 scuta
1632 4459 1856 4522 scilicet
1889 4467 2064 4522 6000.
2098 4463 2328 4526 fuerint

775 4546 937 4608 intra
959 4549 1311 4609 sexennium
1334 4552 1459 4632 Jam
1485 4551 1802 4613 decursum
1829 4555 2123 4618 restituta.

894 4642 1189 4715 Quocirca
1212 4646 1528 4724 quaeritur

895 4736 1025 4807 An,
1068 4747 1119 4797 et
1160 4757 1264 4817 pro
1299 4758 1412 4817 qua
1444 4759 1664 4801 summa
1687 4787 1703 4812 ‚
1737 4751 1788 4802 et
1817 4744 2086 4822 quomodo
2115 4742 2325 4808 Orato-

779 4850 913 4894 rum
927 4832 1181 4913 precibus
1206 4834 1279 4893 sit
1308 4837 1691 4897 annuendum.

889 5022 1031 5073 διον.
1067 5020 1265 5090 congr.
1293 5024 1573 5093 respondit
1585 5061 1601 5091 ‚

882 5103 1240 5178 Affirman‘ve
1269 5126 1373 5177 pro
1417 5110 1548 5163 aliis
1583 5111 1755 5166 scutit
1787 5114 1942 5168 3000.
1980 5131 2102 5167 cum
2136 5115 2330 5170 iisdem

775 5194 1006 5248 cautelis
1024 5231 1038 5260 ,
1078 5206 1133 5249 er
1155 5196 1562 5253 condicionibus
1583 5200 1848 5270 appositis
1872 5201 1929 5255 in
1957 5203 2334 5275 praecedenti·

775 5280 872 5337 bue
894 5283 1358 5352 conemionibus,
1384 5298 1437 5342 ee
1460 5286 1536 5340 ad
1558 5301 1806 5342 mentem.

2907 689 3266 765 QUAESTIO
3302 692 3502 755 xvu.

2507 880 2581 942 In
2608 880 2800 944 Cama
2819 882 3167 963 Aquipendii
3196 882 3550 945 Visitntt'onis
3587 881 3897 947 Sacrorum

2706 975 3001 1037 Limia-um
3021 1024 3037 1048 ,
3064 978 3153 1038 die
3180 982 3274 1037 12.
3308 977 3496 1039 Mart.
3527 982 3700 1040 1718.

2432 1101 2523 1225 In
2553 1164 2844 1227 relatione
2871 1172 3060 1227 status
3097 1164 3395 1228 Ecclesiae
3417 1166 3491 1227 de
3514 1185 3680 1227 more
3708 1165 3787 1228 ab
3832 1165 3982 1245 Epi-

2428 1277 2605 1338 scopo
2626 1258 2990 1338 Aquipendii
3020 1258 3096 1319 ad
3120 1258 3277 1320 banc
3298 1258 3541 1320 Sacram
3565 1260 3983 1341 congregatio·

2432 1371 2568 1413 nem
2601 1351 2980 1424 transmissa,
3027 1351 3250 1433 legitur
3298 1354 3375 1413 ab
3422 1353 3627 1414 eodem
3676 1353 3982 1415 institutas

2434 1443 2618 1506 fuisse
2667 1445 2731 1507 in
2760 1465 2870 1510 sua
2903 1445 3170 1508 Dioecesi
3200 1446 3646 1522 Conferentias,
3674 1448 3802 1509 sive
3823 1449 3982 1510 Con·

2429 1540 2802 1621 gregationes
2825 1560 2934 1622 pro
2959 1540 3349 1604 discutiendis
3371 1542 3621 1604 Casibus
3660 1542 3982 1605 Conscien-

2431 1634 2579 1705 tiae,
2631 1652 2788 1714 quae
2832 1635 3072 1717 singulo
3103 1655 3348 1716 quoque
3392 1656 3597 1698 mense
3637 1646 3938 1718 coguntur
3962 1683 3982 1709 ,

2429 1728 2648 1808 cuique
2669 1728 3123 1810 diligentissime
3164 1730 3578 1792 interveniunt
3620 1750 3832 1792 omnes
3871 1732 3985 1793 Pa-

2432 1823 2599 1884 rocbi
2623 1867 2639 1895 ,
2671 1831 2732 1884 et
2769 1823 3146 1897 Sacerdotes,
3184 1824 3407 1904 quibus
3455 1824 3726 1886 fidelium
3772 1825 3985 1886 Sacra-

2429 1917 2718 1978 mentales
2737 1917 3146 1981 confessiones
3171 1920 3520 1981 commissae
3546 1927 3690 1981 sunt
3710 1966 3728 1992 ,
3756 1928 3825 1980 et
3852 1919 3987 1981 reli-

2427 2029 2586 2091 quus
2606 2011 3153 2074 Ecclesiasticorum
3182 2012 3417 2074 Coetus.

2549 2106 2617 2165 In
2666 2105 2873 2167 eadem
2920 2106 3212 2168 relatione
3245 2105 3535 2177 habetur,
3566 2114 3837 2187 quatuor
3862 2122 3990 2166 esse

2428 2198 2769 2261 Conventus
2795 2200 3186 2281 Regularium
3220 2199 3239 2259 i
3249 2221 3286 2260 n
3310 2198 3566 2261 Civitate
3587 2198 3988 2280 Aquipendii,

2428 2293 3006 2374 Augustinianorum
3034 2294 3343 2368 videlicet,
3372 2295 3680 2357 Minorum
3707 2295 3990 2355 Conven-

2428 2386 3285 2468 tualium,'Capuccinorum,
3328 2396 3390 2450 et
3436 2388 3686 2449 Patrum
3729 2386 3992 2449 Minoris

2429 2480 2890 2555 observantiae,
2921 2489 2980 2544 et
3008 2481 3337 2563 Religiosos
3355 2481 3422 2543 in
3462 2481 3672 2544 iisdem
3700 2481 3992 2563 degentes

2428 2594 2604 2656 saepe
2632 2576 2870 2656 saepius
2898 2595 3019 2638 non
3042 2595 3168 2639 esse
3207 2576 3273 2638 in
3296 2595 3551 2638 numero
3569 2596 3618 2651 ,a
3642 2576 3995 2639 sanctioni·

2427 2669 2541 2729 bus
2574 2669 2929 2748 Apostolicis
2963 2668 3351 2751 praescripto.

2551 2765 2780 2825 Rursus
2826 2763 2892 2823 in
2942 2763 3124 2826 citata
3168 2762 3391 2845 legitur
3440 2762 3733 2825 relatione
3773 2812 3790 2836 ,
3844 2762 3999 2827 alios

2428 2857 2702 2937 quinque
2720 2875 2845 2918 esse
2873 2856 3315 2939 Religiosorum
3346 2857 3688 2919 Conventus
3708 2857 3786 2919 in
3817 2858 3999 2921 Dioe-

2429 2951 2577 3023 cesi,
2616 2950 2766 3012 duos
2794 2952 3041 3013 Patrum
3065 2951 3322 3012 Minoris
3344 2950 3824 3026 observantiae,
3856 2953 4002 3016 alte·
4028 2994 4033 2998 -

2429 3064 2568 3105 rum
2594 3044 2657 3105 in
2688 3054 2849 3107 terra
2876 3045 3090 3107 Canini
3122 3093 3139 3118 ,
3170 3046 3427 3108 alterum
3459 3046 3523 3106 in
3561 3054 3723 3108 terra
3765 3048 3992 3110 Farne·

2428 3137 2537 3213 sii3
2584 3138 2690 3200 ubi
2734 3139 2960 3219 pariter
2982 3140 3184 3202 existit
3229 3139 3571 3202 Conventus
3624 3139 3992 3222 Capuccino·

2432 3250 2606 3307 rum3
2648 3242 2902 3313 quartus
2932 3231 3273 3294 Conventus
3306 3240 3395 3295 est
3417 3233 3523 3295 ille
3552 3234 3883 3297 Servorum
3913 3238 3984 3297 B.

2430 3327 2660 3389 Mariae
2699 3326 3004 3409 Virginis,
3036 3327 3143 3407 qui
3173 3335 3262 3389 est
3305 3328 3371 3389 in
3394 3330 3585 3390 Terra
3621 3329 3856 3392 Ischiae
3878 3376 3896 3402 ,
3929 3337 3991 3393 et

2434 3423 2767 3501 postremus
2792 3428 2882 3482 est
2910 3420 3252 3483 Conventus
3272 3421 3738 3485 carmelitarum
3768 3425 3830 3484 in
3862 3421 3990 3504 Op-

2432 3515 2575 3596 pido
2623 3514 3027 3590 Cellularum,
3083 3516 3188 3596 qui
3243 3525 3329 3579 est
3363 3516 3702 3598 Episcopali
3761 3519 3988 3581 Visita-

2437 3609 2585 3671 tioni
2638 3610 2940 3692 subjectus
2960 3652 2977 3670 .
3036 3611 3304 3673 Tandem
3348 3611 3415 3672 in
3464 3612 3761 3673 relatione
3781 3661 3798 3683 ,
3847 3614 3988 3676 aliis

2434 3704 2866 3784 praetermissis
2911 3704 3146 3780 dubiis,
3184 3706 3290 3787 qui
3336 3707 3651 3788 specialem
3696 3727 3819 3768 non
3858 3727 3988 3770 me·

2433 3807 2645 3860 rentur
2674 3798 3131 3872 discussionem,
3176 3801 3459 3881 proponit
3486 3801 3851 3881 Episcopus,
3906 3822 3988 3865 an

2434 3891 2834 3974 Regularibus
2856 3891 2961 3972 qui
2983 3911 3230 3953 suorum
3251 3893 3628 3957 subditorum
3660 3893 3990 3957 confessio·

2435 4005 2538 4046 nes
2567 3986 2777 4047 audire
2810 3986 3093 4066 cupiunt,
3119 3987 3379 4049 liberum
3433 3987 3547 4048 sibi
3591 3989 3709 4062 sit,
3756 3999 3817 4052 et
3857 3991 3991 4053 lici-

2436 4091 2595 4154 tum,
2642 4078 3043 4141 conditionem
3075 4081 3138 4141 in
3170 4082 3561 4144 concedendis
3594 4082 3990 4147 facultatibus

2430 4174 2748 4256 injungere
2771 4218 2788 4247 ,
2815 4176 3203 4238 interessendi
3235 4177 3510 4239 videlicet
3546 4179 3873 4241 menstruis
3904 4180 3994 4241 di·

2430 4268 2930 4349 sceptationibus,
2979 4280 3040 4331 et
3093 4271 3671 4353 Congregationibus
3726 4275 3989 4336 Casuum

2434 4362 2863 4424 Conscientiae.

2553 4458 2670 4518 Pro
2698 4465 2867 4536 parte
2888 4457 3241 4520 affirmativa
3260 4460 3590 4539 ponderari
3622 4480 3793 4541 posse
3813 4463 3984 4525 vide·

2433 4558 2564 4624 tur,
2616 4551 2678 4612 id
2711 4570 2828 4611 non
2863 4571 2989 4612 esse
3018 4571 3272 4626 novum;
3321 4554 3520 4616 clarae
3548 4556 3770 4617 etenim
3799 4576 3982 4618 mem.

2432 4643 2769 4706 Cardinalis
2795 4644 2869 4705 de
2891 4646 3049 4705 Luca
3078 4645 3137 4704 in
3167 4648 3659 4709 annotationibus
3677 4649 3754 4710 ad
3780 4650 3989 4712 Conci·

2433 4736 2585 4798 lium
2615 4737 3035 4798 Tridentinum
3064 4738 3208 4800 disc.
3242 4745 3300 4799 2.
3342 4760 3507 4801 num.
3551 4747 3644 4802 ¹2.
3679 4742 3869 4816 dixit,
3925 4744 3987 4805 id

2433 4827 2708 4890 futurum
2736 4848 2861 4891 esse
2885 4830 3294 4911 maximopere
3321 4833 3693 4913 proficuum,
3732 4843 3885 4908 tum,
3917 4845 3988 4898 ut

2432 4923 2759 5003 Episcopus
2777 4933 3112 5003 perspectas
3133 4924 3353 4988 habeat
3374 4927 3686 5006 opiniones
3709 4931 3986 4990 omnium

2433 5034 2679 5076 suorum
2705 5016 3217 5081 Confessariorum
3242 5065 3259 5093 ,
3293 5029 3420 5082 tum
3443 5029 3509 5083 ut
3532 5030 3827 5102 quantum
3855 5042 3985 5102 pos-

2432 5109 2609 5172 sibile
2625 5118 2714 5172 est
2736 5155 2752 5183 ,
2779 5111 3101 5172 uniformis
3122 5114 3199 5175 sit
3226 5114 3738 5179 confessariorum
3768 5117 3985 5178 doctri·

2435 5222 2511 5265 na
2558 5204 2620 5264 in
2675 5205 2926 5266 materia
2964 5226 3202 5267 morum
3225 5252 3243 5281 ‚
3280 5218 3338 5270 et
3386 5210 3692 5291 signanter
3740 5218 3982 5271 contra-

2434 5305 2639 5358 ctuum
2661 5341 2677 5370 ,
2698 5297 2761 5358 in
2785 5316 2906 5379 qua
2928 5318 3104 5380 saepe
3123 5302 3359 5381 saepius
3386 5303 3668 5384 Theologi
3694 5302 3986 5365 dissident

2434 5410 2471 5453 a
2510 5391 2858 5473 Theologis,
2882 5401 2941 5452 et
2967 5412 3004 5453 a
3026 5394 3396 5467 Canonistis;
3428 5397 3651 5477 quibus
3676 5395 3816 5456 addi
3847 5415 3984 5476 pos-

2432 5491 2550 5561 set,
2580 5481 2960 5547 collationem
2996 5485 3151 5548 banc
3171 5488 3443 5549 omnium
3466 5488 3981 5551 Confessariorum
