4393 6299
922 507 1032 560 296

741 662 894 726 Cum
917 667 1117 722 autem
1148 657 1598 722 matrimonium
1626 679 1764 721 cum
1784 660 1913 740 ipsa
1940 659 2117 720 modo
2144 680 2288 721 con·

1983 507 2427 575 ovas-rmum
2462 506 2825 562 cmomca

2398 670 2502 722 stet
2530 635 2770 723 Nicolao
2805 662 3102 739 quominus
3143 660 3573 720 matrimonium
3616 661 3950 722 contrahere

745 756 987 839 trahere
1028 754 1211 826 velit,
1257 759 1317 816 et
1356 753 1718 817 Ordinarius
1759 753 1951 816 eidem
1981 754 2288 817 licentiam
2400 756 2584 815 valeat
2610 773 2740 814 cum
2765 753 3024 815 Antonia
3055 753 3119 814 de
3148 751 3448 813 Benedicta
3475 753 3540 813 in
3569 773 3703 815 casu
3726 764 3829 815 etc.

742 850 1068 913 concedere
1090 848 1282 922 nolit,
1311 848 1425 909 sub
1463 850 1713 910 obtentu
1740 849 2156 929 impedimenti
2190 870 2292 911 co-

743 943 1046 1026 gnationis
1064 942 1396 1022 spiritualis
1416 987 1433 1015 ,
1466 941 1675 1004 habito
1700 962 1735 1004 a
1758 942 2005 1005 Nicolao
2040 963 2289 1004 recursu

742 1038 820 1100 ad
847 1038 1004 1099 hanc
1028 1036 1270 1098 Sacram
1298 1036 1839 1117 Congregationem
1867 1082 1884 1110 ,
1912 1036 2138 1098 dictum
2176 1037 2295 1099 fuit

744 1133 835 1193 die
865 1135 959 1191 12.
984 1130 1140 1191 Julii
1175 1134 1346 1190 1721.
1377 1130 1538 1210 quod
1567 1132 1703 1213 ejus
1729 1130 2020 1193 instantia
2059 1149 2294 1212 fpropo·

744 1233 990 1288 neretur
1024 1223 1086 1283 in
1122 1223 1308 1285 solio.

862 1321 1007 1381 Tres
1043 1327 1186 1379 sunt
1213 1320 1275 1379 in
1304 1317 1421 1381 hoc
1465 1321 1765 1399 proposito
1795 1322 2122 1382 Doctorum
2154 1319 2291 1402 opi-

744 1413 983 1476 niones.
1021 1412 1223 1473 Prima
1243 1413 1453 1474 asserit
1473 1413 1534 1473 in
1560 1412 1673 1475 hac
1699 1413 1836 1475 facti
1860 1413 2055 1495 specie
2077 1433 2298 1496 cogna-

743 1508 968 1569 tionem
995 1506 1372 1587 spiritualem
1409 1527 1529 1568 non
1556 1508 1829 1569 contrahi
1866 1557 1881 1579 ,
1913 1528 2023 1570 nec
2051 1529 2090 1571 a
2123 1528 2298 1572 man-

743 1603 968 1674 dante,
1016 1601 1162 1681 quia
1213 1621 1333 1663 non
1369 1601 1558 1682 tangit
1583 1602 2057 1683 Baptizandum‚
2110 1623 2219 1666 nec
2262 1624 2298 1667 a

742 1699 1162 1768 Procuratore,
1190 1694 1336 1773 quia
1370 1695 1612 1757 nomine
1637 1697 1881 1777 proprio
1908 1698 2297 1777 Ba‘ptizatum

743 1810 865 1852 non
890 1788 1158 1869 suscipit.
1191 1786 1417 1850 Navar.
1447 1793 1643 1852 consil.
1672 1796 1730 1851 6.
1762 1793 1857 1852 lib.
1884 1796 1943 1854 4.
1977 1795 2072 1853 tit.
2105 1794 2171 1853 dc
2214 1813 2299 1853 co—

745 1888 1008 1967 qnatione
1025 1886 1354 1963 spirituali..
1370 1884 1472 1946 ubi
1494 1885 1641 1947 dicit
1671 1886 1825 1948 hanc
1852 1886 2204 1966 opinionem
2232 1886 2297 1947 in

745 1988 970 2062 puncto
1010 1978 1175 2039 Juris
1210 1997 1336 2040 esse
1363 1978 1658 2041 veriorem
1682 2025 1700 2053 ,
1729 1989 1788 2041 et
1835 2000 1968 2043 eam
2002 1989 2296 2061 tanquam

746 2071 1122 2154 probabilem
1149 2079 1396 2133 tuentur
1418 2071 1676 2138 leander
1693 2076 1759 2135 de
1776 2073 2044 2136 Sacram
2072 2086 2205 2136 tom.
2237 2079 2291 2136 1.

748 2179 916 2229 tract.
955 2172 1013 2227 2.
1047 2167 1258 2246 disput.
1287 2171 1346 2226 7.
1382 2179 1596 2246 quaest.
1624 2174 1721 2229 22.
1750 2170 2050 2231 Dicastillo
2078 2171 2144 2231 de
2175 2169 2290 2231 Sa-

747 2282 923 2324 cram.
964 2271 1096 2321 tom.
1126 2266 1183 2321 1.
1224 2271 1392 2325 tract.
1430 2267 1490 2323 2.
1520 2263 1736 2342 disput.
1763 2268 1824 2323 2.
1851 2265 1984 2323 dub.
2020 2270 2078 2325 5.
2134 2284 2294 2325 num.

747 2362 844 2418 56.
869 2356 1064 2419 Diana
1082 2359 1149 2416 in
1170 2359 1304 2418 edit.
1329 2357 1515 2418 coord.
1545 2368 1679 2418 tom.
1707 2362 1762 2418 1.
1790 2368 1957 2420 tract.
1984 2363 2040 2418 1.
2063 2362 2295 2420 resolut.

748 2457 846 2513 96.
871 2469 1034 2512 num.
1068 2457 1127 2515 4.
1154 2451 1425 2514 Secunda
1451 2453 1706 2514 sustinet
1730 2452 2149 2533 cognationem
2183 2455 2299 2534 spi-

745 2544 1031 2605 ritualem
1078 2564 1198 2607 non
1240 2564 1276 2606 a
1317 2546 1642 2607 mandante
1663 2591 1680 2619 ,
1710 2547 1813 2608 sed
1840 2566 1876 2609 a
1905 2546 2300 2609 Procuratore

748 2638 1020 2700 contrabi
1057 2649 1305 2719 propter
1335 2648 1697 2711 contactum,
1724 2641 1810 2702 uti
1836 2649 2299 2723 argumentatur

753 2732 958 2794 covar.
998 2734 1066 2792 in
1101 2734 1345 2795 secunda
1385 2744 1552 2814 parte
1579 2734 1866 2814 Epitcmcs
1911 2739 2110 2813 quarte·
2165 2738 2303 2797 libri

758 2826 1137 2888 Decretalium
1162 2846 1288 2906 cap.
1321 2832 1379 2888 6.
1406 2826 1471 2909 §-
1505 2831 1565 2888 4.
1597 2848 1756 2888 num.
1788 2833 1847 2890 6.
1877 2830 2111 2902 Tertia,
2140 2850 2301 2912 quae

750 2918 1126 2981 communior
1148 2939 1275 2980 esse
1299 2919 1537 2981 videtur
1566 2963 1581 2990 ,
1628 2920 1836 2993 docet,
1879 2923 2296 3002 cognationem

757 3013 1133 3094 spiritualem
1165 3033 1200 3073 a
1233 3014 1558 3075 mandante
1584 3060 1602 3087 ,
1652 3033 1773 3075 non
1817 3034 1852 3077 a
1903 3015 2297 3079 Procuratore

750 3105 1021 3168 contrabi
1052 3151 1070 3179 ‚
1101 3106 1206 3187 qui
1238 3105 1403 3168 enim
1429 3124 1534 3186 per
1558 3107 1748 3170 alium
1773 3107 1952 3182 facit,
1981 3127 2087 3190 per
2109 3128 2174 3172 se
2207 3110 2303 3191 ip-

751 3220 884 3261 sum
924 3199 1120 3262 facere
1157 3200 1437 3273 videtur,
1475 3201 1561 3262 uti
1607 3200 1684 3263 ad
1711 3220 1840 3263 rem
1867 3202 2117 3265 caeteris
2147 3203 2301 3265 alle-

751 3295 906 3372 gatis
924 3301 1371 3375 prosequuntur
1384 3293 1646 3375 Layman
1668 3304 1800 3357 toas.
1828 3300 1888 3357 2.
1919 3298 2018 3357 lib.
2043 3303 2101 3358 5.
2130 3307 2300 3359 tract.

754 3394 848 3449 10.
876 3401 1033 3469 part.
1066 3393 1124 3449 4.
1155 3409 1281 3469 cap.
1333 3393 1393 3449 8.
1440 3408 1599 3450 num.
1631 3391 1692 3451 4.
1723 3401 1776 3451 et
1823 3396 1883 3451 5.
1931 3390 2192 3453 Sanchez
2238 3393 2304 3453 tle

766 3484 1023 3543 matrim.
1065 3483 1165 3542 lib.
1196 3487 1258 3543 7.
1303 3483 1517 3562 disput.
1549 3489 1647 3544 59.
1689 3504 1852 3545 num.
1897 3489 1993 3545 12.
2027 3484 2206 3549 Peren
2240 3486 2307 3546 de

750 3576 1004 3636 matrim.
1036 3575 1248 3655 disput.
1281 3578 1382 3636 29.
1417 3586 1546 3636 sect.
1577 3581 1639 3637 7.
1667 3595 1772 3657 per
1801 3587 1976 3638 totam
1999 3625 2014 3646 ,
2046 3577 2292 3640 Barbas.

754 3667 831 3727 ad
857 3662 1046 3746 capnt.
1079 3671 1139 3727 2.
1172 3687 1299 3727 sess.
1324 3670 1424 3728 24.
1455 3668 1522 3728 de
1558 3669 1789 3747 reform.
1834 3673 2088 3732 matrim.
2138 3690 2300 3731 nsum.

754 3763 853 3821 26.
891 3757 1173 3821 Bonoein.
1220 3780 1369 3840 oper.
1421 3763 1626 3822 moral.
1681 3772 1816 3823 tom.
1864 3767 1920 3824 1.
1971 3775 2186 3843 quaest.
2240 3770 2299 3826 3.

745 3864 945 3934 punct.
983 3859 1041 3913 5.
1079 3855 1346 3933 proposit.
1397 3858 1454 3914 3.
1487 3852 1552 3936 §-
1586 3858 1647 3915 2.
1674 3876 1836 3917 num.
1869 3860 1966 3918 34.
1995 3856 2068 3919 R.
2102 3858 2177 3918 P.
2214 3858 2292 3918 D.

754 3947 932 4008 Petra
951 3950 1026 4008 ad
1045 3946 1289 4009 Constit.
1314 3948 1662 4029 Apostolicas
1684 3961 1816 4011 tom.
1842 3956 1901 4011 2.
1921 3954 1987 4012 in
2009 3963 2298 4014 comment.

753 4042 830 4105 ad
852 4039 1096 4105 Constit.
1129 4046 1187 4102 5.
1226 4038 1478 4101 Honorii
1503 4041 1683 4103 Tertii
1724 4053 1853 4105 sect.
1898 4049 1958 4105 2.
1992 4066 2152 4106 num.
2203 4050 2298 4107 12.

753 4155 886 4217 paq.
919 4138 1056 4197 442.
1084 4142 1145 4196 61
1162 4132 1318 4195 hane
1334 4136 1688 4198 sententiam
1709 4139 1989 4218 amplexa
2013 4148 2104 4201 est
2121 4141 2303 4202 Sacra

754 4228 901 4290 haec
931 4227 1325 4309 congregatio
1372 4232 1438 4288 in
1483 4249 1604 4291 una
1641 4229 1884 4292 Nullius
1934 4238 2029 4295 15.
2081 4234 2305 4295 Martii

760 4327 936 4390 1631.
971 4323 1068 4381 lib.
1104 4325 1200 4382 14.
1236 4320 1451 4383 Dece-et.
1475 4344 1607 4402 paq.
1636 4329 1771 4385 398.
1802 4326 1905 4387 ubi
1936 4327 2021 4388 sic
2049 4327 2293 4409 legitur:

758 4415 946 4477 Sacra
992 4425 1095 4475 etc.
1145 4418 1359 4475 censuit
1409 4415 1845 4479 Procuratorem
1871 4465 1887 4492 ‚
1936 4423 2039 4499 qui
2077 4424 2304 4482 nomine

759 4511 997 4570 alterius
1019 4511 1296 4588 suscepit,
1328 4511 1415 4587 cel
1438 4511 1515 4571 acl
1553 4513 2029 4592 confirmationem
2072 4519 2252 4575 tenuit
2281 4563 2297 4588 ,

758 4623 873 4663 non
900 4604 1225 4662 contrahere
1251 4606 1628 4683 cognationem
1662 4608 1805 4677 sibi,
1836 4609 1928 4668 sed
1957 4610 2259 4668 mandanti
2281 4658 2299 4682 ,

757 4714 941 4777 quam
974 4694 1189 4756 Sacrae
1224 4693 1406 4778 hujus
1447 4695 1936 4780 Congregationis
1984 4701 2304 4763 resolutio-

761 4809 897 4851 nem
932 4789 992 4849 in
1022 4788 1156 4849 sacti
1189 4791 1598 4872 contingentia
1627 4839 1644 4861 ‚
1680 4799 1738 4853 et
1762 4794 1825 4853 in
1860 4794 2030 4874 praxi
2054 4815 2180 4856 esse
2208 4818 2305 4859 re·

759 4883 1097 4963 cipiendam
1121 4928 1137 4956 ‚
1167 4883 1495 4946 firmarunt
1519 4886 1802 4949 Doctores
1829 4935 1846 4958 ,
1894 4897 1954 4950 et
1994 4889 2305 4971 signanter

764 4975 1060 5037 Cabassut.
1088 4978 1153 5036 in
1183 4976 1379 5037 Theor.
1425 4989 1476 5038 ct
1503 4983 1686 5059 praxi
1704 4980 1870 5042 luris
1893 4981 2171 5045 Canonici
2203 4986 2301 5045 lib.

761 5077 820 5133 3.
850 5091 977 5153 cap.
1015 5076 1114 5131 22.
1147 5091 1365 5132 nurner.
1405 5076 1500 5134 11.
1538 5073 1806 5136 Clericat.
1862 5078 2026 5138 decis.
2085 5082 2183 5139 23.
2241 5081 2307 5140 de

759 5164 1025 5225 Sacram.
1059 5167 1310 5224 matrim.
1354 5185 1513 5225 num.
1559 5171 1619 5227 8.
1668 5166 1927 5229 Anaclet.
1959 5172 2035 5231 ad
2073 5174 2306 5237 titulum

768 5257 1055 5318 Decretal.
1086 5259 1152 5317 dc
1181 5270 1400 5336 coquat.
1425 5263 1616 5339 spirit.
1644 5281 1802 5322 num.
1837 5268 1939 5325 23.

882 5352 995 5413 His
1023 5353 1321 5414 stantibus
1348 5398 1364 5426 ,
1396 5353 1752 5433 quaeritur:

2507 945 2656 996 Sacra
2673 943 2868 1011 Congr.
2890 942 2977 997 die
2999 943 3079 995 1³.
3104 941 3430 1011 Septembris
3460 942 3616 996 ¹721.
3640 943 3918 1013 respondit
3933 965 3951 996 z

2581 1032 2864 1101 Negatt've.

2782 1225 3141 1301 QUAESTIO
3183 1225 3575 1288 CCXXVIII.

2408 1417 2481 1477 In
2507 1416 2691 1478 Dubio
2725 1416 3114 1490 Visitationis,
3142 1417 3232 1477 dic
3264 1421 3361 1477 13.
3396 1414 3740 1497 Septembris
3773 1421 3951 1479 1721.

2407 1544 2731 1666 vicarius
2774 1602 3136 1683 Capitularis
3186 1602 3523 1665 Scardonae
3568 1603 3867 1684 qnaesivit
3912 1623 3950 1666 a

2404 1698 2536 1761 Sac.
2594 1696 3067 1780 Congregatione
3099 1697 3174 1759 de
3221 1698 3614 1780 Propaganda
3647 1698 3834 1772 Fide,
3877 1717 3958 1760 an

2404 1792 2520 1855 sibi
2554 1790 2910 1872 permissum
2931 1797 3084 1853 esset
3114 1790 3313 1854 facere
3340 1789 3748 1853 visitationem
3792 1790 3957 1853 Civi-

2407 1887 2546 1949 tatis
2567 1931 2585 1959 ‚
2614 1895 2676 1947 et
2702 1885 3020 1957 Dioecesis‚
3050 1904 3284 1947 necnon
3316 1884 3722 1949 visitationem
3748 1904 3956 1965 perso·

2407 1981 2607 2044 nalem
2651 1978 3090 2059 Capitularium
3117 2001 3135 2053 3
3181 1999 3442 2062 cumque
3488 1999 3741 2042 examen
3786 1980 3958 2044 dubii

2405 2073 2592 2137 fuerit
2621 2094 2660 2136 a
2695 2072 2854 2136 dicta
2882 2071 3017 2136 Sac.
3063 2072 3540 2156 congregatione
3568 2072 3645 2135 ad
3675 2074 3835 2136 hanc
3861 2094 3961 2136 re·

2408 2169 2690 2243 missum,
2718 2186 2936 2248 operae
2966 2168 3229 2248 pretium
3259 2176 3349 2230 est
3390 2167 3468 2231 de
3500 2168 3810 2248 praedicto
3841 2168 3959 2231 dn-

2409 2262 2512 2325 bio
2539 2263 2603 2324 in
2633 2261 2936 2344 praesenti
2965 2261 3195 2324 habere
3222 2280 3590 2324 sermonem.

2526 2358 2616 2418 De
2662 2355 3006 2417 visitatione
3038 2354 3322 2417 Civitatis
3346 2400 3365 2428 ,
3419 2362 3479 2416 et
3529 2355 3826 2418 Dioecesis
3879 2356 3962 2418 ab

2404 2450 2697 2530 Episcopo
2722 2449 2992 2512 facienda
3022 2494 3039 2521 ‚
3071 2448 3249 2529 plura
3279 2449 3560 2530 pluribus
3590 2450 3654 2510 in
3678 2449 3826 2511 locis
3846 2451 3958 2512 Sa·

2404 2544 2490 2604 cri
2521 2542 2769 2605 Concilii
2814 2541 3153 2604 Tridentini
3193 2541 3371 2603 facile
3420 2541 3614 2604 videri
3657 2550 3953 2622 possunt.

2407 2636 2487 2698 At
2519 2636 2581 2696 in
2609 2655 2702 2707 eo,
2732 2635 2896 2716 quod
2923 2636 3139 2697 attinet
3162 2635 3236 2698 ad
3268 2634 3669 2698 visitationem
3694 2635 3959 2717 Capituli

2404 2730 2484 2791 ab
2503 2729 2709 2790 eodem
2727 2729 3020 2810 Episcopo
3041 2728 3400 2801 faciendam,
3415 2730 3790 2810 praedictum
3809 2728 3961 2792 Con-

2405 2823 2614 2885 cilium
2640 2822 2792 2884 Sess.
2825 2829 2884 2883 6.
2922 2843 3048 2902 cap.
3095 2827 3154 2883 4.
3199 2824 3265 2883 de
3288 2824 3419 2901 Res.
3449 2822 3718 2885 decrevit
3744 2869 3763 2897 ,
3790 2824 3956 2905 quod

2408 2915 2683 2997 Capitula
2727 2915 3220 2989 Cathedralium‚
3263 2924 3325 2977 et
3351 2915 3616 2979 aliarum
3664 2917 3963 2980 Ecclesia-

2407 3029 2571 3084 rum,
2595 3018 2886 3072 eteorum
2908 3011 3207 3073 Personae
3231 3010 3421 3072 nullis
3446 3012 3960 3092 exemptionibus,

2407 3113 2515 3169 aut
2540 3104 3075 3167 consuetudinibus
3100 3124 3164 3167 se
3207 3105 3363 3167 tueri
3404 3105 3678 3187 possint,
3720 3106 3960 3188 quomi-

2409 3218 2525 3261 nus
2551 3218 2586 3261 a
2617 3199 2739 3261 suis
2768 3199 3078 3279 Episcopis
3102 3247 3119 3269 ‚
3157 3219 3265 3280 per
3294 3200 3520 3280 seipsos
3540 3201 3698 3263 solos
3720 3247 3738 3275 ‚
3773 3202 3866 3264 vel
3892 3202 3963 3263 il·

2409 3292 2485 3354 lis
2505 3339 2525 3366 ,
2552 3293 2778 3374 quibus
2797 3293 2912 3357 sibi
2952 3293 3258 3355 videbitur
3282 3294 3583 3374 adjunctis
3609 3343 3627 3366 ,
3646 3296 3823 3377 juxta
3848 3296 3964 3358 Ca-

2411 3386 2656 3449 nonicas
2688 3386 3049 3455 sanctiones.
3075 3386 3250 3450 toties
3283 3388 3520 3468 quoties
3546 3408 3697 3470 opus
3727 3389 3915 3451 fuerit
3938 3435 3962 3464 ,
3990 3443 3996 3449 ,

2411 3481 2685 3553 visitari,
2719 3481 2940 3563 corrigi
2973 3527 2991 3555 ,
3031 3490 3091 3545 et
3126 3482 3432 3544 emendari
3463 3483 3689 3563 possint
3714 3528 3731 3556 ,
3763 3490 3823 3544 et
3852 3502 3964 3546 va-

2412 3575 2898 3657 leant;cumque
2939 3576 3087 3637 olim
3112 3576 3454 3638 dubitatum
3485 3576 3695 3639 suisset
3719 3622 3737 3652 ,
3786 3598 3865 3639 an
3894 3578 3964 3639 in

2412 3669 2753 3732 visitatione
2778 3670 3039 3749 Capituli
3082 3689 3226 3732 suae
3248 3670 3625 3733 Cathedralis
3654 3679 3964 3735 teneretur

2411 3763 2738 3845 Episcopus
2754 3764 2871 3826 sibi
2895 3765 3224 3845 adJ'ungere
3250 3765 3488 3845 aliquos
3508 3764 3863 3840 Canonicos,
3886 3767 3965 3830 ad

2411 3859 2700 3921 terminos
2729 3858 2895 3920 Text.
2926 3862 2989 3918 in
3008 3880 3136 3938 cap.
3159 3869 3224 3919 ut
3236 3862 3416 3937 juxta
3437 3861 3502 3919 dc
3522 3860 3666 3939 offic.
3702 3858 3963 3922 Ordina-

2409 3955 2492 4014 νὴ·
2512 4001 2529 4024 ,
2558 3960 2618 4015 61
2646 3955 2796 4016 Rota
2818 3951 3178 4015 affirmative
3206 3953 3605 4033 respondisset
3625 3999 3642 4027 ,
3674 3973 3742 4015 re
3767 3953 3966 4019 delata

2408 4048 2485 4110 ad
2513 4047 2671 4109 hanc
2691 4047 2934 4109 Sacram
2966 4046 3503 4129 Congregationem
3524 4095 3539 4116 .
3570 4048 3779 4111 eadem
3823 4069 3967 4112 cen-

2409 4141 2530 4204 suit
2552 4142 2911 4222 Episcopum
2938 4142 3003 4202 iu
3033 4141 3375 4203 visitatione
3409 4141 3671 4221 Capituli
3722 4162 3841 4204 non
3875 4152 3964 4205 te-

2412 4236 2540 4299 neri
2573 4254 2878 4298 assumere
2906 4235 3145 4316 aliquos
3179 4254 3255 4296 ex
3290 4235 3629 4306 Canonicis‚
3660 4236 3761 4296 sed
3793 4255 3966 4316 posse

2410 4329 2658 4391 visitare
2682 4373 2699 4401 ,
2752 4328 2848 4390 vel
2902 4348 3009 4409 per
3054 4327 3319 4408 seipsum
3370 4328 3567 4389 solum
3600 4375 3621 4400 ,
3675 4327 3772 4390 vel
3826 4328 3967 4391 aliis

2410 4422 2729 4505 adjunctis,
2762 4423 2945 4484 etiam
2970 4429 3139 4484 extra
3177 4420 3520 4502 Capitulum
3540 4467 3557 4495 ‚
3587 4429 3649 4483 et
3676 4420 3966 4485 resolutio

2411 4515 2586 4579 suita
2617 4517 2867 4577 Summo
2893 4514 3181 4577 Pontifice
3211 4514 3505 4596 Gregorio
3532 4516 3706 4578 XIII.
3741 4517 3964 4578 confir-

2413 4618 2569 4673 mata
2595 4654 2612 4681 ‚
2648 4609 2737 4670 uti
2774 4607 2906 4669 fuse
2935 4607 3196 4671 habetur
3226 4608 3389 4686 apud
3430 4606 3690 4686 Faqnan.
3722 4612 3787 4670 in
3811 4630 3863 4670 c.
3900 4619 3969 4670 ut

2402 4704 2584 4781 juxta
2602 4724 2640 4764 a
2662 4723 2722 4762 n.
2754 4706 2850 4764 37.
2879 4721 3053 4779 usque
3075 4702 3151 4762 ad
3171 4702 3338 4781 finem
3359 4701 3424 4760 de
3445 4697 3606 4780 Offic.
3635 4698 3967 4774 ordinarii,

2414 4806 2465 4856 et
2487 4800 2552 4856 in
2579 4817 2708 4877 cap.
2731 4816 2860 4858 cum
2903 4795 3247 4858 Venerabilis
3271 4815 3331 4854 n.
3359 4800 3418 4859 5.
3450 4805 3501 4855 et
3529 4814 3678 4875 seqq.
3705 4796 3772 4858 de
3798 4799 3973 4857 censi-

2534 4984 2805 5066 Allegata
2824 4982 3001 5046 Conci
3010 4983 3176 5045 liaris
3197 4980 3509 5061 dispositio
3528 4980 3688 5043 edita
3712 4981 3828 5043 suit
3854 4984 3977 5044 sub

2417 5078 2604 5143 Paulo
2630 5078 2863 5149 Tertio,
2898 5095 3242 5154 novumque
3271 5073 3753 5139 confirmationis
3773 5075 3969 5135 robur

2417 5174 2682 5234 obtinuit
2703 5173 2816 5235 sub
2847 5172 2953 5232 Pio
2977 5171 3240 5243 Quarto,
3267 5168 3355 5236 uti
3380 5167 3643 5233 habetur
3670 5166 3822 5230 Sess.
3858 5173 3960 5229 25.

2417 5288 2541 5347 sap.
2574 5272 2633 5326 6.
2658 5268 2724 5326 de
2749 5266 2876 5344 Res.
2897 5310 2914 5337 ‚
2942 5265 3047 5326 ubi
3077 5262 3345 5333 additur,
3375 5262 3538 5340 quod
3561 5262 3613 5322 si
3636 5261 3971 5342 Episcopus

2416 5370 2588 5422 extra
2623 5359 3026 5421 visitationem
3050 5356 3337 5417 adversus
3365 5354 3636 5434 aliquem
3664 5374 3742 5415 ex
3770 5355 3970 5416 Cano-

882 5443 978 5507 An
1005 5447 1459 5527 impedimentum
1485 5451 1830 5527 coqnationis
1860 5453 2183 5532 spiritualis
2213 5456 2303 5514 ab·
2419 5454 2570 5517 uicis
2600 5451 2916 5532 procedere
2942 5449 3126 5523 velit,
3154 5455 3428 5515 teneatur
3472 5447 3538 5510 id
3587 5445 3786 5511 facere
3831 5467 3976 5513 cum
