4393 6299
926 455 1032 517 m

737 609 1104 708 perficiendo
1136 603 1498 697 pertinentia
1516 609 1591 673 ad
1616 629 1791 673 usum
1836 627 2145 673 acrarum
2178 629 2287 672 su·

744 712 1133 798 pellectilium
1164 756 1179 771 .

859 808 975 878 His
995 806 1314 877 stantibus,
1347 801 1663 884 quaeritur
1701 821 1717 861 ε

857 904 953 963 An
979 905 1054 962 sit
1081 898 1420 962 concedenda
1452 894 1723 976 Capitale
1774 892 2138 956 Cathodralis
2166 894 2286 954 Es-

739 999 936 1060 clsst‘as
963 997 1157 1057 Reatis
1185 995 1638 1073 perssoesnnilm
1659 993 1946 1069 suspensio
1969 991 2142 1068 leqnti
2178 1009 2282 1069 pro

739 1094 983 1154 subsidio
1010 1092 1188 1151 dotali
1215 1091 1409 1149 relicto
1431 1088 1775 1167 pauperibus
1803 1084 2017 1146 Puellis
2037 1104 2076 1145 a
2097 1081 2288 1146 Cano-

741 1191 868 1248 nico
892 1185 940 1248 C
945 1186 1265 1255 lavettonio,
1287 1185 1352 1244 in
1376 1201 1512 1243 casu
1539 1193 1644 1242 ste.
1874 1203 1879 1208 ·

836 1380 970 1430 ‘sacr
1011 1376 1208 1443 Cougr.
1239 1370 1519 1439 respoudit
1544 1391 1557 1422 ε

918 1462 1202 1530 Negative,
1224 1473 1281 1513 el
1307 1458 1562 1529 anplius.

1138 1601 1502 1730 Qumis)
1541 1652 1889 1715 cxxxffl.

738 1848 807 1908 In
830 1846 1023 1909 Causa
1040 1844 1305 1915 Caum,
1340 1863 1437 1904 sou
1459 1842 1690 1904 Messes
1710 1840 2041 1911 Lubrsnst's,
2070 1840 2160 1902 dis
2185 1844 2282 1901 to.

1240 1936 1555 1999 Decembris
1587 1941 1660 1996 1⁷
1668 1939 1761 1996 te.

2479 381 2493 426 Ι

1900 429 2736 536 ouAEsrxonss‘psnoatcAE

2394 610 2468 684 si,
2492 610 2554 671 in
2584 630 2705 691 qua
2728 609 2910 673 etiarn
2936 628 3041 690 per
3063 608 3309 691 aliquod
3347 609 3637 691 temporis
3671 611 3935 692 spatium

2393 705 2721 776 habitavit,
2755 705 2925 785 quasi
2950 704 3113 785 quod
3142 705 3285 766 binc
3316 705 3650 779 inferatur,
3690 708 3784 769 vei
3820 708 3940 770 Or-

2395 800 2763 861 dinationem
2792 799 3090 877 pertinere
3108 801 3180 860 ad
3203 799 3562 878 Episcopum
3584 801 3934 877 Cavensem,

2397 893 2491 954 vel
2522 913 2651 955 eam
2681 892 2890 954 saitem
2920 893 3148 972 expleri
3181 913 3298 953 non
3332 912 3498 972 posse
3530 896 3606 954 ab
3647 895 3934 976 Episcopo

2394 989 2622 1049 Massae
2645 989 2909 1049 Lubren.
2945 987 3057 1046 nisi
3091 995 3220 1065 post
3245 987 3480 1049 habitas
3516 987 3742 1050 litteras
3774 992 3938 1051 testi·

2393 1082 2684 1144 moniales
2726 1084 2804 1143 ab
2847 1082 2972 1161 ipso
3016 1080 3310 1161 Episcopo
3357 1082 3655 1155 Cavensi3
3709 1084 3933 1146 dicitur

2392 1177 2611 1241 etenim
2652 1177 2811 1259 quod
2863 1177 3232 1258 Augustinus
3265 1197 3370 1258 per
3409 1178 3681 1240 accidens
3709 1178 3770 1239 in
3810 1201 3936 1242 me-

2393 1281 2623 1334 morata
2651 1273 2904 1334 Civitate
2959 1281 3134 1332 natus
3186 1279 3313 1345 est,
3355 1278 3418 1332 et
3442 1272 3603 1352 quod
3636 1272 3697 1332 in
3726 1274 3934 1335 eadem

2391 1366 2712 1438 habitavit,
2740 1367 2885 1428 dum
2918 1375 3049 1429 erat
3075 1357 3294 1436 infans,
3346 1375 3405 1429 et
3430 1366 3573 1428 dum
3607 1387 3723 1429 non
3755 1368 3937 1430 babe-

2395 1464 2498 1524 bat
2524 1470 2808 1533 aetatem,
2841 1462 2903 1524 in
2939 1483 3061 1544 qua
3081 1462 3437 1524 canonicum
3472 1472 3658 1540 posset
3691 1474 3932 1527 contra-

2393 1557 2538 1619 here
2580 1558 3072 1635 impedimentum
3092 1608 3104 1628 ,
3143 1577 3299 1638 quae
3321 1557 3530 1619 omnia
3560 1558 3762 1619 subdit
3791 1559 3937 1638 Epi·

2392 1670 2604 1733 scopus
2655 1654 2884 1716 Massae
2915 1653 3179 1712 Lubren.
3215 1660 3489 1713 constare
3540 1672 3613 1713 ex
3645 1652 3802 1713 dicto
3830 1672 3936 1714 sex

2392 1747 2691 1817 Testium,
2741 1749 2846 1828 qai
2897 1746 3146 1807 fuerunt
3191 1746 3256 1807 in
3308 1765 3415 1809 sna
3446 1746 3627 1808 Curia
3659 1745 3938 1807 formiter

2391 1841 2741 1912 examinati,
2782 1850 2924 1902 tunc
2968 1860 3107 1901 cum
3148 1838 3402 1902 contulit
3444 1839 3781 1921 Augustino
3810 1840 3935 1919 pri-

2394 1956 2552 1998 mam
2584 1946 2891 1997 tonsuram
2923 1979 2940 1997 .

2508 2029 2671 2091 Haec
2694 2038 3026 2110 sunt,quae
3042 2027 3426 2090 continentur
3449 2027 3510 2089 in
3545 2026 3928 2089 informatio·

737 2068 1146 2211 Augustinus
1164 2125 1402 2188 deUrso
1428 2123 1615 2187 sacris
1634 2123 1917 2201 cupiebat
1931 2121 2270 2184 Ordinibus
2392 2144 2467 2185 ne
2486 2124 2759 2203 Episcopi
2788 2124 3018 2184 Massae
3049 2124 3313 2184 Lubren.
3365 2121 3540 2184 Nunc
3572 2121 3937 2184 transeundo

734 2222 988 2296 initiari,
1019 2239 1281 2302 cumque
1303 2226 1513 2282 exorta
1540 2218 1725 2280 fuerit
1747 2216 2151 2279 controversia
2181 2217 2276 2276 in·

737 2326 829 2380 ter
863 2317 1189 2397 Episcopus
1228 2314 1452 2376 Caven.
1482 2322 1541 2375 et
1569 2314 1798 2392 Massae
1824 2313 2094 2374 Lubren.
2128 2331 2271 2373 eon·

734 2411 1017 2474 tendente
1050 2426 1418 2489 unoquoque
1455 2426 1689 2478 eorum,
1720 2406 1794 2468 ad
1827 2424 1893 2467 se
1918 2405 2137 2468 dictam
2173 2425 2273 2466 or-

736 2504 1109 2567 dinationem
1134 2502 1458 2582 pertinere,
1483 2500 1727 2562 babitus
1751 2497 1870 2560 fuit
1886 2499 1967 2560 ab
1995 2499 2282 2579 Augusti-

736 2618 817 2659 no
837 2616 1114 2659 recursus
1157 2597 1231 2658 ad
1254 2595 1410 2657 hanc
1430 2594 1679 2657 Sacram
1707 2591 2272 2674 Congregationem,

738 2710 924 2771 quae,
942 2693 1118 2773 juxta
1148 2708 1377 2751 morem
1396 2733 1414 2763 ,
1439 2687 1642 2770 jussit,
1677 2696 1744 2749 ut
1768 2685 2084 2749 audiretur
2112 2695 2279 2749 uter-

737 2807 857 2867 que
879 2784 1244 2848 Ordinarius
1259 2826 1276 2843 .

850 2880 1182 2960 Episcopus
1214 2879 1422 2958 itaque
1447 2878 1679 2939 Massae
1701 2876 1969 2937 Lubren.
2017 2874 2163 2937 dicit
2215 2893 2280 2937 se

739 2973 1001 3054 primum
1046 2982 1380 3044 tonsuram,
1415 2981 1476 3032 et
1522 2970 1783 3057 minores
1811 2967 2055 3030 ordines
2097 2968 2281 3030 annis

742 3067 1076 3148 praeteritis
1097 3065 1434 3148 Augustino
1457 3063 1803 3133 contulisse,
1834 3081 1908 3123 ex
1930 3081 2054 3143 quo
2080 3062 2278 3124 credi-

738 3165 857 3238 dit,
902 3170 962 3224 et
1006 3161 1235 3234 credit,
1289 3179 1400 3241 pro
1444 3179 1508 3221 se
1530 3175 1801 3240 pugnare
1830 3157 2277 3236 dispositionem

737 3258 1128 3338 famigeratae
1164 3252 1377 3315 Buitae
1404 3251 1834 3333 Speculatorem
1867 3251 2094 3331 primo,
2128 3250 2278 3331 quia

737 3351 1077 3416 Matthaeus
1120 3349 1285 3409 Avus
1308 3355 1439 3410 erat
1458 3345 1623 3408 Civis
1662 3346 1892 3408 Massae
1919 3345 2185 3407 Lubren.
2220 3352 2281 3407 et

738 3445 813 3509 ad
835 3444 1155 3507 Civitatem
1176 3441 1505 3503 Cavensem
1527 3458 1591 3500 se
1607 3438 1887 3512 contulit,
1902 3446 1970 3500 ut
1992 3447 2154 3499 certo
2174 3437 2280 3498 de·

736 3539 1058 3601 terminato
1090 3533 1465 3596 incumberet
1487 3533 1749 3614 negotio,
1784 3550 2044 3612 cumque
2070 3530 2280 3591 Domi-

736 3632 909 3694 nicus
933 3628 1220 3691 Matthaei
1251 3626 1438 3700 fliius,
1470 3634 1533 3688 et
1562 3626 1739 3688 Pater
1768 3624 2091 3706 Augustini
2123 3624 2277 3687 Ora-

738 3727 888 3790 toris
910 3726 972 3786 in
1002 3723 1208 3786 eadem
1235 3721 1490 3783 Civitate
1508 3726 1686 3781 natus
1726 3718 1827 3788 sit,
1861 3718 1937 3780 de
1961 3718 2280 3781 nativitate

739 3816 1090 3883 accidentali
1143 3814 1208 3875 in
1234 3813 1388 3875 dicta
1418 3811 1673 3874 Civitate
1702 3830 1822 3872 non
1864 3811 2102 3873 videtur
2151 3830 2279 3873 esse

737 3911 1141 3977 dubitandum
1165 3953 1182 3982 ,
1235 3913 1717 3970 etconcurstente
1761 3905 2076 3968 nativitate
2123 3904 2278 3967 acci-

736 4005 987 4077 dentali,
1006 4001 1245 4065 nullum
1268 4000 1332 4061 in
1349 3998 1607 4062 Civitate
1624 3998 1876 4061 Cavensi
1901 4004 2278 4061 contractum

735 4101 852 4163 dici
880 4097 1069 4180 potuit
1104 4092 1479 4157 domicilium
1506 4135 1523 4152 .

852 4192 1158 4262 Secundo,
1195 4188 1338 4269 qnia
1383 4185 1733 4248 Dominicus
1772 4186 1948 4248 Pater
1980 4184 2163 4247 babet
2209 4185 2282 4246 in*

737 4286 1228 4353 CivitateMassae
1251 4283 1517 4344 Lubren.
1541 4280 1788 4341 domum
1806 4288 2100 4360 apertam,
2115 4279 2276 4341 bona

735 4383 974 4447 stabilia
998 4378 1284 4462 possidet,
1317 4384 1376 4437 et
1397 4376 1460 4437 in
1488 4374 1694 4437 eadem
1721 4375 1951 4435 obtinet
1977 4373 2274 4436 nonnulla

732 4480 870 4559 iura
896 4483 1244 4557 patronatus
1255 4468 1656 4551 quarumdam
1678 4468 2125 4549 Cappeliarum3
2150 4487 2272 4530 non

734 4571 955 4633 omisso
973 4615 989 4641 ,
1010 4566 1171 4649 quod
1190 4566 1253 4625 in
1272 4563 1576 4645 praedicta
1601 4562 1856 4624 Civitate
1884 4561 2117 4625 habitat
2136 4581 2275 4624 cum

736 4686 844 4727 sua
872 4663 1103 4725 familia
1136 4666 1266 4741 post
1286 4660 1513 4730 decem,
1544 4665 1604 4719 et
1631 4655 1892 4735 amplius
1917 4674 2110 4717 annos
2137 4675 2275 4717 cum

735 4761 939 4823 auimo
968 4757 1301 4819 detiberato
1327 4754 1409 4814 ab
1428 4771 1500 4812 ea
1528 4769 1650 4812 non
1675 4748 1986 4810 recedendi
2018 4792 2035 4809 .

852 4848 1078 4921 Tertio,
1114 4849 1261 4929 quia
1293 4864 1369 4908 ex
1395 4844 1605 4906 eodem
1636 4843 1950 4904 Dominico
1977 4849 2152 4904 natus
2185 4848 2274 4904 est

732 4949 886 5011 alter
918 4946 1085 5007 fitius
1108 4942 1352 5003 nomine
1367 4938 1729 5010 Matthaeus,
1769 4935 1875 5017 qui
1909 4936 2278 5017 fuitabsque

733 5042 861 5103 ulla
902 5034 1373 5101 contradictione
1391 5077 1409 5104 ,
1460 5029 1636 5093 annis
1681 5029 2016 5110 praeteritis
2038 5031 2118 5091 ab
2146 5030 2277 5110 ipso

734 5132 1017 5199 Antistite
1036 5130 1267 5193 Massae
1294 5127 1565 5189 Lubren.
1597 5123 1675 5187 ad
1694 5124 2106 5187 Sacerdotium
2132 5143 2272 5205 pro·

736 5238 1099 5400 motxixsque
1123 5314 1380 5395 eoquod
1424 5312 1759 5393 quidquam
1800 5310 2023 5373 referat
2045 5357 2064 5385 ,
2108 5312 2273 5392 quod

735 5413 1107 5496 Augustinus
1127 5411 1347 5475 Orator
1372 5416 1548 5470 natus
1567 5415 1657 5470 est
1674 5405 1741 5469 in
1768 5405 2025 5469 Civitate
2045 5405 2276 5470 Caven-
2311 5490 2316 5491 ἶ

2387 2218 2972 2281 adinformationem
3003 2218 3272 2299 Episcopi
3302 2216 3528 2278 Caven.
3578 2216 3763 2278 refert
3810 2216 3930 2287 bic,

2389 2312 2759 2374 Matthaeum
2781 2332 2816 2373 e
2833 2311 3490 2391 CivitateNeapolitana
3517 2311 3590 2372 ad
3614 2310 3933 2373 Civitatem

2387 2405 2714 2468 Cevensem
2758 2406 2994 2467 venisse
3013 2452 3030 2475 ,
3080 2414 3147 2466 ut
3186 2406 3246 2466 in
3302 2426 3370 2468 ea
3416 2416 3605 2467 artem
3652 2405 3935 2467 fabrilem

2388 2510 2724 2562 exerceret.
2754 2500 2936 2561 Addit
2957 2500 3324 2562 Matthaeum
3362 2501 3422 2560 in
3461 2500 3716 2562 Civitate
3737 2500 3932 2563 Cavae

2391 2596 2780 2675 permansisse
2806 2616 2994 2676 usque
3020 2596 3095 2657 ad
3119 2596 3379 2665 obitum,
3413 2595 3670 2656 Uxorem
3701 2594 3784 2656 ibi
3816 2594 3930 2655 du·-

2388 2689 2565 2760 xisse,
2589 2701 2643 2751 et
2674 2689 2830 2751 filios
2856 2709 3216 2770 procreasse,
3249 2689 3408 2750 inter
3438 2708 3590 2768 quos
3616 2688 3783 2750 adest
3811 2690 3931 2749 Do·

2388 2783 2643 2844 minicus
2667 2784 2982 2858 Augustini
3010 2785 3206 2855 Pater,
3232 2785 3335 2863 qui
3368 2784 3431 2843 in
3457 2782 3802 2845 Cathedrali
3821 2783 3935 2843 Ca-

2388 2878 2552 2939 vensi
2590 2877 2706 2939 suit
2767 2878 3097 2958 baptizatus
3117 2922 3133 2938 .
3189 2877 3542 2940 Dominicus
3595 2876 3694 2938 bic
3716 2922 3734 2950 ,
3787 2884 3934 2939 teste

2385 2971 2591 3032 eodem
2642 2972 2963 3050 EpiscopO,
3015 2979 3203 3032 artem
3249 2970 3442 3033 Patris
3489 2972 3553 3032 in
3599 2980 3930 3032 memorata

2383 3064 2638 3127 Civitate
2662 3074 3010 3144 prosecutus
3035 3073 3144 3133 est,
3170 3070 3228 3125 et
3257 3064 3319 3124 in
3352 3064 3456 3125 itta
3486 3065 3696 3146 genuit
3718 3067 3924 3146 Augu-

2384 3160 2634 3228 stinum,
2671 3160 2775 3239 qui
2810 3161 3031 3237 pariter
3067 3159 3126 3218 in
3154 3158 3493 3222 Catbedrali
3569 3160 3931 3240 baptismum

2385 3254 2628 3333 recepit,
2647 3274 2719 3315 cu
2732 3272 2911 3333 mque
2934 3253 3190 3315 subinde
3218 3253 3392 3315 Domi
3400 3255 3566 3315 nicus
3581 3253 3754 3315 Pater
3772 3273 3936 3315 occa·

2382 3348 2551 3409 sione
2567 3348 2796 3409 affictus
2828 3347 3206 3427 vectiganum
3236 3369 3299 3409 se
3319 3349 3644 3411 contulerit
3672 3348 3745 3410 ad
3776 3348 3935 3409 Civi-

2386 3450 2566 3504 tatem
2613 3443 2844 3503 Massae
2896 3443 3163 3503 Lubren.
3202 3450 3264 3503 et
3310 3442 3372 3502 in
3405 3462 3475 3504 ea
3518 3441 3931 3522 interpolatim

2382 3536 2637 3618 singuiis
2665 3536 2842 3596 annis
2888 3536 3168 3597 habitare
3194 3536 3475 3616 coeperit,
3500 3535 3646 3597 hinc
3672 3537 3758 3597 ait
3786 3536 3934 3617 Epi-

2382 3647 2593 3708 seopus
2626 3629 2849 3691 Caven.
2879 3628 3102 3689 factum
3130 3648 3289 3701 esse,
3325 3628 3484 3709 quod
3517 3629 3888 3710 Augustinus
3910 3676 3931 3704 ,

2381 3741 2517 3783 cum
2545 3730 2781 3794 sextum
2806 3722 3019 3784 aetatis
3046 3741 3274 3783 annum
3327 3729 3529 3801 ageret
3556 3766 3573 3794 ,
3603 3721 3678 3783 ad
3715 3721 3938 3784 Civita-

2383 3823 2502 3877 tem
2528 3818 2759 3878 Massae
2793 3817 3056 3878 Lubren.
3075 3835 3110 3877 a
3135 3817 3313 3877 Patre
3333 3815 3572 3877 delatus
3593 3826 3703 3888 est,
3723 3816 3785 3877 in
3807 3836 3933 3897 qua

2385 3909 2580 3970 tribus
2609 3910 2844 3970 circiter
2879 3909 3055 3970 annis
3085 3927 3189 3987 per
3204 3908 3444 3980 mansit,
3479 3918 3612 3989 post
3639 3929 3792 3990 quos
3817 3909 3930 3973 ito-

2382 4020 2521 4062 rum
2550 4002 2728 4064 rediit
2748 4001 2821 4063 ad
2849 4001 3165 4063 Civitatem
3193 4000 3547 4074 Cavensem,
3575 4022 3611 4063 a
3645 4022 3765 4082 qua
3803 4010 3933 4083 post

2381 4114 2610 4157 annum
2636 4095 2936 4167 discessit,
2972 4094 3314 4174 iterumque
3349 4095 3427 4155 ad
3474 4095 3727 4157 aiteram
3770 4095 3932 4158 Civi-

2383 4198 2562 4252 tatem
2593 4189 2820 4251 Massae
2848 4188 3111 4250 Lubren.
3146 4186 3410 4259 accessit,
3443 4189 3551 4249 ubi
3596 4190 3780 4250 trium
3809 4189 3929 4251 cir·

2380 4284 2527 4347 citer
2553 4302 2853 4346 annorum
2872 4281 3064 4362 spatio
3097 4301 3334 4344 moram
3370 4281 3577 4355 traxit,
3622 4290 3754 4364 post
3775 4301 3929 4363 quos

2381 4378 2598 4439 iterum
2641 4376 2719 4439 ad
2752 4375 3065 4437 Civitatem
3098 4376 3261 4437 venit
3301 4374 3659 4447 Cavensem,
3692 4375 3752 4435 in
3802 4393 3925 4456 que

2380 4472 2666 4534 continuo
2686 4469 3005 4541 habitavit,
3035 4477 3095 4530 et
3121 4469 3377 4542 habitat,
3406 4469 3666 4549 exceptis
3692 4467 3930 4532 duobus

2387 4564 2688 4626 mensibus
2712 4560 2954 4623 aestivis
2980 4563 3044 4621 in
3073 4580 3259 4635 anno,
3289 4570 3349 4624 et
3375 4570 3620 4642 excepto
3663 4560 3928 4642 quodam

2381 4660 2615 4738 integro
2632 4667 3191 4735 anno,quemextra
3205 4674 3335 4716 eam
3364 4653 3646 4734 transegit
3665 4674 3928 4718 excausa

2382 4748 2753 4812 infirmitatis
2774 4794 2790 4820 ,
2838 4747 3251 4810 concludendo
3275 4768 3341 4809 se
3375 4748 3601 4809 nescire
3627 4748 3929 4827 quomodo

2382 4846 2706 4926 Episcopus
2729 4843 2956 4904 Massae
2975 4844 3245 4904 Lubren.
3264 4841 3525 4922 potuerit
3553 4840 3925 4902 Matthaeum

2385 4937 2677 5001 Dominici
2708 4935 2904 4996 filium
2928 4937 3349 5016 Presbyteratu
3377 4932 3688 5013 insignire,
3719 4941 3777 4993 et
3798 4933 3925 4995 Au-

2381 5036 2688 5116 gustinum
2743 5030 2873 5109 ejus
2921 5028 3167 5090 fratrem
3218 5025 3495 5088 Ciericali
3545 5033 3787 5085 tonsura
3808 5071 3825 5098 ,
3866 5035 3929 5087 et

2383 5126 2720 5187 minoribus
2773 5122 3109 5185 Ordinibus
3152 5119 3396 5182 initiare
3418 5164 3436 5192 ,
3493 5124 3552 5179 et
3621 5119 3927 5198 quomodo

2383 5240 2544 5281 nunc
2593 5217 2981 5299 praetendere
3026 5213 3210 5297 possit
3259 5212 3370 5293 ipsi
3417 5211 3675 5273 Ordines
3719 5230 3923 5274 sacros

2384 5312 2691 5376 conferre.

2501 5405 2711 5469 Rehta
2748 5403 2814 5467 in
2858 5399 3284 5466 informatione
3323 5396 3603 5481 Episcopi
3642 5396 3932 5464 Cavensis‘
