4393 6299
911 525 1016 582 ³³0

726 689 963 740 cantata
1008 689 1138 740 ante
1163 679 1408 740 Missam
1442 677 1835 739 Parochialem
1855 725 1872 749 ,
1903 679 2015 739 sice
2049 679 2281 749 lectam,

724 775 840 834 sive
883 786 1208 834 cantatam:
1259 782 1318 834 et
1362 791 1711 852 responsum
1763 771 1944 833 fuisse
1993 774 2280 851 negative,

1951 523 2396 593 commones
2436 516 2793 576 csnomcffi

2394 675 2727 742 informare
2754 692 2935 754 super
2970 680 3195 737 asserto
3220 676 3720 757 Jurepatronatus
3763 674 3942 740 Com·

2398 770 2707 832 munitatis
2740 770 2801 830 in
2830 768 3090 831 Ecclesia
3121 770 3183 831 S.
3215 771 3513 852 Agathae,
3542 792 3723 853 super
3767 775 3946 837 modo

725 869 842 928 nisi
893 870 1065 931 aliter
1119 869 1428 948 Episcopus
1481 869 1789 946 disponat,
1839 866 2022 929 salvis
2076 874 2277 928 tamen
2397 864 2746 927 consulendi
2783 865 2911 946 ejus
2956 865 3364 940 indemnitati,
3394 878 3692 947 quatenus
3735 868 3809 929 de
3832 870 3943 930 Ju-

725 962 1257 1034 conventionihus,
1288 972 1344 1023 et
1377 961 1592 1040 pactis,
1616 970 1674 1023 et
1701 961 2036 1022 concordiis
2060 981 2280 1040 appro-

726 1056 884 1118 batis
928 1077 963 1119 a
1011 1057 1162 1118 Sede
1202 1054 1539 1136 Apostolica
1564 1102 1581 1129 ‚
1629 1064 1689 1117 et
1728 1055 2272 1118 Constitutionibus

723 1149 1160 1233 synodalibus,
1184 1158 1245 1212 et
1269 1150 1805 1212 consuetudinibus
1832 1149 2283 1213 immemorabi-

725 1244 926 1318 libus,
974 1245 1068 1308 vel
1110 1244 1320 1306 saltem
1366 1245 1767 1320 centenariis,
1809 1245 1895 1307 uti
1946 1244 2169 1328 legitur
2217 1245 2278 1306 in

721 1338 845 1400 fine
872 1338 1166 1399 dictorum
1204 1338 1603 1400 decretorum.

841 1431 1073 1513 Operae
1112 1432 1371 1513 pretium
1413 1434 1634 1513 pariter
1670 1452 1795 1495 esse
1834 1453 2046 1495 censeo
2085 1433 2277 1494 adno-

723 1534 880 1599 tare,
908 1527 1073 1607 quod
1099 1527 1163 1588 in
1194 1526 1383 1588 Causa
1417 1529 1708 1607 praesenti
1740 1528 1942 1609 agitur
1975 1527 2050 1587 de
2077 1538 2278 1588 reten-

722 1621 884 1684 tione
919 1621 1287 1684 Sacramenti
1331 1622 1433 1683 SS.
1465 1621 1878 1696 Eucharistiae
1910 1620 1970 1682 in
2004 1621 2271 1684 Ecclesia

717 1715 781 1777 S.
809 1717 1112 1799 Agathan,
1143 1726 1201 1778 et
1242 1718 1319 1778 ab
1349 1717 1462 1778 hac
1495 1717 1626 1779 Sac.
1659 1716 2276 1799 Congregationeali-

715 1811 963 1889 quando
991 1811 1280 1892 prodiisse
1306 1811 1570 1884 decreta,
1603 1812 1827 1893 quibus
1854 1813 2229 1892 approbatur
2255 1859 2270 1883 ,

718 1918 785 1966 ut
813 1905 1087 1985 Episcopi
1120 1905 1502 1988 indulgeant,
1534 1907 1695 1987 quod
1725 1907 1787 1968 in
1824 1907 2133 1988 aliquibus
2163 1908 2269 1968 Ec-

720 1997 916 2061 clesiis
958 2020 1077 2061 nou
1117 2000 1571 2064 Parochialibus
1607 2002 1899 2064 asservari
1938 2001 2122 2082 possit
2159 2001 2266 2063 SS.

714 2092 1128 2155 Eucharistiae
1154 2093 1643 2167 Sacramentum,
1673 2094 1803 2155 siae
1850 2102 2048 2156 umen
2094 2114 2270 2175 prae·

708 2186 940 2269 judicio
977 2189 1212 2272 jurium
1256 2190 1574 2250 Rectorum
1623 2188 2026 2251 Ecclesiarum
2081 2190 2270 2250 Paro-

714 2279 1045 2354 chialium,
1091 2281 1250 2343 iutra
1292 2283 1463 2364 cujus
1504 2282 1724 2343 limites
1762 2282 1912 2343 sitae
1954 2293 2135 2355 sunt,
2177 2281 2267 2343 uti

713 2371 973 2437 habetur
999 2377 1063 2436 in
1089 2376 1373 2439 Savonen.
1423 2381 1483 2437 2.
1514 2379 1762 2457 Auqusti
1806 2381 1979 2439 1642.
2015 2378 2113 2437 lib.
2162 2381 2260 2438 17.

711 2469 910 2529 decret.
960 2490 1093 2550 paq.
1143 2477 1241 2532 75.
1293 2492 1331 2533 a
1372 2481 1564 2550 temo,-
1609 2473 1672 2532 in
1722 2468 1950 2534 Ortona
1992 2476 2050 2532 2.
2107 2470 2270 2550 Maji

717 2565 892 2624 1648.
928 2565 1026 2625 lib.
1061 2569 1156 2627 18.
1187 2567 1386 2627 decret.
1418 2587 1550 2647 paq.
1600 2570 1737 2627 471.
1768 2587 1806 2628 a
1841 2577 2032 2646 terqo,·
2062 2569 2125 2627 in
2150 2565 2263 2626 Ja-

709 2673 881 2715 nuen.
920 2661 1015 2718 15.
1046 2658 1208 2737 Maji
1244 2665 1416 2721 1655.
1452 2661 1550 2720 lib.
1589 2664 1682 2721 19.
1715 2661 1914 2721 decret.
1946 2680 2080 2741 paq.
2122 2664 2262 2721 459.

712 2756 770 2810 et
799 2749 1051 2813 ulterius
1076 2753 1155 2814 ab
1184 2752 1298 2815 hac
1324 2754 1530 2814 eadem
1565 2752 1626 2814 S.
1659 2752 2138 2836 congregatione
2167 2753 2264 2815 fu-

714 2842 829 2905 isse
866 2846 1301 2925 approbatum,
1346 2855 1414 2908 ut
1448 2847 1553 2908 SS.
1601 2848 2016 2911 Eucharistiae
2055 2848 2267 2910 Sacra·

712 2946 982 2999 mentum
1026 2948 1481 3002 conservaretur
1503 2941 1579 3018 in
1608 2942 1886 3004 Ecclesiis
1912 2943 2102 3005 etiam
2139 2962 2264 3004 non

712 3031 1208 3107 parochialibus,
1248 3034 1298 3096 si
1341 3035 1421 3098 ab
1464 3035 1928 3098 immemorabili
1970 3036 2156 3099 fuerit
2199 3038 2262 3097 in

711 3123 923 3188 iisdem
950 3135 1350 3204 asservatum,
1383 3129 1470 3191 uti
1499 3128 1756 3192 habetur
1783 3132 1847 3192 in
1875 3129 2261 3211 Neapolitana

711 3224 810 3282 27.
841 3221 1065 3303 Aprilis
1097 3228 1269 3286 1709.
1307 3244 1439 3304 paq.
1471 3229 1606 3286 124.
1642 3227 1740 3286 lib.
1773 3231 1870 3287 59.
1915 3228 2116 3288 decret.
2158 3246 2267 3288 nec

712 3314 774 3375 in
812 3316 924 3378 hoc
960 3316 1303 3379 discordare
1342 3318 1664 3381 Sacrorum
1707 3320 1957 3382 Rituum
1997 3320 2262 3403 Congre-

710 3409 1052 3490 gationem3
1098 3410 1237 3473 licet
1274 3411 1437 3474 enim
1479 3411 1540 3472 in
1584 3412 1968 3493 supracitatis
2013 3414 2267 3476 decretis

710 3504 1081 3584 propositum
1113 3504 1297 3567 fuerit
1329 3525 1488 3566 num.
1527 3512 1626 3568 26.
1673 3527 1931 3587 sequens
1969 3508 2262 3582 dubium,

711 3617 790 3658 an
815 3600 880 3657 in
905 3599 1227 3677 saepedictis
1254 3599 1526 3661 Ecclesiis
1557 3599 2111 3679 Confraternitatum
2132 3651 2146 3674 ,
2176 3624 2267 3664 ne·

710 3710 817 3770 que
862 3689 1297 3763 Parochialibus
1317 3738 1336 3767 ,
1378 3713 1553 3772 neque
1602 3694 1984 3773 Reqularibas
2028 3699 2267 3757 retineri

706 3789 879 3865 possit
919 3784 1037 3846 SS.
1070 3786 1474 3849 Eucharistiae
1509 3786 1944 3850 Sacramentum
1985 3792 2106 3852 sine
2144 3812 2269 3872 spe-

710 3881 852 3940 ciali
891 3878 1124 3942 Indulto
1168 3879 1332 3941 Sedis
1378 3881 1766 3961 Apostotieae,
1811 3890 1872 3945 et
1914 3902 2269 3965 responsum

715 3972 896 4036 fuerit
921 3978 1173 4055 neqative
1192 4022 1208 4049 ,
1241 3974 1540 4056 excipitur
1582 3984 1786 4039 tamen
1816 3995 1988 4039 casus
2018 3998 2268 4040 consue-

709 4067 940 4130 tudinis
983 4070 1521 4144 immemorabilis,
1569 4070 1665 4133 vel
1712 4072 2130 4146 centenariae,
2175 4072 2264 4135 uti

712 4181 895 4243 supra
926 4163 1149 4225 dictum
1179 4172 1289 4226 est.

834 4257 997 4319 Haec
1034 4268 1215 4332 sunt,
1257 4277 1414 4339 quae
1454 4259 1791 4322 existimavi
1831 4261 2119 4322 adnotatu
2162 4278 2269 4321 ne-

713 4351 968 4413 cessaria
986 4398 1003 4425 ‚
1034 4359 1095 4414 et
1134 4352 1197 4414 in
1230 4352 1481 4433 reliquis
1507 4353 1816 4416 remissive
1845 4374 1940 4415 me
1966 4353 2164 4416 habeo
2191 4354 2268 4416 ad

705 4444 848 4526 jura
880 4445 1023 4508 hinc
1051 4446 1193 4509 iude
1218 4445 1592 4508 deducenda.

831 4540 918 4601 De
956 4540 1052 4601 his
1095 4549 1294 4604 actum
1338 4540 1457 4603 fuit
1496 4541 1557 4602 in
1589 4541 1702 4604 hac
1744 4539 2265 4624 Congregationeg

711 4650 970 4713 cumque
995 4634 1482 4697 animadversum
1507 4635 1691 4697 fuerit
1710 4690 1724 4710 ,
1747 4636 1908 4716 quod
1933 4635 1981 4696 si
2006 4634 2271 4697 Ecclesia

711 4725 1080 4788 Parochialis
1102 4727 1163 4788 S.
1188 4728 1510 4791 Clementis
1533 4728 1847 4791 transferri
1874 4730 2162 4809 potuisset
2187 4728 2265 4790 ad

711 4819 1033 4882 Ecclesiam
1065 4822 1127 4883 S.
1161 4822 1460 4903 Agathae,
1498 4833 1675 4904 prout
1716 4832 2077 4885 censuerant
2102 4824 2269 4885 Visi-

716 4906 963 4989 tatores,
999 4922 1059 4979 et
1086 4916 1612 4979 Eminentissimus
1644 4917 2006 4979 Ordinarius
2050 4937 2268 4999 appro-

714 5007 997 5083 baverat,
1035 5010 1337 5073 extinctae
1376 5011 1806 5074 remansissent
1842 5030 2051 5073 omnes
2097 5012 2267 5086 lites,

711 5112 772 5164 et
830 5103 1065 5167 inutilis
1121 5104 1330 5167 fuisset
1388 5106 1885 5186 subsequentium
1937 5106 2267 5168 dubiorum

710 5194 1067 5277 disputati0‚
1096 5199 1451 5279 rescriptum
1481 5198 1595 5260 fuit
1623 5201 1845 5271 dilata,
1876 5210 1927 5260 el
1954 5201 2102 5279 quod
2123 5202 2267 5260 scri·

715 5289 934 5351 ber-etur
983 5291 1444 5354 Eminentissimo
1484 5294 1800 5355 Ordinario
1831 5295 2016 5372 juxta
2059 5295 2271 5354 instra·

714 5387 970 5445 ctionem.

837 5477 1024 5541 Porro
1062 5479 1377 5542 instructio
1417 5479 1566 5557 fuit,
1609 5489 1676 5543 ut
1720 5481 1878 5544 idem
1915 5480 2267 5563 dignaretur

2395 968 2813 1041 repatronatus
2843 967 3171 1033 constaret,
3204 969 3260 1022 et
3307 979 3383 1022 an
3412 964 3716 1042 supposita
3747 974 3944 1027 trans·

2392 1053 2616 1116 latione
2642 1053 2939 1116 Ecclesiae
2965 1054 3027 1116 S.
3058 1054 3380 1117 Clementis
3410 1056 3485 1117 ad
3521 1056 3843 1119 Ecclesiam
3874 1059 3939 1120 S.

2392 1149 2693 1231 Agathae,
2725 1169 3036 1211 remanere
3073 1158 3263 1230 posset
3293 1150 3357 1211 in
3386 1151 3649 1214 Ecclesia
3689 1152 3750 1212 S.
3783 1153 3944 1236 Aga-

2396 1241 2537 1306 thae
2565 1243 3037 1306 Confraternitas
3063 1243 3124 1304 S.
3159 1245 3464 1320 Monicae,
3496 1265 3654 1326 quae
3688 1266 3846 1308 nunc
3873 1247 3943 1309 iu

2392 1357 2462 1400 ea
2501 1337 2737 1410 existit,
2773 1348 2832 1400 et
2878 1358 2954 1399 an
3002 1338 3264 1402 Ecclesia
3308 1340 3678 1402 Parochialis
3713 1341 3773 1401 S.
3805 1341 3941 1404 Cle·

2395 1432 2610 1495 mentis
2636 1432 2699 1494 in
2726 1452 2864 1495 casu
2895 1434 3304 1496 translationis
3330 1435 3556 1497 destrui
3587 1435 3859 1511 deberet,
3882 1444 3943 1499 et

2390 1527 2721 1608 profanari.

2507 1622 3032 1685 Eminentissimus
3062 1623 3425 1686 Ordinarins
3463 1624 3526 1686 in
3556 1645 3663 1688 sua
3695 1644 3943 1708 respon-

2385 1714 2553 1777 sione
2582 1716 2817 1797 iuquit,
2849 1736 2972 1778 non
2999 1737 3124 1779 esse
3151 1718 3554 1806 dubitandum
3594 1720 3671 1782 de
3695 1720 3943 1802 Jurepa-

2390 1816 2662 1872 tronatus
2690 1809 3153 1872 Communitatis
3193 1811 3255 1871 S.
3288 1810 3611 1874 Clementis
3640 1813 3703 1873 in
3736 1814 3943 1877 Eccle-

2385 1905 2471 1966 sia
2500 1903 2561 1964 S.
2596 1905 2866 1986 Agathae
2889 1950 2906 1978 ,
2939 1925 3076 1967 cum
3106 1904 3257 1966 illud
3291 1906 3536 1969 resultet
3562 1928 3639 1970 ex
3687 1908 3946 1987 publicis

2386 1998 2792 2073 documentis,
2823 2007 2883 2061 et
2912 2019 2987 2061 ex
3017 2000 3494 2080 praesentatione
3516 2001 3807 2077 Rectoris,
3834 2021 3944 2064 seu

2383 2091 2727 2154 Beneficiati
2748 2139 2765 2166 ‚
2793 2112 2952 2173 quae
2974 2092 3091 2155 fuit
3112 2113 3345 2174 semper
3368 2094 3446 2155 ab
3470 2093 3815 2157 Ordinariis
3843 2096 3945 2158 ad·

2387 2185 2583 2247 missa.
2609 2186 2955 2248 Transitum
2980 2186 3254 2249 faciendo
3277 2188 3352 2248 ad
3372 2187 3941 2252 confraternitatem

2383 2281 2445 2340 S.
2485 2280 2798 2354 Monicae',
2845 2281 2931 2343 ait
2969 2281 3498 2345 Eminentissimus
3542 2283 3943 2360 Ordinarius,

2386 2393 2506 2436 non
2547 2385 2823 2450 constare
2866 2376 2942 2436 de
2985 2377 3115 2458 ejus
3154 2377 3446 2440 canonica
3494 2379 3793 2441 erectione
3819 2425 3836 2454 ,
3880 2388 3941 2443 et

2378 2487 2505 2530 esse
2564 2470 2761 2550 potius
2816 2470 3314 2550 conspirationem
3386 2492 3677 2553 vagorum
3741 2474 3945 2549 Quae-
3978 2536 3988 2544 ,

2376 2564 2750 2638 stuantium,
2795 2585 2980 2645 quam
3023 2565 3185 2647 piam
3232 2566 3835 2641 confraternitatem,
3877 2576 3940 2632 et

2375 2657 2440 2719 in
2467 2678 2572 2730 eo,
2603 2659 2764 2740 quod
2792 2660 3009 2722 attinet
3033 2661 3108 2722 ad
3139 2659 3464 2723 Ecclesiam
3494 2661 3555 2723 S.
3589 2660 3940 2737 Clementis,

2374 2752 2578 2814 subdit
2609 2755 2737 2835 ejus
2765 2754 3198 2834 reaptationem
3229 2775 3356 2817 esse
3385 2756 3694 2819 moraliter
3725 2758 3943 2837 impos·

2376 2845 2616 2908 sibilem
2661 2858 2904 2927 propter
2931 2847 3391 2911 instabilitatem
3421 2850 3569 2923 soli,
3616 2860 3673 2911 et
3703 2850 3789 2913 sic
3815 2870 3948 2913 esse

2373 2941 2824 3019 approbandam
2850 2942 2979 3021 ejus
3005 2941 3504 3013 destructionem,
3540 2964 3617 3005 ne
3659 2943 3720 3004 in
3752 2953 3940 3024 poste-

2376 3050 2513 3093 rum
2552 3032 2847 3095 inserviat
2899 3052 3009 3114 pro
3049 3036 3479 3096 Armentorum
3526 3035 3937 3116 receptaculo,

2376 3134 2435 3188 et
2481 3136 2785 3189 caementa
2831 3123 3119 3207 applicari
3173 3146 3342 3208 posse
3393 3147 3501 3209 pro
3549 3128 3944 3210 ampliatione

2377 3222 2589 3284 domus
2611 3221 2911 3285 Ecclesiae
2935 3224 2995 3284 S.
3026 3223 3295 3305 Agathae
3313 3269 3330 3296 ‚
3358 3233 3423 3285 ut
3448 3224 3509 3284 in
3534 3243 3602 3286 ea
3624 3226 3937 3288 commode

2379 3316 2656 3379 habitare
2684 3317 2925 3380 valeant
2972 3325 3094 3380 tam
3131 3318 3469 3391 Parochus,
3514 3338 3696 3399 quam
3724 3321 3941 3381 Rector

2378 3410 2694 3485 Beneficii,
2724 3411 2882 3474 facto
2911 3431 3228 3474 murorum
3258 3412 3661 3475 circumdario
3689 3413 3764 3474 ad
3797 3412 3942 3474 Coe-

2379 3506 2694 3568 meterium
2717 3554 2734 3578 ,
2764 3515 2822 3570 et
2871 3508 3090 3569 Aream
3138 3506 3438 3577 Ecclesiae
3474 3507 3537 3567 S.
3576 3505 3939 3578 Clementis,

2377 3618 2454 3661 ue
2504 3600 2655 3662 situs
2705 3600 2811 3663 ille
2864 3598 3165 3682 profanis,
3202 3610 3262 3664 et
3298 3600 3453 3662 forte
3481 3600 3661 3662 etiam
3699 3600 3941 3662 obscoe-

2377 3693 2471 3756 nis
2498 3694 2839 3757 actionibus
2873 3704 3094 3776 pateat.
3362 3770 3365 3771 ⁷

2494 3789 2658 3851 Haec
2696 3799 2860 3861 sunt,
2899 3810 3058 3870 quae
3109 3789 3498 3852 continentur
3538 3788 3602 3851 in
3640 3788 3939 3851 informa·

2379 3881 2541 3944 tione
2555 3881 2690 3943 Emi
2699 3882 3031 3945 acutissimi
3065 3882 3375 3946 Ordinarii
3402 3904 3419 3957 ;
3448 3882 3731 3963 quocirca
3752 3902 3939 3965 quae·

2376 3976 2541 4038 ritur
2573 3997 2589 4037 :

2496 4071 2547 4132 1.
2581 4072 2676 4132 An
2703 4072 2963 4133 Ecclesia
2994 4069 3355 4131 Parochialis
3403 4068 3473 4129 S.
3504 4069 3807 4132 Clementis
3861 4071 3940 4130 sit

2376 4166 2775 4245 supprimenda
2806 4212 2822 4234 ,
2867 4173 2916 4223 et
2949 4164 3338 4241 transferenda
3375 4165 3451 4224 acl
3498 4163 3813 4225 Ecclesiam
3857 4160 3929 4224 S.

2376 4257 2675 4338 Aqathae?
2710 4259 2790 4318 Et
2821 4270 3101 4337 quatenus
3129 4261 3423 4336 negative:

2495 4351 2578 4413 11.
2613 4354 2707 4413 An
2734 4352 3055 4432 Campana,
3088 4353 3287 4430 dequo
3320 4353 3555 4430 aqitur,
3589 4354 3660 4412 sit
3693 4353 3938 4433 pulsan-

2378 4448 2452 4509 da
2482 4451 2544 4508 in
2564 4449 2822 4508 omnibus
2845 4447 3229 4525 functionibus
3250 4445 3665 4508 Ecclesiasticus
3696 4446 3939 4507 arbitrio

2377 4542 2627 4602 Rectoris
2650 4540 2719 4601 S.
2751 4540 3032 4618 Ayathae.
3426 4606 3429 4609 Α

2497 4634 2609 4695 ΙΙΙ.
2637 4634 2734 4694 An
2760 4637 2825 4694 in
2846 4634 2999 4696 dicta
3041 4634 3297 4694 Ecclesia
3323 4636 3435 4695 sint
3468 4633 3766 4714 sepeliendi
3784 4650 3933 4690 mor-

2380 4730 2470 4790 tui
2491 4730 2745 4790 habentes
2781 4730 2844 4788 in
2867 4746 2931 4788 ea
2975 4726 3319 4806 Sepulturas
3355 4728 3525 4788 etiam
3571 4727 3739 4786 nulla
3774 4724 3931 4801 facta

2378 4824 2656 4894 electione,
2680 4843 2780 4883 seu
2809 4822 3189 4882 declaratione
3211 4868 3228 4892 ,
3268 4823 3442 4881 sicuti
3469 4822 3581 4882 alii
3610 4819 3934 4879 indistincte

2378 4919 2524 4979 inibi
2549 4919 2810 4996 eliqentes
2842 4914 3243 4997 Sepulturam,
3268 4926 3319 4975 et
3341 4917 3668 4994 praesertim
3697 4911 3932 4974 Sodales

2383 5011 2889 5091 Confraternitatis
2918 5013 2982 5069 in
3005 5012 3158 5071 dicta
3198 5010 3455 5070 Ecclesia
3485 5018 3710 5069 erectae.

2492 5105 2596 5165 JV.
2632 5105 2727 5165 An
2752 5114 2881 5165 ante
2918 5105 3161 5165 B.··'ssam
3190 5103 3583 5165 Parochialem
3626 5102 3816 5161 diebus
3844 5102 3930 5179 fe-

2374 5201 2475 5261 stis
2507 5202 2691 5261 valeat
2720 5200 2918 5260 Rector
2949 5198 3018 5259 S.
3054 5198 3308 5277 Aqathae
3336 5197 3608 5257 celebrare
3633 5237 3650 5254 .

2505 5293 2566 5353 V.
2613 5293 2708 5353 An
2729 5296 2793 5354 in
2816 5294 2969 5355 dicta
2993 5291 3253 5352 Ecclesia
3290 5291 3462 5370 possit
3490 5289 3726 5349 retineri
3779 5286 3931 5348 Con-

2375 5388 2696 5465 l'essionale,
2731 5398 2781 5448 et
2813 5387 3111 5466 Presbyter
3173 5386 3352 5445 dictae
3400 5382 3686 5443 Ecclesiae
3725 5383 3928 5443 audire

2377 5479 2754 5560 Confessienes
2774 5478 2945 5541 eidem
2963 5480 3217 5561 confiteri
3237 5477 3566 5548 volentium,
3580 5486 3629 5538 et
3651 5485 3926 5556 quatenus
