4393 6299
1678 459 2144 534 'QuAEsrto
2198 461 2471 528 (locvm.
3359 482 3461 536 ΑΜ

462 608 684 671 tionem
710 605 1026 669 declarari:
1050 606 1144 667 An
1161 605 1508 689 hujusmodi
1538 608 1992 677 Matrimonium
2099 615 2347 699 jugibus
2379 619 2705 703 assignaret
2749 623 2821 685 nd
2851 645 3061 689 eorum
3091 631 3237 693 Jura
3267 653 3467 697 eoram
3510 639 3637 719 ipso

458 705 534 765 sit
558 703 824 775 nullum,
848 699 942 761 vel
970 701 1236 763 validum
1260 745 1276 763 .

538 801 638 857 Dic
672 801 768 857 22.
804 795 1102 857 Februarii
1125 801 1296 857 1631.
1332 797 1514 860 Sacra
1542 809 1642 861 ete.
1670 797 1992 863 madum

448 915 516 955 ca
542 943 556 963 ,
590 911 730 971 quac
756 901 1178 972 proponuntur,
1218 891 1448 953 Censuit
1478 913 1584 955 esse
1612 897 1866 957 nullum.

450 1199 518 1259 In
542 1219 660 1261 una
698 1197 1026 1259 Urbinatsn.
1084 1201 1138 1257 1.
1172 1195 1482 1259 Decembris
1514 1201 1686 1259 1640.
1734 1201 1830 1259 tib.
1886 1207 1978 1261 16.

682 1293 896 1353 Deci-et.
924 1311 1052 1371 paq.
1082 1295 1218 1351 1456.
1254 1313 1292 1355 u
1320 1301 1504 1371 ter-qo,
1532 1299 1744 1355 01457.

442 1421 836 1541 Urbinaten.
870 1478 1178 1541 Nullitatis
1204 1481 1614 1553 Matrimonii.
1646 1481 1822 1547 Sacra
1858 1457 1970 1547 etc.

438 1573 816 1637 Inhaerendo
842 1573 1346 1635 declarationibus
1366 1573 1520 1637 alias
1542 1575 1714 1641 factis
1732 1597 1978 1659 respon-

436 1669 558 1737 dit,
596 1667 930 1729 Parochum
956 1667 1240 1729 Ruralem
1268 1689 1392 1729 non
1438 1687 1566 1733 esse
1614 1673 1926 1753 proprium
1954 1721 1970 1745 ,

2101 711 2475 787 deducenda,
2493 715 2725 795 istaque
2752 717 2969 783 deinde
3003 743 3121 787 una
3147 745 3283 787 enm
3307 729 3493 791 animi
3543 733 3637 793 sui

2103 803 2405 867 Sententia
2431 807 2701 883 referret,
2723 819 2783 871 et
2807 811 3049 875 interim
3081 817 3269 880 dictos
3297 829 3639 901 praetensos

2039 940 2040 943 κ
2103 897 2393 979 conjuges
2419 913 2719 981 separaret
2741 947 2757 963 .

2219 995 2481 1055 Decreto
2523 997 2723 1075 paruit
2765 999 3258 1085 Archiepiscopus
3279 1051 3295 1067 .
3327 1011 3402 1071 At
3431 1013 3641 1075 asserti

2109 1085 2401 1167 Conjuges
2431 1089 2493 1149 in
2523 1091 2781 1166 termino
2803 1093 2915 1155 sibi
2941 1099 3209 1177 praefixo
3231 1103 3319 1163 nil
3353 1105 3521 1167 aliud
3547 1107 3639 1169 al-

2101 1179 2421 1259 legarunt,
2453 1183 2565 1243 nisi
2597 1194 2841 1247 eatenus
2865 1189 2941 1250 ad
2965 1191 3183 1255 dictam
3229 1197 3477 1259 Terram
3507 1219 3641 1281 per-

2117 1273 2363 1347 rexisse,
2391 1285 2687 1355 quatenus
2719 1279 2833 1341 fuit
2861 1281 2973 1343 sihi
3003 1285 3401 1367 significatum
3447 1297 3635 1377 majo-

2105 1385 2231 1425 rem
2256 1367 2380 1429 illic
2403 1379 2755 1451 experturos
2767 1373 2893 1435 fore
2903 1375 3247 1442 facilitatem
3275 1387 3636 1451 contrahen-

2105 1461 2165 1521 di
2203 1461 2657 1527 Matrimonium
2673 1515 2691 1537 ,
2713 1471 2875 1549 quod
2899 1471 3153 1551 proinde
3169 1485 3367 1541 censet
3385 1481 3636 1547 minime

2097 1555 2377 1617 sustineri
2399 1601 2417 1617 .

2225 1651 2547 1731 Reliquum
2571 1663 2663 1717 est
2683 1655 2893 1737 igitur,
2920 1667 2989 1721 ut
3015 1661 3483 1729 Eminentissimi
3512 1669 3625 1731 PP.

432 1771 494 1823 et
525 1781 736 1823 verum
764 1759 1096 1823 Parocbum
1120 1805 1136 1833 ,
1175 1761 1418 1841 quando
1450 1763 1576 1825 Rus
1626 1763 1752 1825 itur
1800 1785 1978 1829 causa
2085 1745 2405 1807 decernam
2433 1765 2447 1805 ²

434 1855 852 1927 recreationis,
880 1855 976 1915 vel
1000 1873 1110 1935 pro
1136 1855 1458 1917 rusticanis
1490 1855 1744 1937 negotiis
1766 1879 1784 1931 ;
1810 1861 1974 1921 ideo-

432 1969 552 2029 que
572 1947 1022 2011 Matrimonium
1046 1947 1246 2009 valide
1266 1964 1470 2010 ceram
1496 1949 1838 2031 hujusmodi
1864 1955 1970 2017 Pa·

428 2041 612 2105 rocho
630 2039 918 2103 celebrari
942 2057 1064 2099 non
1092 2057 1284 2119 posse3
1308 2041 1590 2103 Partibus
1610 2051 1810 2105 tamen
1834 2045 1974 2107 den-

428 2143 530 2197 tur
556 2133 986 2195 declarationes
1006 2133 1294 2213 antiquae
1316 2135 1572 2197 scilieet.

544 2225 614 2287 In
638 2245 760 2287 una
780 2225 1158 2287 Florentius.
1184 2225 1362 2289 Sacra
1384 2235 1496 2303 etc.
1530 2231 1782 2303 censuit,
1808 2233 1972 2311 quod

426 2319 728 2383 Parochus
784 2317 1024 2381 Ruralis
1070 2337 1194 2379 non
1244 2327 1334 2383 est
1388 2339 1568 2383 verus
1622 2321 1966 2399 Pal-ochus,

424 2413 667 2495 quando
696 2414 820 2475 Rus
860 2413 988 2473 itur
1032 2429 1208 2475 causa
1244 2413 1670 2491 recreationis,
1714 2417 1814 2479 vel
1860 2437 1972 2501 pro

422 2507 740 2569 rusticanis
774 2505 1026 2587 negotiis
1048 2549 1066 2567 .

540 2601 610 2663 In
640 2599 988 2663 Florentius
1010 2599 1288 2663 similiter
1308 2645 1326 2663 .
1355 2599 1536 2667 Sacra
1578 2613 1690 2665 etc.
1720 2623 1968 2687 respou-

421 2695 548 2769 dit,
598 2693 945 2757 Parochum
984 2693 1274 2755 Ruralem
1312 2715 1436 2759 non
1482 2715 1608 2759 esse
1650 2701 1964 2781 proprium

420 2787 794 2859 Par-ochum,
836 2787 1092 2867 ideoque
1135 2787 1592 2855 Matrimonium
1636 2811 1838 2857 eoram
1894 2813 1964 2857 eo

416 2881 782 2945 celebratum
812 2881 996 2943 fuisse
1022 2881 1260 2943 nullum
1278 2927 1296 2943 .

534 2977 606 3035 In
630 2993 750 3037 una
774 2973 1032 3037 Abuleu.
1058 2973 1238 3039 Sacra
1264 2983 1374 3037 etc.
1410 2977 1654 3041 Censuit
1700 2999 1824 3043 non
1852 2947 1960 3045 va-

416 3070 540 3132 lere
558 3070 1016 3132 Matrimonium
1044 3078 1416 3132 contractum
1456 3092 1658 3136 coram
1691 3076 1960 3140 Par-ocho

414 3164 554 3226 Loci
574 3209 590 3236 ,
620 3162 724 3224 ubi
760 3162 1190 3226 contrahentes
1216 3166 1604 3246 reperiuntur
1622 3216 1640 3244 ,
1672 3190 1796 3232 non
1822 3172 1956 3234 ani-

410 3276 512 3320 mo
542 3257 630 3320 ibi
660 3256 1044 3320 Domicilium
1070 3258 1496 3324 contrahendi.

404 3578 478 3640 In
494 3598 612 3642 unu
626 3578 900 3642 Reatina
918 3563 1288 3642 Matrimonia·
1306 3586 1398 3644 13.
1416 3582 1746 3648 Novembris
1772 3592 1946 3651 1683.

444 3674 540 3736 tie.
574 3678 672 3736 23.
702 3672 919 3736 Decret.
942 3694 1076 3756 paq.
1108 3678 1244 3736 336.
1270 3696 1308 3740 a
1330 3686 1512 3758 τεν-90,
1538 3690 1590 3740 et
1604 3700 1738 3760 pay.
1768 3686 1904 3744 337.

410 3818 746 3940 Theatina
765 3876 1160 3940 Matrimonii.
1198 3878 1512 3944 Dominico
1537 3882 1816 3946 Antonio
1838 3884 1947 3946 Co-

398 3967 628 4028 radetto
656 3968 784 4030 Civi
806 3966 1100 4032 Tbeatino
1122 4016 1147 4044 ,‚
1174 3972 1558 4054 etpAntopniae
1580 3976 1656 4038 de
1690 3976 1944 4042 Civitate

400 4062 740 4124 Pennarum
778 4062 996 4124 Incolis
1016 4064 1250 4128 Tbeaui
1300 4068 1762 4134 Matrimonium
1800 4092 1944 4136 cou-

392 4154 632 4216 trahere
650 4154 1148 4232 desiderantibus,
1170 4178 1476 4226 assensum
1497 4164 1944 4248 denegavitAr-

398 4246 807 4328 chiepiscopus
828 4293 849 4322 ,
884 4268 956 4310 eo
988 4251 1151 4330 quod
1194 4252 1416 4318 Mulier
1440 4256 1672 4320 debitas
1700 4268 1942 4324 attesta-

396 4342 588 4404 tiones
614 4348 802 4404 status
822 4342 1000 4404 liberi
1034 4363 1154 4412 nou
1182 4340 1530 4414 exhibuerit
1554 4372 1574 4426 ς
1598 4347 1602 4351 ’
1624 4369 1748 4434 quo
1786 4354 1944 4418 circa

394 4434 650 4518 praefati
676 4434 812 4508 Vir,
834 4445 896 4500 et
916 4435 1140 4500 Mulier
1168 4440 1254 4503 ad.
1274 4442 1522 4517 Terram
1545 4444 1742 4512 Ferae
1762 4448 1942 4512 Filio-

392 4550 532 4594 rum
561 4528 722 4592 Petri
750 4538 1158 4610 nuncupatam
1191 4532 1412 4606 Abbati
1462 4534 1692 4600 Montis
1738 4540 1940 4604 Casini

390 4621 716 4706 subjectam
746 4640 810 4684 se
836 4622 1218 4698 contuleruut
1242 4670 1268 4704 ,·
1296 4626 1504 4708 ibique
1532 4648 1640 4710 per
1668 4630 1940 4696 triduum

392 4714 744 4780 commorati
790 4714 1250 4782 Matrimonium
1287 4716 1680 4786 celebrarunt
1738 4744 1941 4788 coram

390 4810 660 4887 Par-ocho
696 4808 870 4882 Loci,
906 4808 1169 4890 praevia·
1194 4810 1345 4876 Fide
1390 4812 1654 4879 duorum
1692 4818 1936 4888 Civium

390 4904 824 4971 Tbeatinorum
836 4920 1016 4984 super
1038 4921 1249 4987 eorum
1270 4912 1454 4982 statu,
1478 4916 1544 4972 et
1558 4906 1748 4988 illico,
1770 4930 1936 4978 nem-

390 5016 464 5078 po
494 5004 714 5079 «rnatu
736 4994 843 5078 die,
860 4994 1173 5079 1⁸¹²oean
1206 4997 1552 5076 ,redierunt-
1902 5078 1908 5086 .

504 5088 866 5172 Huj'nsmodi
895 5088 1048 5154 fecti
1072 5089 1408 5167 ,εει-16111101·
1426 5094 1726 5180 supplices
1750 5098 1929 5164 libel-

2207 1839 2303 1899 An
2337 1841 2803 1905 Matrimonium
2841 1845 3185 1927 hujusmodi
3211 1851 3291 1915 sit
3313 1839 3581 1919 validum
3609 1905 3627 1931 ,

2087 1931 2183 1993 vel
2215 1933 2412 2011 potius
2439 1935 2677 1995 nullum
2699 1981 2715 1997 .

2213 2027 2319 2087 Die
2345 2039 2447 2089 etc.
2471 2027 2659 2091 Sacra
2683 2041 2785 2091 etc.
2817 2033 3121 2115 Respondit
3141 2057 3247 2099 csse
3267 2043 3495 2105 nullum
3521 2089 3539 2103 .

2093 2345 2163 2407 In
2189 2367 2309 2409 una
2339 2349 2613 2411 Bovium.
2645 2351 3135 2445 Matrimoniidic
3159 2365 3217 2419 7.
3259 2361 3621 2443 Septembris,

2171 2453 2223 2503 et
2251 2447 2351 2503 28.
2381 2445 2621 2523 ejusdem
2643 2449 2841 2507 mensis
2863 2469 3015 2511 anno
3041 2455 3213 2515 1697.
3249 2457 3345 2517 lib.
3385 2461 3483 2521 47.
3509 2459 3621 2523 De-

2165 2545 2301 2597 crct.
2327 2557 2465 2619 pag.
2492 2541 2561 2599 tt
2572 2545 2631 2599 6.
2664 2549 2737 2599 ct.
2763 2543 2903 2603 453.

2075 2701 2157 2813 B
2177 2752 2419 2819 cirinen.
2443 2757 2835 2821 Matrimonii.
2863 2761 3323 2849 Marcus-Atetta
3349 2775 3525 2831 natus
3555 2769 3619 2833 in

2087 2847 2343 2911 Civitate
2386 2849 2601 2915 Bovini
2651 2861 2785 2933 post
2829 2853 3169 2919 defunctam
3205 2855 3461 2939 primam
3489 2865 3623 2947 ejus

2095 2941 2357 3005 Uxorem
2385 2945 2449 3005 in
2475 2945 2731 3009 Ciuitate
2753 2947 2953 3021 Sancti
2981 2950 3209 3023 Severi,
3237 2959 3621 3021 consuetudi·-

2085 3055 2219 3100 nem
2239 3037 2465 3102 habere
2483 3041 2677 3122 coepit
2697 3041 2761 3102 in
2789 3041 3025 3124 Oppido
3047 3045 3305 3128 Foggiae
3322 3051 3619 3114 Dioeeesis

2069 3132 2363 3214 Trojanae
2383 3142 2520 3196 cum
2539 3132 2771 3196 Ioanna
2791 3136 2979 3216 Spera
3001 3140 3255 3203 muliere
3271 3146 3613 3226 conjugata,

2067 3242 2253 3304 quam
2277 3226 2341 3286 in
2351 3234 2507 3288 statu
2529 3228 2958 3290 concubinatus
2977 3230 3201 3292 ibidem
3213 3234 3463 3298 retinuit
3481 3256 3614 3318 spa-

2073 3318 2156 3380 tio
2207 3338 2507 3382 annorum
2531 3328 2777 3402 septem.
2812 3324 3109 3386 Reversus
3133 3328 3511 3408 postmodum
3535 3332 3615 3396 ad

2069 3414 2337 3478 Patriam
2359 3434 2481 3478 una
2509 3414 2558 3476 si
2567 3416 2691 3476 mul
2711 3436 2847 3478 cum
2867 3416 3025 3480 dicta
3053 3418 3287 3484 Joanna
3305 3424 3615 3488 continua·-

2061 3508 2151 3570 vit
2179 3508 2245 3570 in
2293 3510 2502 3570 eodem
2527 3510 2929 3592 concubinatu
2949 3532 3057 3592 per
3077 3512 3229 3576 alios
3259 3518 3607 3598 quindecim

2059 3622 2273 3676 annos,
2297 3591 2613 3664 venditans
2633 3602 2799 3684 apud
2817 3624 3045 3680 omnes,
3063 3606 3281 3682 dictam
3307 3612 3605 3680 Joannam

2061 3714 2193 3758 esse
2247 3696 2363 3760 sibi
2411 3696 2473 3758 in
2521 3696 2907 3762 Matrimonii)
2955 3702 3225 3780 junctam
3241 3748 3257 3764 .
3293 3704 3613 3788 Comperto

2059 3800 2263 3854 autem
2289 3810 2397 3872 per
2413 3792 2721 3854 Decanum
2745 3792 3033 3856 Curatum
3059 3794 3451 3876 Cathedralis‚
3473 3804 3611 3866 nul-

2059 3884 2189 3946 lum
2213 3886 2369 3946 iuter
2397 3904 2509 3946 eos
2535 3883 2743 3948 extare
2767 3886 3223 3954 Matrimonium
3247 3938 3265 3964 ,
3313 3894 3609 3978 injuncta-

2061 3998 2181 4060 que
2207 3998 2315 4060 per
2359 3978 2721 4060 Episcopum
2767 3982 3163 4062 separatione,
3212 3986 3607 4054 decreverunt

2069 4072 2229 4134 inter
2255 4091 2317 4134 se
2339 4072 2415 4134 ad
2443 4072 2599 4134 illud
2625 4072 2867 4136 realiter
2885 4074 3169 4142 devenire
3193 4100 3213 4154 ς
3263 4088 3325 4144 at
3353 4102 3475 4146 non
3497 4082 3605 4150 ha-

2007 4171 2008 4174 ’
2066 4166 2275 4230 bentes
2299 4166 2479 4228 fidem
2501 4186 2539 4228 ο
2555 4166 2719 4228 bitus
2745 4168 2927 4248 primi
2951 4170 3085 4232 Viri
3109 4174 3607 4252 praefatae-loan-

2055 4276 2191 4332 uae,
2211 4260 2393 4322 ambo
2419 4260 2497 4320 de
2527 4276 2735 4349 mense
2761 4260 3037 4350 Octobris
3083 4270 3259 4328 1692.
3311 4264 3601 4354 Poggium

2051 4370 2115 4414 se
2129 4352 2523 4414 contulerunt
2543 4352 2753 4416 animo
2775 4356 3173 4420 contrahendi
3199 4360 3351 4424 inibi
3381 4362 3599 4428 Matri-

2053 4446 2347 4520 monium,
2379 4466 2573 4528 eoque
2607 4456 2861 4528 sequuto
2899 4448 3063 4512 illico
3089 4454 3395 4536 repetendi
3421 4458 3597 4520 Bovi-

2051 4542 2199 4602 num
2222 4586 2241 4614 ,
2293 4546 2361 4604 ut
2393 4536 2598 4602 coram
2627 4542 2903 4606 Tesuhus
2945 4542 3069 4606 fide
3115 4544 3315 4630 dignis
3335 4594 3355 4624 ‚
3382 4555 3445 4614 et
3467 4558 3595 4618 tota

2047 4634 2271 4702 vicinia
2288 4634 2681 4696 declararunt
2697 4654 2719 4694 ε
2771 4636 2873 4698 sed
2895 4644 3213 4720 postquam
3239 4644 3593 4710 commorati

2047 4726 2287 4790 fuerant
2313 4746 2421 4810 per
2447 4731 2671 4810 paucos
2701 4728 2913 4792 diesin
2941 4730 3101 4794 dicto
3127 4730 3281 4810 loco,
3307 4736 3593 4806 simulata

2005 4836 2006 4839 ’
2045 4842 2153 4904 per
2174 4822 2447 4885 Marcum
2475 4822 2725 4886 mortali
2757 4822 3133 4900 infirmitate,
3175 4830 3423 4916 praevio
3445 4852 3591 4898 exa..

2047 4914 2211 4978 mine
2231 4914 2415 4978 trium
2463 4914 2737 4978 Testium
2783 4934 2967 4998 super
3009 4924 3169 4983 statu
3203 4920 3589 5007 liberolutri-

2043 5026 2255 5090 usque,
2269 5002 2871 5092 praemissis'duabus
2895 5006 3133 5074 tantum
3155 5014 3587 5103 Denunciatio-

2043 5102 2245 5180 nibus,
2287 5102 2539 5177 fuerunt
2565 5100 2643 5174 de
2686 5100 2931 5178 licentia
2958 5104 3239 5190 Episcopi
3266 5108 3333 5172 in
3379 5112 3589 5180 Mau-i.

394 5182 486 5250 los
504 5182 777 5253 relauin
800 5182 1276 5268 congregatione
1294 5184 1508 5254 habita
1534 5190 1744 5260 1111117.
1774 5192 1932 5258 Just
2037 5194 2311 5258 monium
2361 5194 2628 5280 copulati
2683 5196 2765 5260 ab
2817 5196 3357 5284 Archtpresbytero
3415 5204 3585 5274 illius

510 5259 514 5277 J
1232 5266 1238 5274 a

390 5278 668 5357 proxime
686 5276 1016 5373 praeteriti,
1048 5278 1408 5362 rescriptum
1451 5281 1572 5362 fuit
1610 5271 1928 5371 Archiepi-

386 5386 586 5452 scopo,
606 5378 678 5434 ut
700 5388 1034 5454 congruum
1058 5370 1384 5455 terminum
1404 5377 1742 5460 praetensis
1766 5379 1924 5451 Cim-=

2037 5288 2181 5356 Loci

2111 5459 2115 5463 .
2151 5331 2345 5455 Biduo
2373 5390 2510 5468 ¹pout
2525 5382 2753 5448 reversi
2773 5384 2855 5450 ad
2887 5349 3447 5458 CivitatemBorini
3469 5414 3577 5460 ex-
