4393 6299
964 524 1080 579 400

780 676 1025 742 sionem
1038 682 1344 748 scutorum
1375 677 1476 733 20.
1503 664 1942 749 christophoro
1969 663 2331 742 Polazzino,

785 780 849 835 et
870 773 1004 855 ejm
1031 765 1578 833 descendentibus.

899 865 1051 927 Jura
1093 864 1239 925 hinc
1280 858 1424 923 inde
1455 853 2009 926 circumferuntur,
2038 847 2341 931 quocirca

781 952 1122 1041 quaeritur·

900 1052 1034 1125 An,
1060 1061 1113 1110 st
1138 1046 1407 1129 quomodo
1429 1046 1505 1106 sit
1536 999 1683 1105 locus
1709 1041 1976 1103 erectioni
2002 1036 2340 1119 Arulu'prss-

785 1148 1074 1228 bytemtus
1104 1145 1171 1205 in
1190 1161 1326 1204 casu
1353 1151 1457 1202 stc.

890 1335 1048 1388 Sacra
1067 1331 1271 1402 congr.
1300 1329 1388 1382 die
1410 1330 1465 1383 ὅ.
1488 1323 1798 1384 Decembris
1835 1320 1994 1376 ¹728.
2023 1319 2341 1391 respondit:

965 1421 1105 1474 Esse
1140 1421 1321 1472 Iocum
1359 1414 1623 1469 erectioni
1645 1410 2226 1482 Archipresbyeeratus
2248 1408 2342 1477 ju-

783 1521 891 1563 xm
912 1507 1131 1561 modum
1151 1526 1168 1574 ς
1199 1516 1253 1558 et
1276 1503 1470 1556 modus
1493 1514 1571 1556 ese
1591 1540 1607 1567 ,
1633 1499 1782 1571 quod
1805 1499 2055 1552 deleatur
2088 1496 2336 1550 conditio

786 1594 1122 1651 reductionis
1164 1590 1742 1662 Amhipresbycerneus
1791 1587 1867 1640 ad
1915 1589 2155 1657 legatum,
2183 1583 2340 1653 pium

786 1703 921 1739 casu
939 1703 1047 1755 quo
1068 1682 1261 1754 pensio
1289 1682 1636 1751 imponatur,
1663 1695 1762 1729 nec
1787 1694 1898 1730 non
1926 1675 2043 1728 alie
2064 1713 2080 1740 ,
2107 1673 2257 1744 quod
2280 1673 2337 1725 ὐι

784 1787 918 1827 casu
940 1770 1261 1831 collationis
1278 1765 1857 1846 Archipresbyterotus
1873 1776 2063 1820 extero
2089 1775 2343 1816 teneatur

785 1859 880 1912 1:1⁶0
910 1860 1120 1913 solvere
1154 1855 1425 1913 Patronis
1455 1867 1614 1908 scura
1648 1870 1836 1907 aunan
1870 1854 1959 1905 w.
1997 1850 2162 1904 titulo
2207 1867 2337 1922 pen·

779 1964 970 2003 σιοευ.

1203 2148 1565 2229 QUAESTIO
1605 2144 1924 2218 oocxm.

846 2401 922 2464 Ia
946 2355 1139 2465 cm
1162 2398 1574 2463 §clementina
1596 2441 1616 2472 ,
1644 2395 1733 2458 die
1760 2398 1819 2457 6.
1850 2391 2068 2457 Martii
2101 2395 2278 2456 ¹723.

788 2596 1805 2803 &mmmm
1820 2639 2332 2799 msam,

788 2831 1123 2898 Emanuela
1145 2832 1405 2894 Antonia
1432 2832 1508 2893 de
1524 2830 1836 2914 Figueira,
1869 2838 1928 2892 et
1946 2830 2134 2911 Vega,
2154 2847 2331 2891 exor-

788 2924 989 3008 tisque
1006 2925 1164 2988 inter
1195 2925 1353 3006 ipsos
1379 2924 1664 2997 dissidiis,
1687 2932 1748 2985 et
1764 2924 2071 3006 signanter
2090 2942 2167 2985 ex
2189 2943 2332 2985 cau-

788 3037 859 3081 sa
897 3017 1288 3104 saevitiamm
1318 3062 1338 3092 ,
1381 3036 1533 3098 quas
1579 3016 1692 3078 Vir
1739 3016 2025 3079 adversus
2069 3016 2328 3079 Uxorem

789 3130 1069 3176 exercere
1088 3112 1420 3186 dicebatur,
1444 3110 1677 3193 prolata
1695 3110 1811 3173 fuit
1832 3130 1982 3173 anno
2004 3115 2177 3174 1704.

792 3206 948 3270 vatis
988 3205 1298 3270 servandis
1339 3205 1633 3268 sententia
1677 3205 1757 3267 ab
1789 3204 2115 3268 Ordinatio
2158 3204 2328 3267 Sala·

790 3299 1110 3377 mantino,
1153 3299 1218 3362 in
1252 3302 1423 3383 cujus
1463 3299 1719 3363 Civitate
1757 3299 2051 3382 GonJ‘uges
2092 3298 2331 3363 babita-

789 3394 940 3457 bant
963 3442 979 3467 ,
1004 3403 1065 3458 et
1089 3393 1154 3456 in
1174 3394 1470 3458 sententia
1489 3396 1719 3457 dictum
1741 3393 1856 3456 fuit
1870 3438 1889 3467 ,
1923 3393 2219 3476 Conjuges
2237 3412 2329 3456 se·

791 3488 1282 3570 paratimvivere
1301 3489 1542 3563 debere,
1565 3487 1765 3569 quoad
1794 3497 2016 3559 torum,
2044 3496 2103 3551 et
2128 3488 2331 3569 quoad

790 3579 1250 3656 habitationem,
1280 3588 1338 3643 et
1365 3581 1624 3643 durante
1640 3581 2017 3661 separatione
2045 3600 2164 3643 non
2194 3601 2329 3662 pos-

789 3694 856 3739 se
878 3676 994 3737 sub
1019 3694 1211 3756 poena
1234 3674 1871 3737 excommunicationis
1890 3675 2216 3755 Joseplmm
2238 3674 2329 3738 af·

789 3768 953 3831 ferre
973 3765 1131 3831 ullas
1153 3768 1462 3841 ,molestias
1483 3766 1852 3830 Emanuelae
1870 3812 1888 3841 ,
1926 3775 1986 3829 et
2012 3767 2172 3830 intra
2194 3786 2332 3849 spa·

790 3864 944 3927 tium
962 3883 1069 3926 sex
1087 3863 1322 3926 dierum
1341 3863 1455 3924 sub
1470 3862 1682 3924 eadem
1702 3880 1895 3942 poena
1912 3861 2130 3925 debere
2146 3862 2331 3931 Uxori

785 3957 1101 4022 restituere
1127 3957 1359 4030 dotem,
1389 3975 1573 4038 quam
1604 3963 1927 4036 receperat.

903 4053 1001 4116 Ab
1025 4071 1188 4115 anno
1217 4055 1391 4114 1704.
1427 4070 1619 4132 usque
1660 4050 1724 4111 in
1761 4067 2039 4130 praesens
2061 4094 2079 4124 ,
2107 4049 2330 4132 Conju-

783 4164 888 4230 gas
917 4145 1201 4209 vixerunt
1230 4143 1487 4227 separati
1512 4190 1529 4219 ,
1566 4163 1827 4225 cumque
1849 4143 2070 4224 loseph
2095 4143 2328 4207 Gonza-

781 4240 873 4303 les
898 4239 1132 4323 ingredi
1167 4239 1543 4319 exoptaverit
1579 4238 1949 4320 Religionem
1977 4236 2329 4322 Hierosoly·

781 4331 1076 4397 nitanam
1103 4377 1120 4406 ,
1148 4333 1294 4395 etin
1314 4351 1385 4394 ea
1411 4330 1843 4412 professionem
1870 4330 2142 4393 emittere
2169 4331 2331 4393 inter

772 4426 1034 4508 'Equites
1066 4424 1342 4488 justitiae
1367 4469 1386 4498 ,
1415 4424 1801 4489 sanctissimo
1831 4423 2089 4487 Domino
2114 4422 2331 4488 Nostro

776 4518 1142 4602 supplicavit
1166 4538 1277 4601 pro
1310 4517 1594 4581 facultate
1618 4518 1841 4602 Magno
1865 4518 2154 4600 Magistro
2182 4538 2328 4582 con-

739 4621 747 4693 ξ
777 4613 1043 4678 cedenda
1060 4614 1177 4677 reci
1184 4612 1386 4694 piendi
1403 4613 1787 4694 probationes
1803 4632 1947 4675 suae
1955 4612 2157 4675 Nobili
2164 4614 2324 4689 tatis

776 4726 904 4771 non
934 4707 999 4769 in
1027 4707 1338 4789 Hispaniis
1359 4752 1378 4780 ,
1409 4707 1510 4769 sed
1538 4707 1604 4769 in
1631 4705 1887 4769 Civitate
1905 4704 2324 4788 Neapolitana,

777 4800 846 4864 in
876 4819 1000 4883 qua
1025 4802 1229 4884 degit,
1260 4810 1320 4863 et
1346 4798 1769 4863 Sanctissimus
1788 4800 2086 4863 Dominus
2112 4800 2327 4864 Noster

777 4894 1052 4976 petitioni
1079 4894 1338 4977 benigne
1355 4894 1573 4957 annuit
1595 4939 1613 4969 ,
1646 4893 1747 4956 sed
1767 4913 1904 4957 cum
1927 4893 2126 4957 adhuc
2146 4896 2327 4958 Ema-

777 4987 958 5052 nuela
1004 4988 1166 5050 Uxor
1205 4988 1285 5050 sit
1324 4987 1389 5048 in
1433 4988 1718 5051 humanis
1742 5031 1761 5062 ,
1811 4989 2063 5072 ejusque
2100 4988 2325 5051 idcirco

774 5101 1099 5146 consensus
1123 5083 1200 5146 ad
1228 5101 1356 5144 rem
1381 5126 1398 5155 ,
1429 5091 1495 5145 et
1513 5082 1590 5145 ad
1604 5082 1919 5154 effectum,
1946 5081 2021 5144 de
2047 5101 2172 5164 quo
2192 5083 2325 5166 agi·-

774 5184 879 5239 tur
904 5223 923 5249 ‚
963 5176 1044 5239 sit
1072 5174 1439 5247 necessarius
1462 5220 1481 5248 ‚
1529 5175 1606 5237 ad
1646 5176 1996 5239 instantiam
2032 5176 2276 5257 josephi
2303 5223 2321 5249 ,

772 5269 951 5333 datae
990 5267 1238 5331 fuerunt
1274 5287 1309 5330 a
1348 5267 1681 5331 Secretaria
1720 5268 1923 5332 Status
1964 5268 2201 5331 litterae
2226 5269 2323 5349 J'ad

771 5360 1070 5423 Nuntium
1103 5360 1572 5442 Hispaniarum,
1604 5371 1673 5423 ut
1703 5360 2075 5425 Emanuelae
2104 5362 2322 5445 Uxoris

1958 509 2405 583 thsTtoNEs
2443 511 2800 570 cmomcss

2447 683 2483 726 a
2509 664 2737 726 Nuntio
2771 661 3340 751 eonsilioEpiscopo
3380 660 3796 728 Salamantino
3819 705 3841 737 ‚
3879 658 3991 725 vi-

2447 759 2645 822 carius
2683 757 2997 822 Generalis
3032 757 3423 840 Episcopatus
3464 759 3530 820 in
3576 756 3991 820 executionem

2448 854 2729 916 ordinum
2770 853 2886 916 sibi
2929 872 2967 915 a
2996 871 3108 915 suo
3133 852 3412 916 Praelato
3450 852 3862 935 injunctorum
3899 852 3989 913 dia

2448 952 2546 1009 22.
2580 947 2922 1029 Septembris
2946 967 3099 1010 anno
3140 951 3315 1022 1722.
3361 948 3436 1009 ad
3465 945 3862 1009 Emanuelam
3888 965 3989 1008 ac-

2445 1043 2650 1115 cessit,
2671 1043 2953 1126 jurisque
2976 1042 3190 1105 ordine
3208 1053 3443 1104 servato
3465 1041 3543 1102 ab
3563 1041 3771 1103 eadem
3792 1038 3986 1120 petiit,

2446 1145 2515 1198 ut
2540 1156 2713 1199 suam
2757 1137 3122 1218 exprimeret
3166 1137 3536 1198 voluntatem
3570 1134 3729 1196 circa
3758 1133 3992 1214 ingres·

2444 1250 2576 1292 sum
2606 1230 2851 1312 josephi
2881 1230 3173 1294 Gonzalez
3193 1230 3328 1308 Viri
3349 1230 3414 1290 in
3443 1228 3812 1311 Religionem
3837 1227 3989 1288 Hie-

2443 1324 2939 1407 rosolymitanam
2963 1370 2981 1397 ,
3008 1334 3068 1387 et
3092 1323 3519 1404 professionem
3552 1322 3618 1384 iu
3650 1322 3856 1384 eadem
3878 1361 3897 1393 ,
3926 1327 3990 1383 et

2442 1416 2775 1480 Emanuela
2820 1417 3167 1480 solemniter
3196 1415 3528 1479 declaravit
3575 1435 3640 1477 se
3679 1414 3830 1475 Viro
3874 1430 3989 1474 suo

2442 1510 2837 1574 libentissime
2864 1531 3172 1574 assensum
3199 1520 3524 1592 praestare,
3557 1518 3628 1572 ut
3654 1525 3989 1590 quamcun-

2441 1624 2564 1687 que
2606 1606 2983 1688 Religionem
3015 1605 3133 1669 sibi
3181 1605 3373 1686 magis
3405 1604 3746 1668 benevisam
3785 1602 3990 1683 ingre-

2441 1702 2644 1763 diatur
2666 1747 2685 1775 ,
2720 1699 2870 1763 etin
2894 1699 3102 1763 eadem
3127 1699 3503 1780 profiteatur.
3621 1749 3626 1756 ,

2559 1793 2785 1858 Habito
2808 1794 3036 1858 Uxoris
3046 1813 3361 1864 consensu,
3384 1791 3621 1856 sublata
3646 1788 3808 1854 credi
3833 1795 3994 1870 pote-

2441 1896 2536 1951 rat
2553 1879 2761 1951 ‘omnis
2779 1885 3121 1963 difficultas,
3146 1906 3305 1968 quae
3326 1886 3620 1968 ingressui
3643 1885 3708 1946 in
3726 1882 3992 1965 Religio-

2445 1999 2583 2046 nem
2611 1982 3225 2065 Hierosolymitanam
3256 1979 3713 2045 adversabatur.
3758 1977 3989 2040 Verum

2377 2089 2380 2094 Α
2439 2086 2785 2158 comperto,
2825 2078 2996 2158 quod
3028 2078 3092 2143 in
3134 2076 3387 2139 Statutis
3431 2074 3615 2156 hujus
3659 2069 3992 2154 Religionis

2441 2170 2602 2235 infra
2633 2170 2964 2234 referendis
2988 2171 3340 2252 prohibetur
3367 2170 3671 2251 ingressus
3697 2164 3850 2239 illis,
3881 2162 3992 2246 qui

2444 2265 2896 2328 matrimonium
2918 2272 3373 2340 contraxerunt,
3394 2270 3454 2325 et
3470 2268 3990 2333 consummarunt,

2441 2379 2593 2439 opus
2618 2359 2737 2421 fuit
2763 2359 2988 2421 habere
3015 2377 3322 2421 recursum
3344 2357 3418 2420 ad
3446 2355 3764 2418 Summum
3794 2351 3994 2414 Ponti·

2365 2485 2368 2494 f
2443 2453 2614 2517 ficem
2643 2473 2754 2534 pro
2779 2453 3158 2535 impetranda
3182 2450 3565 2534 derogatione
3591 2449 3990 2519 Statutorum;

2439 2566 2701 2627 cumque
2731 2567 2768 2610 a
2800 2546 3128 2610 Sanctitate
3153 2545 3276 2608 Sua
3315 2545 3500 2606 fuerit
3529 2561 3782 2605 examen
3809 2540 3992 2602 totius

2443 2641 2664 2723 negotii
2688 2641 3002 2704 remissum
3028 2640 3170 2703 huic
3192 2640 3325 2703 Sac-
3348 2634 3835 2719 Congregationi,
3862 2650 3994 2713 pro-

2439 2736 2687 2819 ponitur
2715 2737 2780 2798 in
2818 2735 3114 2818 praesenti
3162 2734 3415 2797 dubium
3444 2735 3522 2795 ad
3562 2730 3784 2795 calcem
3806 2727 3993 2810 hujus

2439 2828 2766 2892 Restrictus
2794 2829 3198 2891 referendum.

2556 2924 2693 2986 Duo
2715 2932 2915 2986 autem
2938 2923 3219 2985 videntur
3240 2939 3366 2984 esse
3383 2916 3847 3000 praemittenda,
3869 2913 3990 2995 pri·

2441 3034 2605 3094 mum
2632 3026 2764 3089 est,
2793 3018 2957 3097 quod
2987 3018 3230 3097 quando
3259 3017 3404 3098 jura
3449 3011 3819 3075 matrimonii
3847 3016 3991 3073 sunt

2205 3129 2331 3173 ser-
2440 3111 2621 3184 laesa,
2650 3118 2711 3173 et
2735 3110 3035 3174 diminuta
3062 3120 3310 3193 propter
3332 3106 3689 3172 sententiam
3713 3103 3986 3179 divortii,

2437 3214 2630 3287 potest
2654 3206 2890 3288 Conjux
2915 3205 3204 3267 innocens
3241 3204 3305 3265 in
3352 3201 3588 3266 saeculo
3629 3218 3941 3263 remanere
3964 3246 3986 3271 ,

2434 3310 2493 3362 et
2517 3299 2671 3363 alter
2702 3301 2780 3362 ad
2807 3299 3181 3383 Religionem
3211 3298 3470 3361 transire
3495 3345 3513 3368 ,
3543 3296 3592 3359 si
3621 3295 3858 3377 Conjux
3886 3293 3988 3354 in-

2443 3413 2661 3463 nocens
2679 3394 2870 3457 eidem
2893 3402 3152 3475 praestet
3178 3392 3509 3466 licentiam3
3541 3398 3803 3471 quatuor
3819 3387 3990 3450 euim

2436 3489 2656 3550 adsunt
2687 3487 2996 3569 judicata,
3041 3487 3302 3550 alterum
3345 3493 3610 3566 tempore
3650 3480 3989 3545 Innocentii

2439 3582 2635 3662 Papae
2676 3582 2757 3644 X.
2792 3582 2898 3663 qui
2925 3580 3126 3645 accitis
3170 3579 3490 3661 Theologis
3516 3578 3600 3640 ita
3629 3574 3990 3658 pronuntia-

2438 3675 2549 3750 vit,
2579 3676 2669 3741 uti
2698 3675 2958 3738 habetur
2984 3674 3144 3756 apud
3163 3674 3449 3739 Lazanam
3471 3675 3667 3735 oonsil.
3703 3676 3801 3737 30.
3823 3690 3983 3731 num

2436 3768 2546 3834 2·1;
2591 3771 2849 3834 alterum
2891 3770 3073 3853 hujus
3096 3846 3099 3855 ,
3121 3768 3337 3831 Sacrae
3384 3764 3875 3848 Congregationis
3920 3766 3988 3825 ἐκ

2435 3867 2685 3946 quadam
2710 3883 2883 3927 causo
2902 3864 3226 3926 Ferrariam.
3258 3867 3317 3923 2.
3352 3862 3511 3940 Maji
3541 3865 3716 3922 1693.
3749 3860 3849 3920 tib.
3880 3862 3982 3920 43.

2438 3961 2639 4022 decret.
2674 3961 2778 4042 sol.
2809 3962 2950 4020 225.
2978 3958 3237 4021 alterum
3261 3958 3348 4017 die
3374 3961 3469 4018 14.
3499 3955 3766 4017 Novemb.
3806 3956 3979 4015 1682.

2437 4052 2740 4135 prolatum
2766 4054 2827 4114 in
2859 4052 3119 4134 quadam
3151 4050 3340 4113 Causa
3369 4051 3611 4112 Lucana
3637 4048 3716 4110 ab
3744 4047 3857 4109 hac
3882 4064 3986 4110 ea·

2436 4147 2573 4210 dem
2601 4147 2738 4212 Sam
2781 4146 3254 4229 Congregatione
3279 4189 3298 4219 ,
3328 4143 3705 4227 utihabetur
3742 4143 3842 4202 lib.
3881 4146 3980 4201 32.

2440 4242 2786 4317 decretorum
2824 4243 3105 4321 submi).
3150 4238 3450 4314 Quartum
3494 4236 3757 4317 denique
3797 4235 3986 4317 hujus

2434 4335 2700 4416 ejusdem
2721 4336 2852 4398 Sac.
2890 4331 3383 4417 congregationis
3411 4331 3475 4393 in
3504 4331 3693 4394 Causa
3719 4330 3979 4391 Januen.

2435 4429 2667 4492 Mariae
2697 4429 3020 4492 Victoriae
3029 4429 3267 4500 Fossae,
3290 4425 3453 4507 quod
3478 4425 3709 4488 editum
3742 4423 3859 4486 fuit
3887 4422 3984 4485 die

2435 4528 2495 4585 2.
2528 4524 2674 4607 Maji
2704 4545 2855 4586 anno
2887 4525 3196 4606 praeterito
3233 4526 3406 4582 1722.
3439 4529 3508 4608 ut
3532 4539 3607 4581 ex
3637 4518 3783 4581 folio
3812 4517 3983 4580 beni·

2433 4637 2551 4701 gne
2578 4617 2999 4685 reassumendo
3025 4624 3308 4698 poterunt
3333 4604 3459 4677 ΕΕ.
3492 4613 3626 4674 VV.
3657 4612 3984 4693 depreben-

2435 4712 2614 4782 dere,
2643 4718 2703 4776 et
2721 4712 2887 4787 sola,
2917 4709 3159 4793 quaein
3187 4710 3302 4772 hoc
3330 4719 3553 4789 puncto
3573 4713 3842 4788 superest
3869 4704 3983 4766 dif-

2431 4801 2669 4867 ficultas
2694 4848 2712 4879 ,
2748 4813 2839 4867 est
2881 4803 2943 4867 in
2985 4802 3242 4865 videndo
3266 4847 3284 4877 ,
3313 4819 3392 4864 an
3433 4800 3670 4882 Gonjux
3696 4799 3982 4860 innocens

2432 4896 2497 4958 in
2542 4897 2791 4962 Saeculo
2838 4914 3159 4959 remanens
3201 4894 3474 4957 emittere
3521 4894 3734 4954 debeat
3769 4898 3982 4954 votum

2430 4989 2688 5072 simplex
2713 4991 3001 5054 castitatis
3021 5035 3040 5065 ,
3073 5008 3209 5051 cum
3229 4988 3296 5050 in
3324 4987 3451 5051 fere
3470 4986 3754 5049 omnibus
3783 5004 3982 5048 recen-

2431 5084 2561 5147 sitis
2602 5085 2840 5148 casibus
2870 5105 2980 5166 pro
3023 5081 3341 5146 emissione
3368 5081 3493 5145 voti
3523 5080 3708 5143 fuerit
3739 5078 3981 5162 judica-

2431 5184 2559 5239 tum
2586 5221 2605 5251 ,
2636 5177 2738 5239 sed
2767 5178 2831 5240 in
2866 5185 3167 5259 postremo
3193 5220 3211 5250 ,
3238 5183 3553 5256 postquam
3590 5174 3655 5237 in
3692 5170 3980 5252 rescripto

2427 5268 2634 5334 addita
2663 5271 2779 5334 fuit
2802 5270 3067 5334 conditio
3093 5269 3321 5331 dietum
3365 5274 3574 5331 votum
3618 5264 3932 5330 emittendi
3957 5309 3977 5339 ,

2427 5374 2774 5428 recurrente
2806 5365 2957 5428 Viro
2984 5365 3340 5438 innocente,
3373 5361 3482 5444 qui
3509 5361 3574 5423 in
3617 5358 3857 5422 saeculo
3883 5378 3981 5435 rer

772 5454 1143 5518 voluntatem
1168 5455 1388 5518 iaceret
1404 5453 1745 5536 explorare,
1758 5456 2322 5538 communicatoque
2429 5458 2734 5534 manebat,
2758 5459 2820 5522 e't
2849 5458 3214 5523 reclamante
3238 5455 3527 5520 adversus
3553 5453 3714 5517 banc
3741 5451 3977 5534 obliga-
