4393 6299
917 536 1027 593 280

1951 532 2403 604 QuAEs'rlonsss
2439 528 2670 592 emon
2674 531 2801 591 10AE

858 691 953 754 Ad
993 692 1267 754 effectum
1321 689 1607 752 suadendi
1660 688 1891 751 nullam
1942 684 2290 749 interfuisse
2398 688 2646 771 aliquod
2669 686 2955 772 temporis
2981 675 3778 771 intervallumffpra'eteriisse
3807 682 3950 750 anie

737 780 990 848 Parochi
1020 785 1354 855 licentiam,
1405 783 1652 845 fuerunt
1690 802 1726 844 a
1754 782 2013 863 Josepho
2060 779 2294 862 produ-

735 888 865 945 ctae
888 882 1293 943 attestationes
1319 879 1543 940 Vicarii
1588 878 1886 957 primum,
1924 885 1983 940 et
2016 876 2284 937 Secreta-

2400 803 2694 845 accessum
2724 785 2800 846 ad
2820 784 3147 847 Ecclesiam
3170 831 3187 857 ,
3212 804 3289 847 ex
3310 803 3434 865 quo
3452 785 3628 846 Pater
3655 783 3950 846 Constana

2403 879 2520 939 tiae
2544 879 2880 941 Parochum
2906 879 3129 952 adivit,
3163 888 3230 941 ut
3261 881 3342 942 ab
3384 899 3456 941 eo
3495 878 3800 940 licentiam
3832 876 3952 936 im·-

736 975 815 1039 rii
867 976 1112 1038 Mensae
1144 972 1692 1046 Archidiaconalis,
1748 971 1897 1054 qui,
1955 969 2296 1051 pervolutis
2403 980 2708 1050 petrei-013
2755 981 2815 1035 et
2844 982 3079 1046 sextus,
3113 972 3384 1053 quierat
3432 972 3606 1033 Miles
3638 991 3759 1032 una
3813 980 3953 1032 cum

733 1069 1047 1152 scripturis
1067 1115 1085 1141 ,
1151 1068 1396 1149 deponit
1451 1088 1573 1129 non
1621 1067 1875 1148 reperiri
1943 1065 2295 1129 facultatem

733 1164 935 1227 datam
965 1184 1000 1227 a
1027 1162 1295 1224 Parocbo
1325 1163 1546 1223 Terrae
1591 1160 1893 1221 Demontii
1946 1159 2108 1221 Patri
2145 1158 2295 1220 Hie-

736 1277 1024 1340 ronymo,
1060 1266 1129 1318 ut
1164 1256 1578 1331 matrimonio,
1609 1257 1684 1318 de
1712 1276 1835 1337 quo
1870 1275 2032 1318 nunc
2065 1254 2294 1337 agitur,

734 1352 1063 1424 assisteret,
1121 1350 1374 1413 Parochi
1423 1352 1669 1433 insuper
1719 1350 1984 1413 viventis
2027 1349 2298 1432 ejusdem

733 1449 956 1509 Terrae
1003 1446 1339 1520 Demontii,
1372 1445 1478 1526 qui
1530 1445 1850 1527 recognitis
1878 1444 2058 1506 libris
2114 1444 2295 1504 Paro·

737 1540 1067 1611 chialibus,
1111 1540 1343 1620 inquit,
1401 1539 1853 1602 matrimonium
1902 1558 2022 1599 non
2063 1557 2187 1599 esse
2233 1537 2298 1598 in

737 1634 861 1698 illis
887 1636 1239 1699 adnotatum
1264 1682 1279 1708 ,
1312 1635 1542 1697 Fratris
1577 1635 1819 1697 demum
1854 1630 2065 1697 Caroli
2103 1626 2299 1693 Fran-

737 1731 876 1793 cisci
903 1728 1244 1811 Superioris
1273 1730 1521 1791 Patrum
1560 1729 2080 1811 Cappuccinorum
2104 1774 2120 1801 ,
2189 1724 2298 1809 qui

734 1823 938 1905 inquit
959 1842 1022 1885 se
1052 1822 1368 1903 perlegisse
1394 1824 1722 1902 scripturas
1768 1823 1860 1884 sui
1906 1823 2254 1884 Conventus
2277 1862 2296 1891 ,

739 1915 804 1977 in
822 1918 915 1998 cuj
924 1936 992 1977 us
1010 1915 1271 1977 Ecclesia
1289 1915 1787 1977 fuitcelebratum
1810 1914 1987 1978 matri
1999 1914 2298 1988 monium,

741 2029 851 2073 nec
873 2029 991 2071 non
1013 2009 1163 2071 alias
1188 2028 1223 2071 a
1248 2009 1425 2071 Patre
1455 2009 1831 2090 Hieronymo
1860 2008 2098 2070 relictas
2120 2052 2138 2081 ,
2190 2027 2301 2070 nec

744 2104 964 2167 exiliis
981 2103 1168 2165 ullam
1198 2102 1491 2165 resultare
1513 2102 1880 2166 matrimonii
1906 2102 2300 2165 mentionem.

861 2200 954 2261 Ex
975 2200 1200 2279 quibus
1224 2197 1408 2259 infert
1433 2198 1651 2278 Joseph
1683 2197 1759 2259 de
1786 2197 2070 2259 nullitate
2098 2195 2305 2257 matri·

748 2293 936 2355 monii
966 2312 1085 2356 non
1120 2312 1246 2355 esse
1287 2292 1687 2355 dubitandum
1713 2340 1729 2363 ,
1779 2311 1919 2354 cum
1946 2290 2303 2372 Cappellani

746 2391 1116 2475 Castrenses,
1142 2387 1294 2450 citra
1318 2378 1662 2457 facultatem
1686 2376 2263 2467 Sedis'Apostolicae
2285 2428 2303 2458 ,

748 2493 854 2547 aut
903 2482 1155 2546 Parochi
1182 2529 1199 2554 ,
1228 2481 1335 2545 vel
1352 2476 1664 2544 Ordinarii
1701 2480 2037 2553 licentiam,
2085 2477 2305 2541 matri-

750 2575 970 2641 moniis
998 2584 1301 2660 nequeant
1328 2577 1647 2649 interesse,
1672 2578 1846 2657 juxta
1884 2573 2307 2637 Resolutiones

748 2674 933 2756 liujus
979 2674 1196 2753 Sacrae
1244 2673 1734 2755 Congregationis
1789 2672 2106 2753 impressas
2147 2668 2309 2751 apud

750 2767 986 2831 Patrem
1006 2767 1313 2830 δολίαν-ατη
1335 2770 1401 2827 in
1420 2770 1602 2829 addit.
1637 2767 1713 2828 ad
1746 2786 1912 2831 suam
1942 2764 2308 2845 Theoloqiam

750 2861 1034 2922 Bellicam
1050 2863 1153 2940 fol.
1191 2866 1328 2922 139.
1364 2870 1414 2943 st
1441 2861 1541 2938 fol.
1573 2864 1709 2920 140.

872 2947 949 3017 Ut
990 2974 1136 3018 vero
1186 2954 1535 3017 Constantia
1577 2953 1982 3015 interventum
2027 2951 2311 3015 licentiae

750 3048 1005 3119 Parocbi
1055 3048 1364 3119 suaderet,
1420 3047 1738 3128 plerosque
1781 3048 1980 3108 Testes
2027 3044 2305 3106 formiter

754 3143 1089 3207 examinari
1136 3136 1406 3216 curavit,
1439 3149 1646 3223 utpote
1690 3142 1843 3203 bene
1870 3139 2105 3203 conscia
2128 3187 2147 3212 ,
2183 3159 2310 3203 ma·

756 3240 1110 3304 trimonium
1135 3244 1303 3320 posse
1326 3257 1401 3299 ex
1417 3238 1692 3299 Testibus
1713 3235 1977 3316 probari,
2003 3235 2139 3296 licet
2155 3233 2311 3296 illud

756 3353 877 3397 non
920 3333 1104 3396 fuerit
1147 3351 1181 3394 a
1218 3330 1488 3394 Parocbo
1535 3330 1598 3392 in
1646 3330 1820 3391 libris
1854 3327 2313 3391 parochialibus

758 3428 1122 3508 descriptum
1147 3472 1164 3501 ,
1213 3435 1273 3488 et
1326 3424 1578 3487 Parochi
1614 3424 1920 3490 licentiam
1964 3443 2069 3504 per
2101 3423 2314 3504 aequi-

760 3521 1051 3603 pollentes
1077 3519 1462 3602 probationes
1491 3564 1509 3592 ,
1548 3527 1607 3580 et
1630 3538 1735 3597 per
1762 3520 1961 3580 Testes
1996 3536 2166 3598 posse
2209 3517 2314 3579 de·

756 3615 1105 3689 monstrari,
1139 3615 1321 3693 juxta
1361 3615 1533 3674 decis.
1581 3616 1718 3674 301.
1760 3632 1918 3673 num.
1952 3618 2012 3674 5.
2039 3631 2174 3693 par.
2213 3616 2310 3672 11.

757 3720 963 3772 recent.
984 3720 1036 3771 st
1051 3710 1237 3790 juxta
1254 3707 1419 3778 decis.
1448 3712 1587 3770 451.
1611 3717 1663 3768 st
1684 3710 1823 3789 471.
1846 3726 2037 3768 coram
2060 3706 2317 3767 Emerita

758 3799 1028 3868 Iustiore·

880 3897 1040 3961 Hinc
1087 3897 1458 3961 deveniendo
1504 3897 1582 3960 ad
1636 3897 1837 3960 Testes
1876 3914 1911 3958 a
1960 3893 2310 3957 Constantia

764 3995 1122 4077 productos,
1173 3993 1408 4075 primus
1430 4039 1447 4067 ,
1486 3991 1593 4074 qui
1623 4001 1713 4054 est
1754 3991 2022 4074 ejusdem
2060 3989 2276 4050 Frater
2300 4026 2319 4062 ,

760 4091 1036 4171 deponit,
1070 4105 1133 4153 se
1150 4089 1230 4151 ab
1254 4088 1518 4151 Antonio
1542 4088 1751 4161 Patre,
1780 4096 1840 4148 et
1869 4085 1949 4148 ab
1978 4084 2117 4146 aliis
2141 4081 2322 4144 audi-

762 4185 920 4246 visse
960 4181 1144 4246 fuisse
1173 4203 1211 4245 a
1245 4181 1510 4245 Parocho
1544 4182 1747 4244 datam
1778 4180 2081 4262 Religioso
2128 4178 2323 4239 lieen-

767 4279 913 4346 tiam
959 4279 1269 4342 assistendi
1320 4277 1737 4340 matrimonio.
1797 4273 2183 4352 Secundus„
2212 4272 2322 4353 qui

764 4381 855 4437 est
885 4373 1109 4455 pariter
1155 4373 1419 4454 ejusdem
1448 4373 1695 4444 Frater,
1731 4370 1807 4431 de
1833 4370 2044 4431 eadem
2073 4366 2322 4429 licentia

765 4469 1016 4551 praebet
1055 4468 1466 4531 testimonium
1487 4513 1505 4541 ,
1542 4465 1816 4529 addendo
1841 4507 1857 4538 ,
1891 4463 2053 4545 quod
2087 4481 2125 4524 a
2157 4479 2323 4523 com·

767 4565 937 4626 muni
967 4562 1256 4625 Genitore
1300 4561 1417 4623 fuit
1473 4559 1741 4622 Parocbo
1784 4558 1987 4621 oblata
2018 4556 2325 4639 quaedam

770 4659 970 4741 portio
998 4657 1149 4720 casei
1175 4702 1192 4731 ,
1242 4664 1301 4719 et
1335 4655 1519 4718 butiri
1550 4674 1660 4742 pro
1700 4654 1856 4716 dicta
1886 4651 2131 4714 licentia
2161 4649 2328 4711 obti-

768 4753 1000 4815 nenda.
1039 4750 1277 4812 Tertius
1308 4749 1560 4812 eandem
1599 4747 1782 4809 refert
1808 4766 1946 4808 cum
1994 4751 2328 4807 memorata

768 4844 1215 4909 circumstantia
1238 4844 1677 4905 concessionem
1708 4841 2007 4913 licentiae,
2032 4849 2091 4901 et
2116 4838 2330 4901 subdit

768 4961 832 5003 se
863 4941 1047 5002 fnisse
1075 4947 1446 5019 praesentem
1492 4937 1598 5000 uni
1630 4951 1707 4999 ex
1749 4933 2327 4998 denunciationibus

770 5032 1184 5104 Matrimonii,
1210 5051 1367 5113 quae
1388 5032 1546 5093 facta
1574 5031 1691 5093 fuit
1719 5031 1780 5092 in
1810 5028 2094 5092 Ecclesia.
2122 5029 2327 5104 Quar-

770 5137 869 5191 tus
896 5127 1131 5209 inquit,
1163 5145 1227 5187 se
1264 5123 1524 5205 propriis
1560 5125 1815 5188 auribus
1845 5123 2107 5203 primam
2160 5122 2330 5186 audi·

772 5223 931 5285 visse
952 5220 1502 5292 denunciationem,
1529 5228 1588 5281 et
1615 5228 1758 5280 tunc
1779 5217 1844 5278 in
1871 5235 1982 5278 sua
2008 5215 2188 5277 domo
2214 5235 2328 5296 pu-

774 5316 932 5380 blice
957 5313 1184 5377 dictum
1214 5312 1428 5386 fuisse,
1460 5312 1622 5394 quod
1657 5311 1898 5374 licentia
1932 5309 2129 5373 fuerat
2174 5310 2336 5372 Reli·

774 5412 941 5495 ginso
982 5430 1019 5474 a
1042 5410 1312 5473 Parocho
1338 5409 1512 5472 data.
1541 5407 1807 5483 Quintus
1850 5406 1932 5469 ait
1962 5450 1979 5479 ,
2009 5425 2072 5466 se
2118 5404 2335 5468 matri-

2399 1068 2621 1148 Joseph
2642 1113 2658 1141 ,
2697 1066 2896 1150 inquit
2922 1089 2986 1131 se
3010 1068 3205 1149 ipsum
3233 1068 3534 1129 audivisse
3564 1066 3809 1147 proprio
3849 1074 3957 1125 ore

2403 1168 2784 1237 narrantem',
2822 1165 2985 1244 quod
3019 1164 3477 1225 matrimonium
3528 1161 3726 1224 fuerat
3750 1169 3955 1222 coram

2402 1255 2765 1338 Cappellano
2795 1258 3110 1322 Exercitus
3133 1267 3505 1321 contractum
3531 1302 3550 1331 ,
3579 1257 3681 1319 sed
3712 1253 3957 1335 praevia

2404 1347 2658 1413 Parocbi
2694 1352 2959 1416 licentia.

2522 1445 2768 1507 Praeter
2815 1464 2920 1507 sex
2966 1443 3203 1517 Testes,
3256 1444 3333 1507 de
3374 1445 3600 1526 quibus
3647 1442 3962 1521 bucusque

2402 1554 2600 1602 sermo
2644 1538 2886 1602 babitus
2922 1549 3040 1615 est,
3080 1540 3186 1601 alii
3234 1540 3510 1621 quinque
3556 1538 3802 1599 fuerunt
3845 1536 3960 1597 sub

2403 1633 2590 1695 variis
2620 1635 3098 1718 interrogatoriis
3126 1635 3387 1697 instante
3432 1631 3780 1696 Constantia
3815 1649 3961 1692 exa-

2408 1728 2649 1817 minati.
2677 1730 2917 1793 Primus
2935 1742 3135 1794 autem
3165 1731 3379 1805 refert,
3404 1732 3643 1794 Patrem
3662 1728 3964 1811 Hierony-

2407 1843 2575 1887 mum
2602 1826 2741 1889 aliis
2775 1826 3118 1889 interfuisse
3148 1826 3557 1888 Matrimoniis
3587 1860 3604 1900 ,
3644 1825 3964 1888 asserendo

2406 1937 2471 1979 se
2499 1918 2781 1983 babuisse
2807 1939 2843 1982 a
2885 1920 3157 1982 Parocho
3198 1920 3526 1982 licentiam.
3566 1914 3806 1981 Tertius
3834 1918 3921 1981 ait
3944 1963 3964 1991 ,

2409 2014 2745 2077 Parochum
2777 2016 3156 2078 consuevisse
3185 2014 3515 2098 Religiosos
3540 2013 3859 2076 admittere
3890 2012 3969 2076 ad

2411 2108 2828 2187 praestandam
2868 2108 3273 2172 matrimoniis
3301 2106 3732 2171 assistentiam.
3768 2108 3971 2182 Quar-

2411 2210 2506 2264 tus
2533 2211 2784 2266 testatur
2823 2223 2887 2266 se
2914 2203 3099 2267 fuisse
3125 2211 3502 2285 praesentem
3530 2202 3777 2283 quando
3825 2202 3975 2281 Cap·

2412 2295 2685 2376 pellanus
2712 2298 3038 2379 postulavit
3081 2317 3116 2360 a
3150 2288 3417 2360 Parocho
3443 2295 3788 2358 facultatem
3823 2295 3974 2357 inte²

2410 2393 2672 2455 ressendi
2714 2393 2887 2455 alteri
2915 2391 3306 2454 matrimonio
3332 2437 3348 2464 ,
3385 2390 3552 2471 quod
3579 2389 3696 2461 fuit
3729 2396 3975 2452 contra-

2411 2495 2571 2549 ctum
2628 2488 2786 2550 inter
2846 2488 3137 2561 Jacobum
3189 2481 3492 2557 Pronum,
3556 2492 3616 2546 et
3662 2484 3974 2565 quandam

2412 2577 2730 2644 Mulierem
2754 2591 3043 2645 exteram.
3075 2581 3194 2643 Alii
3227 2573 3348 2642 duo
3369 2585 3648 2642 asserunt
3670 2597 3734 2641 se
3761 2577 3970 2639 crede·

2413 2695 2482 2739 re
2515 2693 2634 2738 non
2664 2695 2868 2758 posse,
2898 2686 2968 2739 ut
2992 2676 3396 2759 Cappellanus
3417 2672 3685 2737 voluerit
3711 2672 3845 2735 sine
3878 2672 3979 2734 de-

2414 2770 2540 2832 bita
2569 2770 2819 2832 Parochi
2844 2770 3084 2833 licentia
3125 2767 3518 2832 matrimonio
3540 2766 3867 2837 interesse,
3917 2770 3980 2827 et

2413 2864 2686 2946 primus,
2731 2865 3062 2936 secundus,
3112 2864 3358 2938 tertius,
3404 2871 3462 2923 et
3505 2869 3759 2942 quartus
3815 2859 3981 2922 testi-

2417 2960 2687 3021 monium
2715 2961 3016 3032 reddunt,
3046 2957 3421 3041 publicatum
3446 2948 3630 3018 fuisse
3661 2955 3980 3017 matrimo-

2415 3054 2586 3115 nium
2617 3055 2677 3115 in
2712 3057 2897 3116 Terra
2927 3054 3227 3115 Demontii
3258 3051 3459 3114 statim
3501 3070 3572 3113 ac
3608 3057 3982 3112 contractum

2418 3148 2533 3214 fuit
2559 3197 2576 3226 ,
2606 3159 2667 3214 et
2688 3148 3022 3213 Parochum
3064 3145 3411 3210 nullatenus
3446 3144 3818 3209 reclamasse.

2533 3246 2613 3308 Et
2642 3263 2716 3308 ex
2758 3245 2855 3306 his
2895 3244 3076 3307 simul
3103 3243 3327 3325 junctis
3353 3239 3707 3304 Constantia
3735 3238 3984 3302 conclu-

2417 3340 2507 3402 dit
2536 3359 2655 3401 non
2681 3359 2806 3401 esse
2827 3335 2903 3401 de
2928 3339 3171 3402 licentia
3198 3336 3633 3400 dubitandum.

2539 3435 2702 3497 Haec
2731 3443 2904 3506 sunt,
2941 3453 3099 3515 quae
3124 3432 3509 3495 continentur
3535 3429 3599 3489 in
3632 3427 3778 3490 actis
3803 3447 3838 3490 a
3874 3417 3986 3490 vi-

2420 3529 2941 3622 cariossapitulari
2980 3526 3343 3590 transmissis
3362 3570 3380 3598 ,
3414 3541 3573 3605 quae
3601 3535 3822 3603 operae
3848 3540 3990 3603 prea-

2423 3624 2574 3685 tium
2626 3639 2754 3686 esse
2790 3623 2992 3686 censui
3044 3621 3391 3684 summatim
3421 3639 3424 3642 ·
3458 3635 3796 3698 exponere,
3848 3629 3987 3677 cum

2425 3717 2630 3780 nullus
2655 3720 2772 3790 sit,
2802 3718 2908 3799 qui
2942 3718 3005 3778 in
3034 3715 3223 3778 Causa
3253 3714 3509 3776 scribat.
3568 3702 3681 3770 Vir
3713 3707 3940 3772 etenim
3964 3749 3985 3781 ,

2424 3819 2484 3874 et
2512 3810 2734 3876 Mulier
2761 3819 3112 3893 paupertate
3153 3809 3471 3880 laborant,
3511 3815 3571 3868 et
3599 3803 3823 3870 Mulier
3853 3812 3990 3883 per·

2423 3906 2710 3970 sonaliter
2758 3905 2998 3968 accessit
3055 3903 3133 3965 ad
3194 3902 3419 3964 Urbem
3478 3916 3590 3980 pro
3652 3895 3984 3960 obtinenda

2425 4001 2828 4065 declaratione
2848 3997 3177 4061 validitatis
3199 3996 3289 4058 sui
3325 3991 3721 4057 matrimonii.

2545 4095 2832 4175 Adeoque
2859 4111 3019 4153 nunc
3041 4091 3354 4172 quaeritur
3375 4108 3392 4149 π

2545 4192 2642 4252 Aa
2663 4197 2867 4250 constet
2896 4189 2961 4247 cle
2995 4187 3293 4248 validitate
3329 4181 3685 4244 matrinwnii
3711 4173 3863 4242 intas·
3883 4177 3991 4242 10·

2425 4288 2556 4369 seph
2573 4333 2590 4358 ,
2633 4296 2686 4346 st
2711 4282 3110 4345 Constantiam
3132 4280 3409 4342 contracti
3428 4279 3492 4337 in
3515 4289 3653 4338 casu
3688 4283 3793 4337 otc.

2538 4477 2690 4529 Sacra
2715 4473 2897 4541 Congi-
2937 4469 3230 4552 respoudit}

2611 4565 2739 4618 Noa
2766 4571 3014 4626 constare
3040 4556 3106 4609 de
3130 4556 3387 4609 nullitate
3416 4550 3788 4608 Matrimonii.

2892 4735 3253 4813 QUAESTIO
3296 4734 3536 4798 CXCII.

2661 4930 2735 4992 In
2754 4927 2949 4993 Causa
2972 4928 3229 4989 Romana
3251 4923 3476 4985 Indalti
3493 4968 3509 4993 ,
3543 4914 3633 4982 dio
3666 4919 3762 4980 te.

2918 5021 3250 5086 Novembris
3298 5023 3471 5081 1720.

2437 5151 3005 5276 Eminentissimus
3055 5207 3351 5272 Dominus
3405 5196 3745 5269 Cardinalis
3791 5199 3996 5263 Mare-

2437 5319 2660 5373 seottus
2689 5327 2850 5371 anno
2876 5311 3050 5368 1717.
3085 5301 3537 5366 translationem
3572 5296 3714 5358 fecit
3752 5294 3991 5376 pensio·

2441 5404 2571 5478 nis,
2619 5422 2778 5485 quae
2815 5401 2929 5465 sibi
2960 5400 3160 5462 fuerat
3186 5399 3252 5460 in
3283 5393 3496 5478 majori
3526 5410 3763 5454 summa
3801 5408 3996 5451 reser-

775 5505 981 5569 monio
1030 5505 1096 5567 in
1149 5504 1415 5568 Ecclesia
1480 5510 1788 5567 contracto
1840 5500 2185 5566 interfuisse
2204 5546 2225 5577 ,
2276 5506 2339 5564 et
2443 5506 2616 5576 vata,
2642 5497 2850 5563 favore
2869 5493 3125 5559 Galeatii
3156 5492 3333 5555 Tursi
3358 5509 3469 5572 pro
3498 5486 3839 5571 quantitate
3860 5502 3999 5547 scu·
