4393 6299
983 543 1098 613 κη’

925 711 1200 777 Secundo
1230 730 1420 776 assem
1450 711 1920 776 haereditarium
1949 712 2214 793 ejusdem
2244 714 2356 773 Te·

1961 559 2405 628 Quem-iones
2442 557 2804 614 csso->uas

2469 724 2555 778 tas
2581 714 3012 795 adimpleatur,
3033 721 3093 774 et
3120 712 3351 794 integra
3368 711 3685 775 Missarum
3713 713 3997 798 suffragia

808 811 1050 873 statoris
1102 810 1277 872 finito
1323 808 1540 870 Uxoris
1583 808 1896 870 usufructu
1947 826 2074 871 esse
2132 808 2355 871 valoris
2464 828 2573 890 pro
2607 810 2737 893 ejus
2777 806 2979 870 anima
3008 807 3384 869 celebrentur
3402 809 3577 891 juxta
3620 808 3901 888 disposita
3940 810 4003 870 in

805 913 958 968 scut.
974 910 1152 968 2121.
1171 912 1485 987 totumque
1502 905 1667 969 hunc
1689 906 1953 968 valorem
1978 925 2103 968 esse
2123 905 2186 966 in
2207 905 2358 967 alias
2463 905 2840 966 Testamento
2858 948 2877 976 ,
2901 910 3027 965 tum
3052 901 3196 983 quia
3226 922 3343 963 non
3372 902 3590 965 adsunt
3616 902 4000 965 circumstan-

809 999 1023 1065 Missas
1052 1008 1180 1083 post
1205 1000 1438 1063 obitum
1462 1000 1942 1064 usufructuariae
1965 1001 2355 1081 erogandum.

924 1096 1127 1159 Tertio
1151 1095 1476 1178 Josepbum
1504 1116 1630 1160 aese
1662 1096 1925 1158 nobilem
1945 1141 1961 1167 ,
1992 1097 2091 1157 sed
2124 1095 2185 1156 in
2220 1116 2355 1176 ege-

805 1197 955 1255 state
976 1192 1389 1264 constitutum,
1410 1213 1547 1254 cum
1576 1203 1693 1255 tres
1715 1191 1874 1254 filios
1895 1191 2136 1261 habeat,
2165 1211 2355 1252 unum

806 1287 1139 1350 masculum
1158 1334 1175 1363 ‚
1201 1289 1352 1350 duas
1383 1287 1672 1351 foeminas
1692 1336 1706 1356 ,
1735 1288 1993 1349 Uxorem
2029 1305 2356 1366 praegnan-

807 1388 926 1444 tem
943 1430 960 1453 ‚
986 1391 1045 1446 et
1074 1391 1349 1445 teneatur
1378 1383 1634 1444 ulterius
1660 1380 1821 1443 alere
1847 1380 2210 1444 Annibalem
2237 1380 2352 1441 Ge-

807 1476 1062 1539 nitorem
1082 1524 1099 1550 ,
1125 1477 1381 1540 Matrem
1399 1524 1416 1550 ,
1441 1484 1500 1540 et
1523 1478 1738 1538 Aviam
1756 1477 2092 1539 Maternam
2110 1521 2127 1549 ,
2148 1484 2209 1539 et
2235 1495 2351 1536 non

804 1569 1029 1633 babeat
1055 1569 1119 1632 in
1142 1569 1339 1632 reditu
1365 1570 1479 1632 nisi
1508 1589 1708 1632 annua
1737 1578 1887 1631 scut.
1919 1573 2052 1630 110.
2084 1577 2356 1631 monetae

805 1665 1147 1737 Romanae,
1178 1683 1212 1726 a
1242 1683 1361 1744 qua
1403 1683 1637 1726 summa
1680 1662 1914 1725 detrahi
1952 1662 2173 1723 debent
2204 1671 2353 1724 scut.

806 1777 1013 1822 annua
1047 1761 1146 1819 29.
1183 1776 1295 1839 pro
1333 1756 1630 1819 fructibus
1661 1755 2093 1818 nonnullorum
2125 1754 2357 1817 debito-

804 1870 978 1913 rum.

925 1945 1156 2021 Quarto
1181 1943 1510 2024 Iosepbum
1556 1962 1683 2006 esse
1720 1942 2240 2005 commiseratione
2266 1940 2359 2004 di·

808 2059 1030 2122 gnum,
1060 2047 1119 2102 et
1159 2038 1244 2102 sic
1286 2038 1462 2100 finito
1489 2039 1758 2101 Joannae
1801 2035 2154 2109 usufructu,
2188 2053 2359 2119 posse

808 2135 939 2217 ejus
968 2131 1178 2195 favore
1203 2132 1474 2213 aliquam
1503 2130 1635 2194 fieri
1664 2130 2124 2212 assignationem
2153 2148 2227 2193 ex
2256 2130 2357 2192 bo-

808 2226 906 2289 nis
933 2226 1288 2290 Alexandri.
1311 2226 1476 2288 Haec
1502 2224 1704 2306 quoad
1731 2224 2041 2287 Ordinarii
2074 2220 2358 2286 informa·

804 2321 1067 2395 tionem3
1100 2339 1224 2401 quo
1255 2338 1396 2382 vero
1424 2317 1499 2381 ad
1525 2325 1814 2399 punctum
1844 2317 2064 2397 petitae
2088 2316 2356 2398 assigna-

801 2414 1007 2487 tionis,
1030 2413 1261 2477 censuit
1276 2411 1663 2476 Eminentissi
1672 2431 1804 2473 mus
1825 2410 2190 2474 Corradinus
2216 2418 2358 2473 tunc

802 2503 1144 2571 Praefectus
1169 2506 1231 2568 S.
1260 2506 1787 2588 congregationis,
1810 2505 1972 2585 quod
2002 2504 2077 2566 de
2105 2522 2177 2566 eo
2204 2511 2356 2566 esset

801 2601 868 2665 in
904 2600 1051 2664 folio
1082 2601 1416 2682 agendum,
1449 2620 1566 2662 non
1614 2601 1759 2681 quia
1793 2617 1918 2662 esse
1957 2605 2152 2679 posset
2190 2598 2356 2660 locus

803 2695 1261 2760 commutationi
1291 2693 1655 2768 voluntatis,
1687 2692 1788 2755 sed
1819 2691 1965 2774 quia
1989 2691 2233 2773 loseph,
2262 2699 2356 2754 ut-

803 2797 943 2872 pote
997 2788 1060 2850 in
1110 2796 1369 2870 egestate
1426 2788 1782 2850 constitutus
1808 2832 1826 2862 ,
1880 2786 1996 2849 sibi
2049 2786 2215 2849 visus
2266 2795 2354 2849 est

803 2882 967 2964 quod
997 2882 1285 2945 alimenta
1307 2881 1538 2963 dejure
1564 2892 1764 2962 petere
1789 2878 2017 2943 valeret
2043 2881 2123 2944 ab
2150 2881 2353 2943 haere-

805 2977 992 3040 ditate
1020 2975 1350 3039 Alexandri
1374 2975 1579 3037 Patrui
1603 3021 1620 3048 ,
1643 2982 1703 3037 et
1727 2975 1811 3036 sic
1832 2993 1937 3055 per
1960 2992 2350 3054 consequens,

803 3069 964 3151 quod
1018 3087 1052 3131 a
1110 3066 1343 3131 fortiori
1394 3067 1506 3131 sibi
1559 3076 1749 3149 posset
1795 3068 2104 3130 vindicare
2155 3068 2350 3130 locum

803 3163 1160 3226 charitativa
1177 3162 1484 3243 quaedam
1509 3163 1831 3244 assignatio
1863 3183 1936 3226 ex
1981 3162 2155 3224 bonis
2198 3164 2353 3244 ejus-

804 3257 941 3320 dem
983 3256 1346 3330 Alexandri,
1390 3265 1450 3319 et
1493 3257 1682 3319 multo
1724 3257 1910 3338 magis
1949 3265 2077 3337 post
2122 3255 2356 3318 obitum

805 3349 1075 3414 Joannae
1105 3348 1379 3412 haeredis
1410 3350 1908 3413 usufructuariae.

926 3444 1102 3519 Quod
1134 3445 1392 3505 Patruus
1422 3444 1709 3524 Nepotem
1727 3490 1744 3519 ,
1775 3451 1835 3506 et
1868 3463 1902 3505 e
1928 3461 2215 3505 converso
2241 3440 2355 3505 Ne·

808 3555 916 3617 pos
940 3538 1227 3598 Patruum
1255 3544 1524 3616 egentem
1552 3536 1713 3599 alere
1741 3544 2045 3609 teneatur,
2069 3556 2214 3599 vera
2236 3544 2356 3610 est,

810 3637 870 3691 et
900 3629 962 3689 in
1000 3629 1169 3710 praxi
1217 3629 1422 3709 opinio
1458 3639 1690 3710 recepta
1710 3632 1892 3709 juxta
1931 3632 2190 3692 celebrem
2239 3630 2352 3690 dec.

812 3728 944 3784 tat.
976 3743 1110 3804 paq.
1143 3728 1202 3784 7.
1237 3742 1346 3784 rec.
1378 3721 1626 3803 solaque
1652 3733 1740 3786 est
1766 3725 1924 3786 inter
1953 3726 2237 3787 Doctores
2262 3724 2356 3785 di-

808 3816 1103 3898 sputatio,
1134 3834 1210 3879 an
1240 3833 1393 3877 onus
1420 3815 1533 3877 hoc
1559 3817 1636 3879 sit
1665 3817 2007 3897 personale,
2037 3816 2130 3880 vel
2162 3817 2357 3891 reale,

807 3909 1088 3973 nonnulli
1140 3910 1365 3992 quippe
1413 3911 1782 3973 contendunt
1835 3930 1960 3973 esse
2012 3909 2356 3992 personale,

807 4024 917 4066 nec
946 4003 1202 4065 transire
1232 4001 1305 4064 ad
1336 4001 1619 4064 haeredes
1639 4004 1804 4064 Bou.
1831 4005 1896 4065 de
1916 4005 2203 4066 alimentis
2229 4023 2355 4084 cap.

807 4103 867 4160 8.
898 4096 964 4180 S.
998 4101 1097 4159 24.
1129 4098 1231 4157 sub
1260 4116 1419 4157 naon.
1455 4103 1592 4159 580.
1613 4146 1629 4169 ,
1661 4108 1711 4158 et
1743 4098 1979 4159 habetur
2005 4102 2069 4159 in
2098 4098 2264 4159 decis.
2297 4101 2355 4159 4.

808 4201 862 4251 et
882 4196 941 4251 7.
969 4200 1090 4271 post
1123 4188 1263 4251 Gob.
1298 4199 1465 4251 tract.
1497 4210 1622 4252 var.
1654 4202 1705 4252 et
1735 4194 1800 4251 in
1834 4192 2089 4253 Romana
2112 4193 2277 4253 alim.
2309 4201 2359 4252 et

806 4285 1023 4344 dotium
1051 4288 1148 4343 30.
1185 4282 1402 4344 Martii
1439 4287 1611 4345 1705.
1651 4303 1767 4345 eor.
1807 4286 1932 4345 bon.
1963 4304 2124 4345 ntem.
2155 4283 2359 4355 Muto,

806 4383 868 4439 et
896 4375 999 4438 alii
1031 4375 1378 4437 existimant
1405 4395 1557 4438 onus
1584 4396 1710 4439 esse
1762 4378 1956 4449 reale,
1991 4386 2049 4440 et
2084 4377 2168 4439 sic
2196 4388 2360 4440 tran·

806 4469 927 4532 sire
947 4470 1024 4531 ad
1046 4468 1329 4532 haeredes
1343 4515 1360 4542 ,
1389 4479 1448 4532 et
1470 4471 1628 4532 bona
1654 4472 1887 4534 afficere
1906 4471 2087 4534 Sur-d.
2112 4472 2176 4532 de
2195 4474 2358 4533 alim.

807 4566 897 4624 tit.
937 4568 992 4624 1.
1030 4573 1243 4643 quaest.
1295 4568 1394 4624 28.
1443 4562 1650 4626 Cauil.
1696 4577 1942 4627 controv.
1965 4568 2091 4645 jur.
2130 4575 2261 4626 tom.
2293 4571 2351 4626 8.

806 4678 931 4739 cap.
966 4662 1063 4719 66.
1095 4678 1253 4717 num.
1290 4662 1387 4718 59.
1423 4658 1587 4719 Inter
1616 4658 1723 4720 bas
1764 4660 2093 4723 contrarias
2118 4659 2352 4740 opinio·

812 4771 917 4812 nes
945 4751 1138 4813 media
1170 4751 1465 4831 quaedam
1514 4752 1771 4813 traditur
1798 4771 1835 4815 a
1880 4753 2188 4814 nonnullis
2221 4772 2354 4815 sen·

812 4845 1030 4919 tentia,
1060 4845 1221 4926 quod
1266 4865 1419 4906 onus
1449 4845 1726 4908 videlicet
1769 4850 2031 4929 rigorose
2057 4847 2358 4927 loquendo

809 4940 885 5001 sit
914 4938 1259 5020 personale,
1297 4938 1399 4999 sed
1437 4939 1597 5019 quod
1644 4959 1720 5001 ex
1751 4943 2053 5022 aequitate
2079 4941 2358 5022 Supremi

810 5032 1193 5115 Magistratus
1222 5031 1385 5094 reale
1413 5032 1543 5093 fieri
1574 5033 1757 5113 possit
1776 5033 1997 5095 Meron.
2024 5047 2205 5096 contr.
2228 5037 2354 5113 jur.

817 5129 914 5187 tib.
952 5130 1046 5187 12.
1080 5145 1204 5205 cap.
1240 5130 1297 5185 3.
1343 5136 1392 5185 et
1426 5128 1569 5186 hanc
1591 5131 1919 5189 sententiam
1950 5128 2012 5189 in
2042 5129 2181 5191 facti
2223 5147 2361 5191 con·

814 5219 1104 5301 tingentia
1139 5227 1336 5280 secuta
1369 5227 1457 5280 est
1494 5221 1886 5302 Congregatio
1929 5222 2059 5285 loco
2085 5223 2359 5305 Signatu-

816 5331 921 5375 rae
944 5312 1173 5393 gratiae
1202 5312 1290 5372 die
1317 5315 1411 5372 17.
1445 5311 1605 5391 Maji
1636 5318 1809 5375 1718.

2468 999 2591 1062 tiae
2611 1018 2719 1080 pro
2750 997 3216 1072 commutatione
3245 996 3602 1070 voluntatis,
3634 1017 3742 1058 nec
3774 1004 4002 1060 constat

2467 1094 2542 1156 de
2579 1101 2930 1175 paupertate
2956 1091 3230 1172 losephi,
3264 1100 3388 1153 tum
3430 1090 3573 1172 quia
3620 1091 3858 1153 nullum
3902 1111 4002 1153 ae·

2463 1188 2712 1267 quitatis
2731 1194 2998 1268 superest
3024 1185 3375 1265 vesti’gium3
3402 1186 3464 1246 in
3487 1204 3624 1247 casu
3645 1185 3866 1246 etenim
3889 1186 4003 1247 ali-

2466 1290 2803 1343 mentorum
2849 1288 2981 1362 post
3024 1280 3255 1342 obitum
3303 1279 3508 1341 Patrui
3552 1299 3629 1340 ex
3667 1280 3797 1360 ejus
3830 1277 4002 1340 bonis

2464 1376 2672 1455 Nepoti
2694 1374 3344 1437 subministrandorum
3365 1372 3426 1434 in
3452 1381 3685 1435 tantum
3710 1373 4004 1435 receditur

2462 1493 2497 1536 a
2534 1475 2734 1556 rigore
2768 1473 2957 1556 juris,
3004 1482 3064 1536 et
3088 1491 3240 1534 onus
3267 1491 3341 1534 ex
3372 1470 3671 1554 personali
3704 1469 3773 1532 fit
3802 1469 4001 1545 reale,

2463 1566 2524 1628 in
2566 1576 2863 1648 quantum
2908 1565 3189 1649 iniquum
3239 1585 3366 1628 esse
3409 1566 3646 1627 videtur
3690 1572 4007 1626 extraneos

2465 1660 2638 1723 bonis
2662 1659 2925 1723 defuncti
2955 1659 3113 1733 frui,
3144 1666 3202 1721 et
3234 1677 3546 1739 personam
3570 1657 3851 1720 defuncto
3877 1677 4008 1719 san·

2463 1755 2665 1836 guinis
2689 1754 2934 1818 vinculo
2961 1755 3338 1838 conjunctam
3366 1770 3602 1815 summa
3633 1759 3892 1834 egestate
3917 1751 4008 1814 la-

2465 1850 2682 1913 borare
2700 1896 2717 1925 ‚
2743 1850 2832 1912 uti
2861 1848 3255 1912 ratiocinatur
3276 1847 3556 1909 Merenda
3586 1849 3626 1907 l.
3652 1866 3703 1908 e.
3731 1864 3892 1928 quae
3917 1864 4011 1907 res

2467 1943 2619 2007 nihil
2667 1942 2851 2006 babet
2877 1962 3194 2007 commune
3221 1962 3357 2005 cum
3398 1960 3573 2015 casu,
3603 1940 3671 2001 in
3711 1959 3836 2021 quo
3867 1940 4010 2001 aub-

2464 2038 2683 2102 stantia
2710 2036 2974 2101 defuncti
3011 2043 3099 2099 est
3129 2035 3429 2118 eroganda
3457 2033 3520 2096 in
3555 2041 3642 2097 tot
3667 2032 4012 2116 minis-pro

2463 2133 2593 2214 ejus
2619 2131 2821 2195 anima
2850 2129 3246 2194 celebrandis.

2580 2226 2693 2289 His
2716 2225 3014 2289 stantibus
3037 2269 3056 2300 ,
3084 2223 3421 2306 quaeritur:

2579 2318 2696 2394 An,
2724 2319 3017 2401 quomodo,
3046 2327 3099 2381 et
3122 2320 3189 2379 in
3208 2309 3325 2399 qua
3336 2336 3558 2381 summa
3581 2317 3768 2399 petitis
3793 2317 3870 2379 eit
3893 2335 3996 2379 en·

2462 2415 2768 2477 nuendum.

2569 2605 2724 2659 Sacra
2745 2601 2931 2674 congr
2973 2601 3287 2672 respenditz

2639 2689 2908 2762 Negaeive
2922 2729 2935 2743 .

2871 2879 3229 2961 QUAESTIO
3281 2883 3594 2947 chxvl.

2577 3073 2651 3134 In
2686 3090 2860 3133 eausa
2899 3069 2954 3133 U
2954 3072 3270 3163 lioebonensi
3294 3068 3651 3133 occidentali
3671 3071 3760 3133 die
3793 3074 3888 3132 13.

3053 3164 3227 3225 Iunii
3261 3169 3435 3227 1722.

2467 3291 2595 3415 Ad
2618 3352 2963 3434 petitionem
2978 3351 3160 3430 Regis
3176 3350 3584 3432 portugalliae
3609 3347 3671 3412 S.
3700 3348 3784 3413 M.
3811 3348 4001 3411 Clem.

2463 3445 2624 3526 Papa
2653 3446 2767 3508 xt.
2818 3445 3136 3508 Civitatem
3173 3445 3633 3507 Ulixbonensem
3675 3444 4009 3526 aequaliter

2465 3539 2669 3601 divisit
2694 3539 2758 3601 in
2789 3539 2939 3602 duas
2966 3547 3188 3620 partes,
3216 3537 3588 3601 Orientalem
3622 3538 3847 3600 scilicet
3868 3584 3887 3612 ,
3946 3545 4008 3600 et

2464 3632 2940 3704 Occidentalem,
2997 3632 3202 3695 relicta
3246 3639 3416 3712 parte
3464 3631 3833 3694 Occidentali
3889 3632 4006 3694 sub

2465 3728 2716 3808 antiquo
2739 3728 3268 3808 Arebiepiscopatu
3308 3727 3701 3788 Ulixbonensi
3737 3735 3903 3799 tunc,
3949 3730 4010 3789 et

2465 3840 2658 3903 usque
2690 3822 2755 3882 in
2799 3836 3080 3902 praesens
3124 3827 3397 3891 vacante,
3429 3828 3489 3882 et
3514 3820 3817 3902 assignata
3842 3826 4011 3900 parte

2467 3915 2831 3978 Occidentali
2883 3934 3040 3977 novo
3089 3914 3641 3995 Arcbiepiscopatui
3696 3933 3835 3976 cum
3884 3914 4000 3976 Pa·

2471 4007 2777 4070 triarchali
2824 4007 3315 4071 denominatione
3355 4015 3575 4079 erecto,
3615 4015 3676 4068 et
3718 4007 3795 4070 ad
3843 4005 4002 4071 hane

2468 4101 3014 4182 metropolitanam,
3031 4112 3089 4164 et
3101 4101 3568 4164 Patriarcbalem
3580 4099 3904 4162 Ecclesiam
3916 4145 3932 4169 ,
3945 4106 4006 4163 et

2468 4196 2530 4257 in
2556 4196 2647 4258 sui
2680 4195 2989 4277 primaeva
3012 4195 3312 4257 erectione
3341 4203 3483 4257 tunc
3501 4193 4002 4267 vacantem,San·

2467 4290 2639 4352 etitas
2664 4308 2772 4351 sua
2799 4289 3106 4351 transtulit
3137 4289 3431 4350 Thomam
3459 4288 3534 4350 de
3560 4286 3834 4349 Almeida
3860 4285 4005 4367 Epi-

2468 4401 2710 4463 scopum
2735 4381 3271 4463 Portugallensem,
3297 4382 3382 4443 uti
3409 4380 3714 4463 colligitur
3730 4398 3804 4441 ex
3827 4377 4005 4443 Bulla

2472 4475 2785 4538 pontificia
2814 4476 2876 4537 in
2905 4475 3064 4537 Bull.
3118 4495 3256 4537 mox
3290 4473 3523 4537 edendo
3556 4472 3871 4536 inserenda
3892 4518 3909 4546 ,
3945 4480 4005 4536 et

2461 4569 2823 4632 exoratione
2841 4569 3237 4632 consistoriali
3270 4568 3476 4631 habita
3501 4568 3580 4630 ab
3602 4567 3811 4631 eodem
3836 4566 4007 4628 Sum·

2464 4683 2560 4725 rno
2582 4663 2868 4726 Pontifice
2889 4665 2977 4725 die
2997 4670 3056 4724 7.
3076 4663 3386 4725 Decembris
3416 4667 3585 4724 1716.
3604 4683 3661 4742 p.
3682 4666 3820 4723 221.
3848 4661 4006 4724 inter

2462 4760 2592 4837 ejus
2651 4777 2860 4819 revera
2890 4755 3280 4818 admirabiles
3306 4756 3608 4818 orationes
3636 4757 3858 4817 Romae
3886 4755 4001 4815 im-

2468 4866 2695 4930 pressas
2726 4850 2840 4912 hoc
2866 4869 3028 4911 anno
3056 4854 3229 4911 1722.

2581 4946 2940 5007 Procurator
2958 4944 3175 5006 Curiae
3186 4941 3614 5006 Patriarcbalis
3632 4941 3996 5003 Ulixbonen.

2464 5037 2862 5101 Occidentalis
2908 5039 3049 5100 huic
3104 5039 3165 5099 S.
3206 5036 3666 5119 Congregationi
3700 5032 4001 5115 exposuit,

2464 5131 2787 5193 nonnullos
2843 5131 3104 5193 Clericos
3160 5130 3607 5193 Patriarcbatus
3653 5127 3889 5209 origine
3939 5133 4000 5189 et

2464 5222 2768 5285 domicilio
2813 5223 3086 5286 subditos
3136 5223 3375 5304 petiisse
3421 5221 3863 5303 promotionem
3918 5218 3994 5281 ad

2462 5318 2673 5381 Sacros
2714 5317 2971 5380 Ordines
3013 5316 3091 5380 ad
3152 5315 3424 5378 Titulum
3482 5313 3873 5386 Patrimonii‚
3937 5321 3998 5375 et

933 5405 1234 5466 Adversus
1276 5405 1517 5486 Josephi
1572 5407 2042 5486 praetensionem
2097 5408 2356 5491 insurgit
2463 5412 2647 5475 fuisse
2669 5413 3212 5496 rejectosipsosque
3232 5409 3509 5481 subinde,
3526 5407 3737 5470 habito
3753 5426 3997 5470 recursu

815 5499 1047 5561 Joauna
1080 5497 1525 5561 usufructuaria
1543 5546 1560 5570 ,
1590 5509 1650 5562 et
1676 5499 1857 5564 instat
1885 5511 1952 5564 ut
1975 5502 2110 5565 Viri
2140 5502 2355 5564 volun·

2461 5506 2537 5568 ad
2566 5505 2910 5587 Capitulum
2966 5505 3329 5569 Ulixbonen.
3383 5501 3724 5577 Orientale,
3764 5509 3825 5565 et
3854 5500 3998 5582 Epi-
