4393 6299
1688 559 2153 631 Quffisrto
2199 552 2349 616 cxc.

393 724 557 778 ’auae
586 704 899 799 Religioni
927 715 1334 799 subjectarum
1360 760 1378 790 ,
1412 713 1528 778 nisi
1557 713 1724 797 prius
1742 712 1970 775 fuerint

415 810 498 871 ab
518 809 812 891 Episcopo
835 809 1154 892 approbati
1183 855 1201 883 ,
1226 811 1406 888 jaoeta
1430 806 1676 871 Constit.
1705 811 1798 869 18.
1827 803 1971 869 Gre-

412 906 567 983 gorii
595 902 726 965 XV.
775 903 942 965 Ball.
990 903 1052 987 §-
1091 910 1150 965 5.
1202 913 1335 963 tom.
1380 905 1439 963 4.
1486 920 1743 983 sequens
1769 909 1969 962 tamen

412 999 611 1078 quoad
645 1018 893 1061 casuum
921 1007 1364 1060 resen-vatorum
1391 996 1832 1059 absolutionem
1854 995 1970 1056 sibi

412 1094 657 1155 videtur
707 1094 1016 1155 distinctio
1041 1093 1243 1154 locum
1273 1112 1442 1173 posse
1466 1091 1773 1153 vindicare
1800 1132 1815 1151 .
1849 1091 1970 1151 Aut

417 1188 618 1269 agitur
647 1187 722 1250 de
752 1189 997 1250 casibus
1026 1187 1346 1249 reservatis
1365 1186 1442 1247 ab
1468 1185 1609 1267 ipsis
1630 1182 1971 1265 Superiori-

418 1280 533 1342 bus
557 1282 961 1364 Regularibus
982 1283 1058 1344 ad
1090 1280 1377 1343 terminos
1398 1279 1629 1342 Decreti
1653 1278 1974 1341 Clementis

416 1374 627 1436 Octavi
650 1387 771 1455 post
798 1374 1267 1436 Constitutionem
1292 1379 1390 1435 26.
1415 1376 1566 1434 inter
1586 1375 1720 1434 illas
1753 1372 1974 1434 Urbani

413 1465 619 1529 Octavi
648 1469 883 1530 Ballar.
924 1481 1056 1529 tom.
1099 1473 1158 1529 4.
1202 1488 1462 1549 cumque
1499 1469 1628 1549 ejus
1660 1467 1738 1527 sit
1771 1458 1970 1527 absol-

420 1582 598 1636 vere,
629 1565 801 1645 cujus
828 1572 913 1625 est
940 1562 1163 1645 ligare,
1193 1583 1312 1624 non
1343 1572 1589 1644 possunt
1611 1556 1971 1624 Monialium

419 1655 780 1719 confessarii
812 1658 1125 1719 absolvere
1147 1704 1165 1732 ,
1198 1658 1311 1723 nisi
1346 1658 1591 1720 obtenta
1620 1676 1655 1718 a
1682 1655 1975 1718 Praelatis

419 1750 827 1832 Regularibus
872 1751 1158 1813 facultate
1185 1800 1201 1823 ‚
1230 1751 1320 1812 uti
1358 1751 1478 1812 late
1514 1751 1840 1812 ostendunt
1863 1747 1971 1811 Lea

418 1862 570 1906 zana
602 1856 732 1905 tom.
779 1852 838 1907 5.
883 1848 959 1907 ad
996 1847 1437 1925 Marenmqnam
1480 1846 1779 1906 Minoram
1808 1864 1967 1905 nam.

424 1943 560 2000 113.
589 1950 642 2000 et
669 1943 801 2001 ¹14.
841 1939 1112 2002 Clericat.
1137 1944 1201 2001 in
1229 1944 1479 2021 alleyata
1516 1942 1681 2002 decis.
1714 1944 1813 2000 42.
1844 1932 1968 2001 sub.

417 2051 576 2094 num.
605 2038 663 2093 6.
689 2034 752 2094 de
773 2036 1134 2114 poenitentia.
1161 2036 1285 2096 Aut
1304 2035 1503 2117 agitur
1531 2033 1605 2095 de
1627 2033 1864 2095 casibus
1893 2032 1973 2095 ab

416 2126 710 2207 Episcopo
742 2128 1091 2203 reservatis,
1128 2130 1228 2203 sed
1259 2149 1379 2191 non
1414 2129 1478 2191 in
1509 2128 1726 2191 ordine
1745 2128 1822 2191 ad
1840 2147 1972 2191 eas-

414 2218 550 2283 dem
585 2222 927 2297 Moniales,
952 2243 1215 2305 cumque
1242 2223 1301 2285 in
1334 2223 1631 2305 praesenti
1659 2242 1856 2286 sermo
1893 2223 1971 2286 sit

420 2316 496 2378 de
522 2316 893 2381 Monialibus
926 2317 1070 2399 ipsis
1089 2319 1491 2401 Regularibus
1516 2318 1819 2401 subjectis,
1847 2337 1975 2399 pos-

422 2422 563 2474 sunt
595 2411 838 2474 eaedem
892 2413 1123 2475 absolvi
1171 2433 1277 2493 per
1318 2432 1463 2476 suos
1508 2412 1970 2475 Confessariosa

423 2506 664 2569 casibus
704 2506 1006 2588 Episcopo
1053 2508 1231 2570 modo
1261 2507 1567 2588 praedicto
1607 2506 1925 2569 reservatis
1950 2552 1968 2580 ,

422 2600 513 2662 uti
556 2601 948 2681 prosequitur
976 2600 1294 2663 Pellizzar.
1345 2604 1407 2662 in
1442 2601 1718 2663 Manual.
1762 2601 1966 2680 Requi.

421 2706 552 2756 tom.
589 2699 645 2757 1.
679 2707 847 2757 tract.
879 2702 935 2757 6.
962 2717 1089 2777 cap.
1119 2702 1177 2756 2.
1219 2718 1377 2757 nam.
1414 2701 1549 2757 112.
1595 2702 1704 2758 aut
1727 2696 1971 2758 demum

421 2791 625 2873 agitur
647 2792 721 2854 de
744 2791 981 2854 casibus
1004 2791 1082 2853 ab
1106 2791 1397 2872 Episcopo
1416 2790 1754 2872 specialiter
1782 2810 1972 2852 reser-

424 2885 580 2961 vatis
605 2930 623 2959 ,
658 2887 819 2966 quod
851 2886 1144 2948 Moniales
1172 2933 1186 2957 ‚
1218 2894 1277 2947 et
1311 2887 1372 2946 in
1399 2885 1648 2948 materia
1673 2892 1974 2966 spectante

421 2981 496 3043 'ad
539 2980 1027 3065 jurisdictionem
1073 2981 1403 3063 delegatam
1434 2981 1547 3043 sibi
1579 2981 1641 3042 in
1672 2982 1972 3042 Monoste·

421 3076 532 3137 riis
577 3075 936 3138 Monialium
987 3077 1122 3140 licet
1169 3078 1462 3159 exemptis
1497 3085 1969 3157 competentem,

423 3171 518 3232 vel
566 3170 628 3232 in
658 3170 963 3252 sequelam
993 3193 1122 3233 sess.
1150 3178 1247 3233 25.
1276 3195 1402 3254 cap.
1431 3180 1490 3235 5.
1523 3174 1587 3232 de
1616 3173 1891 3251 Reqular.
1921 3181 1973 3232 et

420 3265 675 3330 Monial.
707 3266 802 3328 vel
839 3267 901 3327 in
933 3266 1237 3347 sequelam
1268 3268 1479 3329 Bullae
1507 3267 1797 3348 allegatae
1822 3267 1973 3327 Gre-

420 3361 576 3442 gorii
608 3361 746 3422 XV.
777 3382 920 3439 qaae
952 3371 1029 3423 ext
1054 3367 1147 3422 18.
1175 3361 1338 3422 Ball.
1366 3376 1497 3423 tom.
1527 3367 1584 3424 4.
1611 3372 1670 3424 et
1694 3362 1806 3424 bac
1833 3360 1973 3424 facti

420 3454 618 3534 specie
645 3461 957 3534 nequeunt
983 3455 1340 3516 Confessarii
1372 3457 1609 3518 easdem
1638 3456 1971 3527 absolvere,

420 3547 535 3608 nisi
582 3546 790 3610 habita
820 3548 898 3610 ab
938 3549 1232 3630 Episcopo
1259 3549 1541 3611 facultate
1562 3595 1578 3622 ,
1615 3549 1876 3631 Cespedes
1908 3551 1974 3611 de

420 3655 666 3720 exempl.
724 3642 996 3721 Περιιὼν.
1044 3664 1167 3724 cap.
1198 3649 1297 3705 23.
1348 3646 1480 3705 dub.
1517 3649 1654 3706 357.
1699 3665 1859 3705 nam.
1910 3649 1968 3706 4.

424 3735 745 3799 Pellizzar.
775 3739 840 3798 de
876 3738 1130 3799 Monial.
1172 3759 1296 3820 cap.
1329 3745 1423 3800 10.
1467 3752 1596 3801 sect.
1638 3745 1692 3799 1.
1736 3742 1969 3801 sabsect.

423 3834 484 3890 2.
514 3851 675 3890 nam.
706 3835 804 3893 48.
836 3829 1108 3893 Clericat.
1156 3834 1322 3894 decis.
1351 3837 1448 3894 42.
1492 3835 1594 3893 sub
1623 3854 1780 3894 nam.
1813 3840 1871 3895 6.
1907 3835 1972 3895 de

411 3926 720 4003 poenitent.
767 3923 989 3986 Donat.
1023 3928 1086 3984 in
1108 3928 1292 4006 praxi
1332 3943 1445 3987 rer.
1494 3927 1695 4006 Requl.
1742 3938 1873 3987 tom.
1907 3932 1965 3989 4.

416 4027 586 4079 tract.
623 4022 717 4079 13.
744 4029 961 4102 quaest.
990 4023 1088 4081 33.
1120 4040 1222 4100 per
1248 4029 1440 4082 totam.
1750 4079 1755 4084 .

486 4127 491 4132 “
536 4111 701 4173 Haec
719 4121 861 4173 sunt
885 4158 901 4185 ,
936 4132 1092 4193 quae
1111 4114 1186 4175 ad
1210 4113 1394 4197 hujus
1413 4115 1743 4178 Instantiae
1763 4161 1781 4190 ,
1812 4135 1971 4197 quae

418 4206 781 4285 proponitur
808 4253 823 4278 ‚
860 4207 1326 4270 declarationem
1352 4254 1369 4282 ,
1393 4218 1454 4271 et
1488 4210 1550 4270 in
1599 4230 1722 4291 qua
1761 4211 1967 4272 nullus

419 4298 671 4373 scribit,
714 4300 881 4380 potui
937 4303 1000 4361 iu
1047 4301 1405 4382 obsequium
1446 4302 1967 4366 Eminentissimo·

417 4409 554 4453 rum
584 4394 829 4455 Patrum
859 4394 1142 4477 colligere
1169 4419 1185 4470 3
1222 4395 1494 4479 adeoque
1524 4400 1865 4479 quaeritur:

535 4485 588 4547 1.
628 4487 724 4547 An
760 4486 1109 4566 confessarii
1132 4490 1437 4571 Reqnlares
1456 4496 1670 4573 possint
1698 4492 1968 4556 Saecula-

423 4597 511 4641 res
544 4591 715 4643 extra
751 4572 947 4644 mariis
981 4587 1302 4665 periculam
1343 4588 1623 4649 absolvere
1668 4608 1706 4651 a
1750 4590 1967 4650 casibus

419 4672 740 4739 Ordinario
758 4681 1052 4740 reservatis
1070 4682 1134 4739 in
1154 4700 1290 4741 casu
1307 4692 1408 4741 etc.

533 4768 620 4831 11.
663 4772 759 4831 An
785 4770 1132 4852 confessarii
1158 4773 1515 4835 Monialiam
1540 4787 1961 4857 exemptarum,

415 4871 471 4922 et
490 4861 780 4925 Praelatis
812 4865 1186 4944 Requlariam
1217 4867 1593 4944 subjectarum
1615 4872 1832 4949 possint
1853 4891 1965 4931 eas-

413 4956 537 5017 dem
575 4960 748 5019 etiam
790 4971 963 5021 extra
998 4963 1195 5021 mortis
1237 4963 1560 5042 periculam
1596 4963 1877 5026 absolvere
1926 4985 1965 5028 a

416 5052 633 5111 casibus
660 5051 935 5133 Episcopo
958 5056 1253 5114 reservatis
1279 5057 1344 5113 in
1367 5074 1502 5116 casu
1534 5065 1634 5115 etc.

531 5143 646 5206 111.
679 5148 775 5206 An
799 5150 1081 5227 supposito
1109 5149 1283 5209 edicto
1312 5169 1488 5229 supra
1513 5152 1780 5210 recensito
1812 5150 1963 5212 Con-

413 5237 680 5316 {marias
703 5241 1005 5320 Reyalaris
1026 5252 1197 5304 extra
1223 5244 1418 5302 mortis
1439 5244 1755 5323 periculam
1780 5245 1964 5305 absol-

413 5347 541 5412 Ome
553 5333 1111 5418 possit-Saeculanus
1127 5337 1446 5417 complicem
1470 5339 1728 5399 criminis
1754 5357 1965 5402 carna-

417 5423 490 5487 lis
508 5430 735 5488 externi
748 5431 1067 5493 mortaliter
1087 5433 1459 5513 peccaminosi
1482 5451 1665 5495 secum
1687 5436 1965 5497 commissi

414 5519 483 5580 in
506 5541 642 5583 casa
660 5532 767 5585 ete.

3347 538 3460 615 m

2200 714 2234 773 1
2239 712 2305 773 V.
2353 713 2450 775 An
2477 713 2762 796 :apposito
2788 713 3007 793 pariter
3043 713 3226 774 eodem
3247 712 3444 789 edicto,
3478 712 3631 778 Con-

2077 810 2347 887 fesearias
2391 807 2695 886 Reqalaris
2723 805 3081 869 Monialiuns
3108 820 3498 889 exemptarum
3530 810 3633 872 ab·

2078 905 2284 962 solvere
2305 901 2476 982 possit
2517 898 2836 962 Martialem
2870 903 3189 981 complicem
3219 903 3479 962 criminis
3503 892 3635 964 car-⁴·

2078 999 2231 1058 natis
2259 998 2487 1057 externi
2521 996 2844 1057 mortaliter
2868 997 3239 1079 peccaminosa·
3266 1010 3448 1057 secam
3485 1017 3637 1058 com-

2080 1093 2239 1151 missi
2257 1093 2322 1150 in
2348 1110 2482 1152 casa
2511 1101 2613 1151 etc.

2185 1282 2339 1334 Sacra
2364 1282 2562 1347 Congr.
2593 1280 2900 1348 respondit=

2259 1368 2357 1422 Ad
2380 1367 2632 1422 Primum
2661 1368 2923 1437 negative.
2952 1366 3050 1421 Ad
3067 1366 3361 1420 secundum
3391 1365 3643 1437 affirma-

2074 1457 2198 1522 εἶναι,
2246 1467 2629 1526 praeterquam
2682 1455 2870 1526 quoad
2921 1459 3112 1521 Casas,
3164 1474 3298 1524 quos
3333 1456 3644 1522 Episcopus

2070 1545 2182 1597 siba·
2205 1544 2556 1598 reservaverit
2577 1544 2633 1596 in
2662 1546 2894 1598 materia
2925 1547 3076 1597 clare
3102 1530 3379 1615 spectante
3423 1543 3499 1596 ad
3532 1547 3638 1598 Ju-

2076 1631 2454 1686 risdictionem
2479 1632 2810 1702 delegatam.
2840 1634 2938 1688 Aa
2966 1634 3209 1687 Tertiam
3237 1632 3507 1702 negative.
3547 1632 3646 1686 Ad

2083 1721 2351 1788 Quartam
2401 1719 2745 1791 affirmative
2759 1760 2779 1790 ,
2832 1733 3101 1791 qnatenus
3152 1734 3265 1776 non
3309 1721 3384 1776 sit
3422 1720 3642 1775 violata

2084 1811 2374 1863 clausura.

2499 1924 2502 1927 ’
2547 1971 2910 2050 Qufflsrlo
2953 1974 3160 2038 cxcl.

2157 2146 2230 2207 In
2278 2142 2477 2209 Causa
2523 2144 3265 2213 TaurinensiMatr-imonii
3285 2194 3305 2224 ,
3344 2148 3435 2210 die
3457 2149 3555 2209 16.

2571 2240 2903 2304 Novembris
2932 2244 3105 2304 1720.
3299 2244 3300 2251 ’

2079 2354 2300 2476 Anno
2328 2419 2507 2480 1696.
2528 2412 2750 2501 Joseph
2772 2414 3195 2498 Castagnerius
3215 2413 3389 2478 Miles
3408 2414 3473 2476 in
3489 2409 3639 2476 Ter-

2080 2504 2148 2572 ra
2179 2510 2486 2572 Demontii
2516 2510 2849 2573 Taurinou.
2882 2511 3204 2585 Dioecesis,
3241 2509 3641 2579 dum-Milites

2081 2603 2534 2675 Pedemontani‚
2558 2603 2740 2685 vulgo
2767 2594 3054 2679 Focilieri,
3080 2604 3143 2664 in
3168 2605 3376 2667 eadem
3402 2622 3641 2685 perma-

2081 2698 2337 2769 nebant,
2379 2699 2836 2759 matrimonium
2890 2719 2995 2780 per
3023 2700 3207 2761 verba
3238 2699 3313 2761 de
3339 2694 3638 2780 praesenti

2078 2793 2380 2852 contraxit
2407 2811 2545 2852 cum
2567 2782 2917 2853 Constantia
2959 2791 3196 2853 Borella
3229 2812 3434 2854 coram
3463 2792 3643 2854 Patre

2080 2884 2457 2966 Hieronymo
2480 2906 2552 2947 ex
2582 2886 2812 2948 familia
2835 2888 2895 2948 M
2904 2884 3637 2950 inorumObservantium

2078 2981 2377 3041 exercitus
2406 2974 2791 3060 Cappellano.
2880 2965 2889 2975 ⁸
3155 3030 3158 3033 ,

2198 3074 2312 3134 Per
2335 3092 2563 3134 annum
2594 3074 2833 3136 circiter
2860 3074 3156 3166 Conjuges
3182 3075 3426 3137 insimul
3453 3076 3634 3139 coha-

2082 3167 2354 3230 bitarunt
2374 3215 2389 3242 ,
2413 3237 2420 3240 ,
2442 3168 2548 3230 sed
2579 3189 2716 3231 cum
2765 3170 2986 3249 Joseph
3036 3169 3326 3232 militaria
3380 3170 3640 3234 subinde

2078 3263 2246 3344 signa
2272 3275 2597 3344 sequutus,
2625 3263 2706 3324 ab
2753 3263 2952 3325 Uxore
2985 3263 3333 3336 diverterit,
3363 3264 3441 3327 ad
3473 3264 3639 3328 Civi-

2082 3366 2262 3419 tatem
2289 3360 2526 3419 tandem
2554 3358 2731 3419 rediit
2759 3357 3009 3420 Taurini
3031 3377 3194 3420 anno
3221 3363 3396 3420 1713.
3425 3358 3491 3419 in
3514 3376 3639 3439 qun

2079 3469 2218 3513 cum
2239 3452 2649 3514 Constantiam
2678 3451 3047 3532 invenisset,
3085 3452 3271 3532 ipsam
3296 3452 3358 3513 in
3383 3454 3486 3535 jus
3527 3472 3640 3516 vo·-

2079 3547 2240 3608 cavit
2267 3546 2329 3607 in
2359 3547 2541 3609 Curia
2580 3546 3089 3629 Arcbiepiscopali
3118 3592 3137 3620 ,
3189 3547 3637 3628 praetendendo

2082 3641 2453 3703 matrimonii
2485 3641 2849 3703 nullitatem.

2196 3736 2423 3817 Joseph
2458 3737 2662 3817 itaque
2692 3737 2966 3800 formiter
2988 3785 3005 3809 ,
3033 3736 3418 3818 praeviisque
3447 3735 3637 3798 inter·

2081 3829 2399 3910 rogatoriis
2447 3831 2862 3904 examinatus,
2910 3830 3212 3892 confessus
3239 3839 3327 3892 est
3364 3850 3428 3892 se
3473 3849 3638 3893 anno

2080 3928 2255 3984 1695.
2285 3925 2739 3986 matrimonium
2769 3944 2905 3985 cum
2930 3924 3276 3986 Constantia
3303 3926 3634 3986 contraxis-

2076 4038 2170 4092 se,
2219 4027 2278 4080 et
2312 4038 2448 4080 cum
2480 4019 2688 4081 eadem
2733 4019 3039 4081 habitasse
3070 4037 3175 4099 per
3204 4036 3435 4080 anuum
3457 4064 3474 4089 ,
3530 4016 3633 4079 sed

2076 4114 2531 4175 matrimonium
2561 4133 2689 4176 esse
2717 4113 2955 4176 nullum
2981 4159 2999 4187 ,
3031 4120 3237 4194 utpote
3259 4120 3634 4175 contractum

2076 4227 2277 4269 eoram
2310 4208 2609 4292 Religioso
2632 4208 2997 4289 Cappellano
3024 4208 3370 4281 Exercitus,
3402 4205 3510 4289 qui
3550 4207 3634 4271 fa·

2074 4301 2357 4364 cultatem
2389 4322 2509 4365 non
2536 4303 2799 4365 habebat
2825 4323 2900 4365 ex
2930 4322 2994 4364 se
3041 4302 3447 4365 matrimonio·
3475 4303 3632 4365 inte-

2076 4396 2383 4472 ressendi3
2415 4397 2647 4478 quique
2699 4397 3010 4460 licentiam
3050 4416 3086 4459 a
3126 4396 3395 4459 Parocbo
3429 4398 3506 4459 ad
3537 4397 3634 4458 di·

2069 4498 2234 4551 ctum
2275 4492 2553 4554 effectum
2605 4512 2722 4553 non
2756 4483 3196 4572 reportaverat,
3231 4499 3290 4554 et
3334 4511 3369 4552 e
3416 4498 3630 4555 contra

2075 4585 2424 4647 Constantia
2448 4586 2681 4667 excepit
2704 4585 3155 4646 matrimonium
3181 4585 3363 4647 fuisse
3383 4584 3631 4664 quidem

2071 4688 2445 4743 contractum
2488 4700 2693 4743 coram
2737 4678 3103 4760 Cappellano
3148 4678 3489 4750 Exercitus,
3523 4679 3630 4743 sod

2072 4795 2213 4837 eum
2253 4795 2289 4837 a
2320 4795 2429 4836 suo
2467 4774 2736 4838 Parocbo
2776 4777 2997 4837 Terrae
3024 4774 3329 4837 Dementii
3375 4772 3631 4839 faculta-

2075 4877 2192 4930 tem
2224 4868 2578 4930 obtinuisse.

2188 4963 2443 5025 Haecin
2482 4962 2664 5025 Curia
2707 4963 3213 5045 Arcbiepiscopali
3263 4961 3624 5026 Taurinensi

2072 5055 2321 5118 fuerunt
2368 5057 2623 5139 allegata
2659 5076 2820 5119 anno
2853 5063 3028 5119 1713.
3068 5058 3342 5139 Cumque
3387 5076 3424 5120 a
3466 5056 3629 5119 dicto

2075 5159 2340 5231 tempore
2385 5169 2577 5230 usque
2605 5152 2681 5211 ad
2725 5170 2955 5212 annum
2987 5156 3162 5211 1719.
3207 5149 3445 5211 nullum
3493 5169 3628 5212 am-

2074 5243 2233 5325 plius
2298 5243 2485 5305 suerit
2529 5254 2756 5306 motum
2809 5245 3065 5307 verbum
3115 5246 3189 5305 de
3250 5245 3622 5308 matrimonii

2072 5337 2381 5412 nullitate,
2412 5337 2819 5400 controversia
2863 5357 3026 5399 auno
3070 5343 3243 5399 1719.
3281 5358 3485 5400 coram
3514 5338 3626 5399 vi-

2068 5432 2233 5493 cario
2260 5430 2592 5511 Capitulari
2615 5432 2731 5494 fuit
2766 5431 2985 5493 iterum
3015 5431 3309 5507 excitata,
3339 5434 3499 5497 etad
3528 5453 3627 5504 ses·

2070 5534 2322 5606 quentes
2348 5527 2733 5608 probationes
2755 5528 3078 5590 deventum
3104 5536 3213 5590 est.
3309 5523 3310 5528 ’
