4393 6299
1626 490 2086 563 Quaesss'rto
2147 492 2412 547 cmxiv.

407 637 683 718 sequitur
719 641 866 702 Rota
897 641 962 701 in
982 639 1377 722 Pampilonm.
1400 645 1825 722 illegitimitatis
1855 649 1948 704 10.

3308 490 3416 545 2¹⁹

2181 644 2504 707 Occasione
2530 645 2824 707 secundae
2852 642 3278 725 propositionis
3297 640 3479 723 hujus
3502 641 3597 702 in·

403 733 581 794 Junii
603 740 777 796 1609.
800 734 869 817 3.
896 756 994 796 nec
1013 737 1192 798 obstat
1219 759 1408 800 coram
1455 741 1580 799 bon.
1607 762 1768 800 mem.
1791 739 1958 800 Justo
2062 740 2318 800 stantiae
2354 739 2467 801 fnit
2496 740 2573 802 ab
2602 741 2792 802 altero
2809 760 2882 801 ex
2913 739 3034 800 EE.
3066 738 3179 797 PP.
3206 737 3599 805 insinuatum,

405 831 674 908 impressa
721 831 876 910 apud
914 829 1096 893 Garz.
1135 835 1200 892 de
1249 832 1444 911 Bonos.
1479 856 1606 915 par.
1639 842 1697 896 7.
1730 857 1854 915 cap.
1891 841 1949 896 2.

402 925 506 982 sub
555 945 614 984 n.
656 929 753 986 40.
775 972 792 999 ,
843 935 894 986 et
945 927 1110 986 decis.
1166 932 1302 988 355.
1355 949 1514 989 num.
1577 936 1634 991 9.
1698 950 1829 1011 par.
1894 935 1948 990 1.

403 1017 630 1079 Recent.

527 1114 841 1194 Proposita
893 1113 1009 1175 fnit
1033 1135 1208 1178 rausa
1239 1115 1302 1177 in
1349 1117 1820 1201 Congregatione
1845 1140 1954 1193 nec

407 1205 532 1267 11118
555 1206 673 1269 fuit
700 1215 871 1288 capta
896 1207 1207 1282 resolutio,
1224 1210 1325 1270 sed
1357 1210 1605 1284 dictum,
1628 1212 1787 1292 qnod
1814 1233 1950 1293 pro-

405 1300 685 1362 bationes
708 1300 1223 1381 coadjuvarentur
1248 1307 1421 1383 juxta
1456 1305 1940 1367 instructionem.

523 1394 927 1456 Cobaerenter
956 1395 1029 1457 ad
1060 1396 1174 1458 hoc
1227 1416 1576 1478 responsum
1619 1400 1774 1461 edita
1837 1400 1954 1464 fuit

403 1486 725 1548 instructio
749 1488 809 1549 in
838 1488 952 1550 hoc
975 1489 1504 1571 consistenS,quod
1531 1492 1951 1556 examinaren-

404 1588 506 1642 tur
555 1581 830 1644 formiter
894 1584 1096 1643 Testes
1166 1583 1558 1664 deponentes,
1633 1589 1796 1668 quod
1837 1588 1950 1650 filii

405 1675 599 1738 habiti
629 1695 862 1755 semper
886 1676 1115 1738 fuerint
1135 1695 1246 1757 pro
1276 1679 1579 1761 legitimis,
1601 1690 1659 1753 et
1678 1683 1838 1762 quod
1869 1682 1951 1744 al-

408 1778 502 1830 ter
534 1790 610 1831 ex
636 1770 722 1831 eis
745 1770 1207 1832 Matrimonium
1239 1775 1543 1837 contraxit
1568 1796 1704 1836 cum
1749 1776 1949 1837 Nobili

405 1863 687 1935 Muliere3
711 1864 848 1925 item
867 1864 1026 1944 quod
1049 1864 1581 1945 coadjuvarentur‚
1596 1869 1644 1928 si
1672 1869 1952 1949 possibile

403 1966 579 2028 esset,
598 1976 702 2036 per
723 1958 921 2019 Testes
949 1957 1230 2019 formiter
1252 1961 1705 2035 examinandos,
1728 1962 1819 2023 vel
1849 1983 1950 2039 per

406 2050 528 2111 alia
562 2050 825 2131 legitima
867 2052 1224 2114 documenta
1245 2102 1261 2124 ‚
1313 2055 1695 2135 probationes
1722 2057 1795 2118 de
1822 2058 1950 2119 Ma-

406 2145 694 2206 trimonio
735 2165 936 2207 coram
988 2147 1307 2210 Sacerdote
1359 2157 1695 2222 contracto,
1743 2170 1953 2212 rursus

404 2239 564 2318 quod
594 2239 777 2300 simili
800 2240 977 2301 modo
996 2242 1409 2304 ostenderetur
1435 2242 1828 2305 Guillelmum
1847 2292 1863 2319 ,
1894 2255 1953 2309 et

412 2331 780 2393 Ludmillam
811 2353 874 2393 se
904 2340 1189 2396 tractasse
1218 2344 1503 2414 tanquam
1540 2357 1711 2399 veros
1739 2337 1956 2419 Conju-

409 2443 533 2502 ges,
560 2425 727 2486 etuti
760 2427 910 2488 tales
936 2425 1184 2489 habitos
1208 2427 1390 2490 fuisse
1428 2429 1637 2491 saltem
1683 2431 1745 2492 in
1783 2431 1954 2493 initio

407 2518 807 2594 Matrimonii,
838 2529 898 2582 et
919 2521 1063 2600 quia
1097 2506 1160 2582 in
1193 2523 1620 2586 informatione
1657 2525 1952 2607 archiepi-

408 2611 631 2692 scopali
655 2612 883 2674 dictum
906 2613 1125 2688 fuerat,
1151 2617 1501 2679 transmissa
1514 2617 1697 2680 fnisse
1715 2637 1750 2680 a
1773 2618 1956 2682 Curia

408 2713 721 2788 praecepta
749 2707 824 2769 ad
857 2709 1142 2771 Oratores
1185 2710 1261 2772 de
1291 2729 1354 2771 se
1380 2710 1456 2772 ad
1482 2711 1739 2773 invicem
1784 2732 1954 2793 sepa-

406 2801 620 2871 rando,
642 2801 739 2863 vel
759 2801 833 2863 de
855 2803 1266 2865 contrahendo
1291 2805 1701 2879 Matrimonio‚
1725 2828 1954 2870 necnon

410 2894 637 2955 mentio
664 2893 872 2957 habita
919 2895 1118 2958 fuerat
1147 2897 1454 2977 cujusdam
1491 2900 1698 2961 Brevis
1743 2902 1959 2965 Sacrae

410 2987 939 3058 Poenitentiariae,
959 2990 1185 3052 dictum
1210 2991 1350 3066 fuit,
1372 2995 1535 3073 quod
1563 2996 1768 3076 copiae
1792 3017 1958 3077 prae·

410 3090 745 3162 ceptorum,
771 3092 830 3144 et
855 3083 1065 3144 Brevis
1092 3085 1674 3149 transmitterentur.

528 3174 801 3255 Cumque
815 3176 876 3236 in
901 3178 1258 3258 obsequium
1277 3182 1548 3262 rescripti
1569 3183 1785 3247 Sacrae
1802 3186 1958 3248 Con-

412 3270 778 3350 gregationis
813 3271 876 3330 in
906 3271 1202 3352 scriptura
1238 3294 1344 3354 per
1392 3295 1607 3338 manus
1637 3278 1952 3343 circumfe-

409 3362 595 3424 renda
619 3363 980 3425 exhibeatur
1008 3367 1256 3445 epistola
1290 3369 1517 3431 Judicis
1539 3373 1831 3452 Delegati,
1850 3397 1953 3437 ex·

407 3454 735 3517 hibeantur
763 3457 963 3518 Testes
987 3458 1263 3522 formiter
1293 3465 1642 3536 examinati,
1668 3470 1953 3531 exhibea·

409 3557 511 3611 tur
532 3550 1284 3632 repetitumjuramentum
1334 3557 1644 3620 Guillelmi
1688 3563 1814 3644 jam
1850 3565 1954 3625 de-

416 3643 649 3722 crepiti,
680 3652 740 3705 et
765 3646 939 3705 morti
977 3648 1263 3726 proximi,
1295 3652 1530 3730 absque
1562 3674 1631 3713 co
1658 3658 1817 3733 qnod
1854 3677 1953 3719 no-

409 3756 554 3797 vum
575 3738 989 3817 juramentum
1021 3740 1202 3802 fucrit
1225 3744 1508 3806 emissum
1539 3766 1569 3805 a
1605 3748 1907 3810 Ludmilla
1935 3797 1951 3823 ‚

412 3838 620 3910 utpote
649 3853 681 3893 a
717 3829 847 3892 loco
869 3834 1138 3905 absente,
1165 3836 1434 3899 exhibita
1465 3839 1686 3901 fuerint
1717 3863 1954 3922 praece-

409 3932 510 4003 pta
546 3924 926 4005 episcopalia,
980 3944 1137 4006 quae
1169 3939 1371 4009 utpote
1399 3930 1552 3993 facta
1581 3938 1749 3995 annis
1778 3941 1950 3998 1701.

411 4029 463 4077 ct
512 4023 683 4078 1702.
722 4039 839 4079 11011
869 4020 1109 4082 obstare
1133 4022 1440 4097 dicuntur,
1467 4046 1602 4087 cnm
1641 4029 1953 4091 Matrimo-

413 4110 581 4170 nium
606 4122 745 4172 ante
776 4113 1178 4194 quadraginta
1214 4136 1405 4178 annos
1448 4118 1668 4180 initum
1725 4121 1950 4197 fuisset,
2056 4115 2064 4125 ⁰

408 4212 469 4265 et
490 4205 667 4285 juxta
696 4205 1152 4267 instructionem
1205 4211 1632 4273 attendendum
1659 4234 1954 4294 suppona-

2065 852 2185 892 non
2218 853 2434 912 parum
2457 854 2582 896 esse
2610 833 2882 914 petitioni
2913 833 3301 913 profuturum
3321 880 3334 901 ‚
3369 831 3417 890 si
3446 831 3602 891 noti-

2067 928 2150 989 tia
2180 928 2389 989 haberi
2423 938 2615 1008 posset
2634 929 2707 989 de
2726 947 2943 1008 genere
2972 926 3133 989 vitae
3162 923 3496 998 Guillelmi,
3542 933 3604 986 et

2065 1021 2427 1091 Ludmillae,
2443 1023 2516 1083 de
2534 1021 2876 1102 frequentia
2896 1022 3443 1089 Sacramentorum,
3464 1040 3604 1080 cum

2062 1115 2536 1194 imperceptibile
2569 1117 2867 1189 videatur,
2893 1116 3056 1197 quod
3101 1114 3282 1176 iidem
3327 1114 3605 1176 christia-

2063 1229 2144 1269 ne
2171 1211 2458 1283 vixerint,
2490 1221 2544 1271 et
2575 1210 2958 1273 Sacramenta
2979 1209 3518 1289 frequentaverint,
3543 1215 3605 1270 et

2066 1303 2225 1364 inter
2253 1324 2353 1365 eos
2380 1324 2500 1365 non
2544 1306 2926 1384 praecesserit
2948 1302 3402 1366 Matrimonium
3427 1310 3605 1383 puta-

2064 1397 2185 1458 tive
2207 1397 2501 1471 validum,
2532 1417 2926 1479 concessaque
2945 1417 3098 1460 nova
3120 1396 3604 1466 audientia,cum

2062 1510 2257 1553 novae
2287 1492 2673 1572 probationes
2694 1492 3048 1555 advenerint
3067 1492 3140 1554 de
3166 1489 3459 1553 laudabili
3478 1490 3606 1552 vita

2067 1585 2402 1659 Guillelmi,
2445 1598 2504 1648 et
2556 1587 2927 1660 Ludmillae,
2972 1587 3046 1649 de
3079 1586 3605 1647 sacramentorum

2066 1679 2431 1759 frequentia,
2476 1681 2552 1743 de
2590 1682 2893 1743 communi
2928 1681 3087 1742 fama
3122 1678 3397 1762 Conjugii
3445 1678 3604 1739 inter

2061 1775 2298 1836 eosdem
2358 1775 2527 1848 initi,
2588 1773 2871 1855 quodque
2933 1774 3264 1836 notabilius
3310 1780 3418 1845 cst,
3467 1791 3607 1832 cum

2060 1867 2447 1939 GuillelmuS,
2484 1869 2588 1949 qui
2623 1869 2735 1929 boc
2757 1869 2995 1930 interim
3022 1868 3209 1930 vitam
3243 1886 3380 1928 cnm
3405 1874 3607 1939 Jnorte

2060 1962 2490 2032 commutavit,
2513 1962 2735 2024 nedum
2762 1963 2822 2022 in
2848 1963 3227 2022 Testamento
3274 1958 3431 2020 filios
3457 1958 3606 2020 scri·

2060 2056 2244 2134 pserit
2267 2055 2553 2118 haeredes
2569 2105 2586 2128 ,
2615 2065 2676 2118 et
2701 2075 2801 2118 eos
2835 2053 3157 2117 asseruerit
3177 2052 3442 2134 letigime
3463 2071 3605 2131 pro·

2062 2158 2326 2220 creatos,
2384 2169 2455 2209 ex
2488 2169 2610 2228 quo
2645 2158 2785 2210 ante
2813 2146 3212 2228 quadraginta
3244 2165 3437 2207 annos
3468 2163 3605 2205 cum

2063 2240 2366 2303 Ludmilla
2414 2240 2872 2302 Matrimonium
2926 2239 3227 2301 contraxit
3258 2257 3459 2299 coram
3494 2237 3605 2298 Sa-

2063 2335 2302 2396 cerdote
2333 2335 2395 2395 in
2425 2335 2687 2397 Ecclesia
2739 2335 2851 2396 loci
2896 2336 3113 2406 Tman,
3148 2344 3455 2394 aeternam
3485 2329 3606 2391 sibi

2063 2428 2450 2507 imprecando
2472 2429 2944 2501 damnationem,
2978 2427 3025 2488 si
3052 2427 3227 2488 aliter
3256 2445 3352 2487 res
3392 2445 3455 2487 se
3495 2424 3608 2487 ba-

2063 2522 2223 2595 beat,
2251 2523 2353 2583 sed
2388 2521 2645 2583 ulterius
2671 2532 2803 2603 post
2831 2531 3131 2602 peractam
3163 2519 3609 2592 Confessionom

2063 2615 2591 2688 Sacramentalem‚
2631 2623 2691 2676 et
2732 2617 2939 2696 paucis
2967 2624 3108 2678 ante
3156 2614 3387 2675 obitum
3441 2613 3611 2675 horis

2062 2728 2266 2770 coram
2298 2709 2589 2783 Parocbo,
2626 2718 2685 2772 et
2714 2710 2852 2772 aliis
2880 2709 3149 2791 probatis
3196 2708 3473 2771 Testibus
3503 2708 3611 2769 ad-

2062 2803 2361 2864 stantibus
2380 2851 2398 2874 ,
2465 2813 2525 2865 et
2572 2805 3028 2866 Matrimonium
3090 2803 3251 2864 bona
3302 2801 3423 2865 fide
3471 2823 3613 2867 cum

2067 2896 2375 2958 Ludmilla
2397 2916 2597 2959 coram
2619 2898 2936 2959 Sacerdote
2958 2906 3355 2971 contractum,
3378 2907 3437 2959 et
3462 2906 3613 2959 tcm-

2066 3008 2179 3069 pus
2207 2989 2343 3051 initi
2380 2991 2793 3062 Matrimonii,
2834 3001 2965 3052 ants
2991 2992 3247 3050 videlicet
3290 3010 3467 3052 annos
3506 2996 3605 3053 40.

2064 3083 2415 3145 solemniter
2471 3085 2813 3165 repetierit,
2873 3083 2959 3144 uti
3013 3083 3348 3157 Parocbus‚
3384 3083 3614 3165 aliique

2062 3179 2264 3240 Testes
2283 3179 2623 3258 deponunt,
2646 3178 2806 3258 quod
2833 3176 3074 3239 sialiter
3097 3186 3268 3249 esset,
3292 3198 3398 3238 ma
3413 3181 3610 3239 anima

2060 3274 2300 3333 salutem
2328 3274 2588 3350 consequi
2611 3293 2726 3331 non
2746 3274 2981 3343 deberet,
3017 3270 3300 3332 instantia
3328 3290 3613 3351 repropo-

2065 3366 2265 3438 nitur3
2288 3366 2652 3445 dispensatio
2671 3366 2891 3426 etenim
2919 3365 2980 3425 in
3008 3363 3207 3425 radice
3229 3365 3609 3428 Matrimonii

2062 3460 2410 3520 conceditur
2444 3459 2624 3520 etiam
2656 3470 2780 3538 post
2809 3470 3060 3520 mortem
3082 3456 3332 3519 alterius
3354 3478 3429 3519 ex
3451 3458 3608 3520 Con-

2057 3554 2340 3634 jugibus‚
2378 3553 2466 3613 uti
2499 3552 2617 3614 late
2648 3553 2865 3633 probat
2892 3552 3133 3614 Barbas.
3170 3564 3292 3612 voto
3316 3557 3412 3612 27.
3441 3573 3600 3613 num.

2067 3652 2160 3707 15.
2199 3648 2297 3706 lib.
2328 3651 2387 3706 2.
2422 3655 2478 3707 et
2508 3646 2773 3709 firmavit
2802 3646 2953 3708 Rota
2976 3647 3140 3707 decis.
3160 3650 3297 3708 455.
3322 3668 3479 3707 num.
3508 3652 3604 3708 11.

2059 3752 2219 3821 part.
2257 3745 2312 3800 1.
2341 3751 2546 3801 recent.
2579 3740 2802 3802 idcirco
2827 3740 3144 3820 quaeritur
3172 3760 3188 3801 z

2183 3834 2280 3893 An
2299 3836 2371 3893 sit
2394 3835 2685 3905 standum,
2718 3837 2805 3894 vel
2827 3835 3188 3895 recedendum
3222 3854 3260 3895 8
3283 3834 3478 3894 decisis
3510 3838 3603 3895 16.

2064 3927 2349 3990 Januarii
2381 3932 2555 3989 1723.
2587 3930 2653 3987 in
2674 3948 2811 3989 casu
2835 3939 2936 3989 etc.

2172 4120 2324 4169 Sarra
2343 4119 2539 4185 Congr.
2564 4118 2651 4170 die
2675 4119 2759 4171 18.
2787 4117 3114 4185 Septembris
3140 4117 3293 4169 1723.
3317 4118 3612 4184 respondit:

2242 4205 2481 4259 Praevia
2510 4223 2717 4257 recessu
2742 4225 2777 4256 8
2803 4204 3021 4272 decisis,
3065 4205 3456 4257 consulendum
3484 4208 3614 4259 San·

411 4303 512 4358 tur
546 4306 781 4377 tempus
805 4299 939 4359 initi
971 4300 1370 4374 Matrimonii,
1403 4323 1478 4365 an
1513 4314 1652 4367 tunc
1671 4306 1954 4371 videlicet
2057 4293 2297 4348 ocissimo
2323 4312 2431 4363 pro
2469 4292 2875 4362 ‘asp‘mmfwe
2901 4292 2958 4344 ⁸⁶¹²
2987 4291 3175 4345 ἀὕθ’
3207 4291 3576 4346 Μ“”“””’0”””·

410 4390 692 4453 Oratores
720 4392 913 4453 babiti
958 4393 1186 4457 fuerint
1231 4414 1339 4476 pro
1371 4396 1654 4479 legitimis
1677 4400 1955 4484 conjugi-

409 4484 544 4557 bus,
580 4504 700 4546 non
726 4486 866 4547 exhi
876 4488 1086 4549 beatur
1107 4490 1297 4551 Breve
1322 4491 1537 4554 Sacrae
1558 4494 1954 4559 poenitentia-

410 4578 557 4649 riae,
588 4599 726 4639 cum
753 4580 894 4641 dicti
920 4582 1270 4644 Tribunalis
1314 4585 1552 4659 Brevia,
1585 4589 1782 4667 quoad
1813 4589 1953 4671 legi·

2495 4486 2857 4563 QUAESTIO
2913 4485 3212 4549 CLXXV.

410 4672 779 4734 limationem
814 4673 1000 4753 prolis
1029 4678 1258 4755 prosint
1291 4681 1703 4742 tantummodo
1732 4682 1792 4742 in
1821 4681 1954 4745 foro
2066 4694 2132 4750 In
2170 4694 2214 4750 C
2220 4714 2358 4752 ausa
2404 4692 2642 4750 Nullius
2674 4690 2949 4746 Piscina-si.
2997 4688 3043 4746 C
3047 4692 3465 4746 oni-mutationis
3523 4710 3611 4748 co-

410 4766 829 4839 conscientiae‚
863 4777 923 4829 et
949 4781 1078 4847 post
1099 4769 1313 4831 factam
1350 4771 1841 4853 legitimationem
1864 4776 1952 4840 la-

409 4870 687 4920 cerentur
717 4861 897 4939 juxta
930 4861 1235 4924 Constitui.
1286 4870 1380 4925 12.
1411 4867 1477 4948 3.
1530 4872 1629 4929 48.
1674 4872 1737 4929 in
1776 4891 1957 4951 parvo

409 4950 683 5013 Bullario
713 4954 1030 5015 Innocentii
1054 4957 1192 5017 XII.

528 5047 839 5126 Proposito
865 5049 1048 5130 igitur
1069 5051 1129 5110 in
1149 5052 1277 5113 Sac.
1303 5052 1958 5138 Congregationehabi-

410 5150 469 5203 ta
489 5142 578 5201 die
606 5146 700 5201 16.
724 5141 1006 5205 18111181·ίί
1025 5148 1194 5206 1723.
1212 5146 1420 5218 dubio,
1447 5171 1521 5210 an
1541 5153 1615 5210 sit
1645 5150 1955 5214 Sanctissi-

2382 4788 2642 4854 curvitatis,
2680 4786 2766 4842 <lic
2800 4790 2891 4842 13.
2937 4784 3091 4842 Ju-lii
3123 4788 3291 4842 17:20.

2070 4916 2372 5030 Julianus
2428 4972 2500 5030 de
2552 4968 2826 5028 Orsuccis
2879 4970 2939 5026 in
2997 4970 3373 5028 'I'estamento
3397 5018 3411 5038 ‚
3453 4972 3613 5046 qnod

2066 5068 2502 5125 (·(11111ἱ(1ἰ[(111118
2536 5070 2706 5123 1631.
2742 5062 3185 5123 haeredeiitsibi
3219 5062 3451 5141 scripsit
3491 5066 3617 5125 Bal-

2070 5161 2394 5221 [hassarem
2424 5161 2716 5227 Fratrem,
2748 5167 2874 5236 post
2901 5161 3071 5237 cnjus
3101 5159 3331 5215 obitum
3381 5159 3569 5217 voluit
3597 5207 3611 5231 ,

410 5256 500 5295 1118
543 5237 836 5295 consilium
856 5241 1258 5317 praestandum
1268 5261 1374 5321 pro
1397 5247 1957 5328 concessioncdispen·
2066 5255 2222 5331 qnod
2248 5275 2318 5313 ex
2346 5253 2638 5311 reditibus
2660 5273 2905 5311 suorum
2943 5252 3235 5309 bonorum
3267 5250 3603 5311 liei-etmul-

407 5331 645 5390 sationis
692 5330 756 5388 in
804 5332 993 5391 radice
1022 5331 1395 5395 Matrimonii
1427 5339 1489 5396 in
1513 5358 1648 5400 casu
1675 5352 1776 5401 stc.
1804 5389 1820 5413 ,
1870 5362 1960 5403 re·

409 5443 696 5504 sponsum
724 5422 862 5497 fuit,
888 5428 1159 5504 neqatioe.

731 5548 937 5588 anano.
980 5552 1092 5591 xiv.
1133 5554 1272 5593 ron.
1315 5543 1427 5598 ΧΠ.

2072 5347 2338 5423 tiplicum
2370 5349 2558 5423 spatio
2584 5365 2881 5403 annorum
2915 5349 3011 5401 20.
3047 5391 3055 5408 ,
3093 5353 3155 5401 ut
3183 5365 3253 5401 ex
3289 5345 3415 5423 ejus
3451 5345 3611 5421 capi-

2072 5441 2170 5499 tuli
2200 5489 2212 5507 ,
2252 5449 2308 5499 et
2342 5439 2634 5499 fructibus
2674 5441 2786 5499 tria
2816 5437 3375 5497 Sanetinionialium
3403 5441 3613 5499 Muna-

3191 5548 3263 5600 29
