4393 6299
1606 486 2337 558 QUAESTtoxxvm.
3352 496 3423 549 88

388 640 503 707 tuit
544 643 613 706 in
641 641 758 705 boc
782 686 802 716 ,
832 642 999 724 quod
1027 642 1432 726 incongruum
1470 639 1792 704 videbatur
1819 687 1837 715 ,
1871 651 1939 703 ut
2049 649 2205 709 modi
2230 667 2488 712 anuum
2521 647 2801 711 rationem
2826 651 2925 710 60.
2974 667 3050 710 se.
3084 645 3351 711 haetenus
3389 649 3603 712 deside-

390 740 594 800 Patres
618 783 636 812 ,
667 736 775 821 qui
801 738 1016 801 Missas
1056 738 1481 808 celebrarunt,
1523 744 1795 818 tempore
1818 755 1943 819 quo
2048 755 2223 807 ratur
2250 747 2315 804 in
2342 763 2479 807 casu
2500 753 2601 805 ete.

387 834 466 894 ab
490 851 707 894 earum
733 831 1137 895 celebratione
1164 840 1440 914 poterant
1459 830 1786 901 abstinere,
1805 849 1943 892 con-

387 935 568 988 venta
595 935 844 989 careant
886 925 1266 1010 eleemosyna
1292 971 1310 1002 ,
1358 932 1421 988 et
1464 924 1659 987 multo
1706 923 1940 1006 magis,

384 1021 533 1100 quia
554 1019 887 1083 verisimile
912 1021 1025 1101 ipsi
1058 1021 1382 1082 admodum
1404 1019 1748 1092 videbatur,
1778 1018 1943 1099 quod

389 1116 595 1178 Patres
641 1118 889 1197 quando
933 1115 1147 1178 Missas
1186 1115 1572 1179 celebrarunt
1599 1163 1616 1187 ,
1665 1114 1944 1177 notitiam

390 1228 512 1271 non
537 1208 870 1273 habuerint
912 1210 1107 1291 pacti,
1153 1210 1227 1272 ad
1270 1211 1442 1293 cnjus
1477 1211 1746 1273 tramites
1775 1219 1944 1292 pote·

390 1310 529 1363 rant
568 1320 607 1364 a
649 1303 1056 1365 celebratione
1080 1302 1386 1366 abstinere
1408 1351 1425 1375 ,
1469 1312 1699 1366 attento
1726 1303 1941 1366 videli-

385 1405 480 1457 cet
509 1414 730 1477 magno
773 1396 947 1478 lapsu
988 1396 1276 1478 temporis
1316 1397 1399 1460 ab
1437 1415 1602 1459 anno
1647 1400 1819 1459 1653.
1863 1397 1941 1459 ad

383 1508 615 1551 annum
647 1493 824 1551 1676.
857 1510 981 1571 quo
1008 1491 1456 1567 rationabiliter
1491 1490 1628 1556 fieri
1656 1491 1945 1574 potuisset.

385 1583 701 1663 suspensio
726 1584 1050 1646 Missarum
1071 1629 1089 1657 ,
1120 1594 1180 1646 et
1203 1585 1626 1649 animadverso
1650 1585 1939 1659 ulterius,

387 1677 552 1756 quod
569 1695 727 1739 onus
753 1688 1116 1759 perpetuum
1134 1678 1354 1742 Missae
1374 1678 1574 1744 fuerat
1603 1679 1669 1742 in
1694 1679 1943 1743 Tabella

385 1769 753 1852 descriptum
780 1772 1014 1853 absque
1044 1771 1172 1835 ulla
1195 1773 1583 1836 adnotatione
1604 1818 1621 1850 ,
1656 1774 1751 1836 vel
1781 1774 1943 1836 indi-

387 1865 622 1927 catione
645 1867 825 1945 pacti.

505 1959 753 2040 Scripsit
787 1961 862 2024 ad
889 1960 1402 2044 opportunitatem
1434 1980 1715 2042 praesens
1736 1961 1937 2025 Fisca-

394 2052 472 2114 lis
495 2054 872 2117 visitationis
904 2055 1281 2136 Apostolicae
1305 2102 1325 2129 ,
1370 2056 1655 2137 idemque
1685 2057 1944 2138 probare

396 2157 636 2210 conatus
678 2160 805 2221 est,
854 2151 1063 2213 Patres
1106 2150 1337 2213 malum
1380 2152 1484 2234 jus
1530 2152 1734 2214 fovere
1752 2197 1772 2227 ,
1808 2159 1940 2215 tum

397 2242 535 2321 quia
562 2243 639 2305 de
658 2244 811 2306 Jure
837 2293 854 2317 ,
882 2245 1131 2327 quando
1155 2246 1296 2327 quis
1323 2265 1445 2309 uon
1467 2247 1745 2309 obstante
1770 2255 1940 2311 taxa·

393 2336 553 2399 tione
577 2339 832 2421 congrui
861 2339 1144 2421 stipendii
1191 2360 1302 2421 pro
1331 2341 1531 2403 Missis
1567 2340 1944 2404 celebrandis

391 2430 788 2514 incongruam
815 2435 1147 2515 acceptavit
1172 2434 1616 2516 eleemosynam
1635 2480 1653 2508 ,
1685 2454 1805 2497 non
1836 2453 1943 2516 po-

388 2533 498 2587 test
526 2526 853 2589 Missarum
885 2547 1212 2590 numerum
1248 2528 1553 2601 minuere,
1600 2546 1724 2590 non
1755 2536 1947 2608 potest

386 2637 780 2700 compensare
809 2641 947 2684 cum
976 2622 1176 2684 Missis
1202 2623 1266 2683 in
1294 2632 1604 2703 posterum
1633 2621 1945 2686 celebran-

386 2714 513 2787 dis,
542 2732 653 2777 nec
676 2724 869 2796 potest
898 2717 1158 2779 ulterius
1183 2717 1554 2797 stipendium
1594 2718 1898 2799 postulare
1924 2738 1942 2792 ;

387 2817 518 2869 tum
557 2811 706 2892 quia
748 2820 988 2892 pactum
1035 2813 1099 2872 in
1150 2814 1560 2875 lustrumento
1603 2813 1945 2894 appositum

386 2904 787 2984 suspendendi
819 2906 1286 2970 celebrationem
1332 2907 1689 2982 Missarum,
1722 2926 1944 2989 usque-

387 3015 509 3078 quo
531 2998 830 3080 completa
853 3009 1004 3062 esset
1025 3013 1232 3062 annua
1255 3019 1493 3063 summa
1509 3011 1821 3064 scutorum
1839 3007 1936 3063 60.

389 3090 505 3155 tuit
531 3112 697 3155 mere
735 3093 1153 3157 facultativum
1179 3138 1197 3170 ,
1227 3104 1288 3158 et
1311 3114 1432 3157 non
1461 3095 1894 3179 obligatorium
1921 3140 1939 3169 ,

392 3186 531 3250 binc
573 3189 922 3264 inferendo,
947 3191 1114 3272 quod
1138 3191 1188 3252 si
1219 3191 1428 3254 Patres
1454 3191 1585 3253 loco
1606 3190 1943 3274 suspensio-

392 3282 484 3345 nis
508 3285 835 3347 Missarum
862 3331 879 3360 ,
909 3286 1268 3348 continuare
1289 3285 1617 3348 voluerunt
1638 3286 1703 3347 in
1730 3304 1943 3348 earum

389 3378 797 3442 celebratione
816 3426 835 3455 ,
864 3389 925 3442 et
950 3380 1047 3443 sic
1071 3380 1229 3443 banc
1251 3381 1417 3443 viam
1445 3380 1758 3463 elegerunt
1784 3426 1803 3455 ,
1836 3399 1943 3443 ne·

385 3487 615 3557 queant
638 3475 752 3557 ipsi
771 3476 849 3538 ad
880 3474 1064 3538 aliam
1092 3476 1272 3538 modo
1299 3477 1462 3538 viam
1489 3476 1814 3540 convolare
1838 3521 1856 3550 ,
1884 3485 1946 3538 et

388 3569 615 3633 instare
639 3590 754 3652 pro
779 3570 1251 3653 reintegratione
1274 3588 1579 3644 summae,
1609 3589 1768 3653 quae
1790 3570 1947 3632 defe-

389 3663 472 3725 cit
489 3708 507 3738 ,
537 3674 598 3727 et
623 3685 696 3727 eo
720 3665 937 3727 fortius
966 3666 1113 3747 quia
1136 3685 1243 3746 per
1286 3675 1477 3728 totum
1508 3664 1635 3728 fere
1660 3674 1897 3746 tempus
1922 3710 1940 3738 ,

390 3777 511 3840 quo
535 3760 789 3842 contigit
828 3761 1136 3823 fructuum
1174 3760 1520 3824 imminutio
1543 3805 1561 3833 ,
1609 3759 1726 3824 suit
1751 3761 1832 3823 ab
1857 3761 1946 3824 eis

395 3874 506 3935 pro
533 3856 735 3918 Missis
766 3855 1085 3918 celebratis
1108 3864 1345 3938 recepta
1371 3856 1754 3937 eleemosyna
1781 3856 1944 3918 ultra

391 3949 736 4012 manualem
752 3995 771 4024 ,
801 3969 926 4031 quo
951 3958 1148 4012 stante
1169 3995 1186 4024 ,
1216 3950 1472 4012 sustinet
1489 3948 1819 4012 verisimile
1844 3949 1946 4012 ad·

397 4044 645 4105 modum
685 4064 812 4106 esse
836 4090 853 4118 ,
898 4046 1061 4126 quod
1105 4045 1309 4108 Patres
1338 4045 1491 4107 bene
1530 4043 1820 4107 sciverint
1845 4064 1948 4126 pa-

389 4148 552 4200 ctum
579 4185 597 4213 ,
627 4141 731 4200 sed
777 4141 985 4202 eodem
1006 4139 1097 4202 uti
1129 4138 1477 4211 noluerint,
1505 4158 1584 4201 ne
1606 4147 1947 4220 praesenta·

390 4251 503 4294 nea
522 4234 947 4295 commoditate
967 4233 1511 4315 eleemosynarum,
1541 4234 1769 4314 quibus
1792 4232 1947 4296 indi-

392 4330 615 4408 gebant
635 4376 653 4399 ,
679 4337 973 4391 carerent.

505 4423 760 4503 Scripsit
784 4423 849 4485 in
875 4422 990 4486 hac
1008 4423 1217 4487 eadem
1245 4421 1435 4485 Causa
1458 4441 1568 4503 pro
1589 4422 1844 4485 veritate
1865 4424 1937 4484 D.

392 4516 734 4580 Advocatus
761 4517 1017 4580 Corazza
1048 4565 1064 4592 ,
1096 4516 1382 4600 idemque
1407 4517 1522 4578 fuit
1546 4517 1611 4578 in
1644 4536 1823 4579 sensu
1853 4518 1946 4580 in·

392 4611 645 4674 tentioni
676 4612 925 4673 Patrum
952 4613 1278 4676 contrario.
1309 4615 1458 4675 Tam
1485 4612 1798 4692 Scriptura
1839 4611 1941 4673 Fi-

390 4707 567 4769 scalis
587 4753 604 4780 ,
637 4726 824 4788 quam
858 4709 934 4770 D.
963 4708 1252 4772 Advocati
1284 4707 1762 4772 circumferetur.

508 4802 796 4882 Adeoque
820 4804 1139 4882 quaeritur
1346 4797 1355 4809 “

508 4895 558 4954 Ι.
594 4894 689 4955 An
713 4914 820 4976 pro
852 4895 1052 4957 Missis
1097 4899 1380 4976 hucusque
1410 4897 1700 4958 celebratis
1744 4912 1945 4957 1111111111

391 5009 601 5071 semper
626 4993 970 5071 eleemosyna
998 5001 1285 5052 scutorum
1311 4996 1408 5053 60.
1442 4993 1630 5054 debita
1658 4992 1834 5069 suerit
1877 4992 1945 5051 in

391 5101 524 5146 casu
549 5130 567 5158 ,
600 5095 651 5148 et
679 5096 957 5166 quatenus
982 5086 1334 5165 affirmative.

507 5179 589 5240 11.
622 5180 720 5241 An
740 5199 815 5241 ex
841 5183 1043 5242 eisdem
1062 5182 1342 5259 fructibus
1375 5184 1621 5243 locorum
1646 5179 1943 5243 Montium

393 5287 522 5334 ante
556 5277 753 5336 omnia
794 5277 868 5336 sit
909 5277 1254 5337 detrahenda
1275 5324 1293 5348 ,
1338 5287 1389 5338 st
1424 5277 1791 5357 persolvenda
1825 5285 1943 5337 tota

395 5369 499 5429 iila
524 5371 900 5450 pecuniarum
950 5389 1171 5432 summa
1196 5390 1216 5429 .·
1245 5390 1388 5450 quae
1409 5390 1518 5452 pro
1544 5372 1943 5450 reintsqratie-

395 5479 463 5522 ne
480 5464 851 5543 eleemosynae
873 5463 1192 5525 Missurum
1218 5466 1628 5527 celebraturum
1643 5465 1720 5526 ad
1739 5464 1941 5543 liujus-

2158 937 2236 989 Ad
2280 936 2550 1008 praedicta
2577 936 2740 989 dubia
2770 975 2786 1001 ,
2826 937 2882 988 in
2923 934 3123 1007 quibus
3163 953 3262 1006 per
3299 944 3532 1006 quatuor
3554 944 3609 990 et

2046 1027 2277 1096 amplius
2304 1027 2444 1080 vices
2472 1034 2693 1096 propter
2718 1026 2988 1095 aequalem
3012 1024 3388 1096 suffragiorum
3416 1025 3611 1078 scissu-

2048 1132 2158 1166 ram
2189 1130 2461 1185 nunquam
2490 1115 2591 1167 fuit
2616 1122 2767 1184 capta
2799 1115 3062 1166 resolutio

2155 1205 2297 1255 Sacr.
2324 1202 2682 1273 congregatio
2707 1200 2921 1255 taudem
2949 1200 3040 1255 die
3069 1204 3155 1254 17.
3186 1203 3300 1255 Jan.
3337 1198 3474 1253 1722
3502 1216 3610 1254 res·

2047 1289 2275 1360 pendit.

2154 1376 2253 1431 Ad
2278 1388 2509 1431 mentem
2546 1376 2698 1446 quod
2718 1377 3100 1432 committatur
3133 1376 3408 1448 negotium
3453 1373 3609 1430 Emi-

2046 1465 2362 1521 nentissimo
2390 1464 2704 1537 Praefecto.

2512 1691 2872 1769 QUAESTto
2899 1690 3135 1754 XXIX.

2166 1928 2239 1990 In
2267 1928 2459 1993 Cama
2487 1926 2546 1990 E
2551 1929 2756 1989 lboren.
2788 1924 3208 1987 Declarationis
3234 1921 3488 1994 Indulli,

2522 2022 2614 2084 dio
2644 2025 2741 2083 21.
2771 2020 2931 2100 Majc
2953 2023 3128 2080 1718.

2049 2196 2235 2317 Fuit
2271 2275 2308 2318 a
2345 2253 2733 2317 sanctissimo
2765 2250 3027 2314 Domino
3070 2249 3290 2312 Nostro
3330 2267 3438 2330 per
3466 2265 3607 2310 suas

2051 2350 2284 2414 litteras
2308 2394 2326 2423 ,
2373 2348 2688 2430 expeditas
2729 2347 2796 2408 111
2834 2346 3033 2409 forma
3062 2343 3317 2417 Brevis,
3364 2360 3606 2405 conces-

2051 2464 2186 2507 sum
2216 2443 2516 2526 Hospitali
2560 2442 2823 2525 Spiritus
2864 2440 3066 2515 Sancti
3108 2437 3383 2502 Civitatis
3418 2436 3607 2500 Elbo·

2052 2540 2280 2613 rensis,
2316 2538 2630 2601 Indultum
2654 2583 2671 2611 ,
2713 2537 2877 2618 quod
2917 2534 3123 2597 omnia
3161 2534 3380 2616 Legata
3408 2531 3510 2613 pia
3534 2532 3605 2593 in

2054 2633 2313 2696 Civitate
2332 2679 2350 2707 ,
2382 2642 2444 2696 et
2481 2631 2748 2695 Dioecesi
2781 2629 3101 2693 Elboreusi
3128 2647 3167 2692 a
3193 2626 3607 2693 Testatoribus

2057 2728 2266 2791 relicta
2292 2774 2308 2799 ,
2331 2737 2392 2791 et
2419 2728 2481 2790 in
2514 2736 2821 2809 posterum
2851 2724 3253 2805 relinquenda
3273 2768 3292 2799 ,
3321 2741 3482 2805 quae
3507 2721 3607 2784 111-

2050 2830 2147 2885 tra
2187 2834 2425 2903 tempus
2449 2868 2466 2896 ,
2512 2841 2623 2902 pro
2666 2819 3023 2883 executione
3054 2817 3391 2901 praefixum
3420 2863 3437 2889 ,
3481 2834 3606 2878 non

2054 2916 2304 2978 fuerunt
2337 2914 2677 2979 executioni
2705 2913 3066 2977 demandata
3089 2956 3107 2984 ,
3144 2911 3339 2974 eidem
3385 2909 3606 2990 Hospi-

2052 3010 2158 3072 tali
2206 3009 2506 3090 applicata
2551 3015 2940 3070 censerentur
2961 3051 2980 3080 ,
3029 3005 3359 3067 dummodo
3405 3011 3604 3066 tamen

2052 3105 2247 3189 legata
2279 3102 2379 3186 pia
2410 3122 2532 3167 non
2561 3102 2815 3166 fuissent
2837 3100 3016 3164 certis
3044 3098 3316 3181 personis
3347 3096 3579 3160 relicta.

2172 3199 2442 3271 Priores,
2473 3207 2534 3261 et
2560 3197 2908 3260 Beneficiati
2934 3194 3378 3257 Pamchtatium
3409 3191 3609 3254 Eccle-

2052 3294 2284 3355 siarum
2328 3291 2603 3355 Civitatis
2625 3336 2643 3365 ,
2692 3300 2754 3353 et
2798 3289 3097 3352 Dioecesis
3138 3285 3490 3351 Elborensis
3536 3283 3601 3347 in

2052 3388 2310 3470 supplici
2353 3386 2564 3451 libello
2589 3430 2607 3460 ,
2654 3384 3043 3448 Sanctissimo
3085 3380 3346 3444 Domino
3387 3380 3607 3443 Nostro

2053 3482 2332 3544 exhibito
2356 3526 2374 3555 ,
2403 3488 2815 3563 exposuerunt
2835 3524 2853 3553 ,
2883 3497 2947 3541 se
2965 3479 3048 3541 ab
3078 3474 3604 3539 Administratori-

2055 3577 2172 3638 bus
2210 3575 2545 3657 Hospitalis
2585 3575 2857 3637 indebite
2894 3571 3106 3636 vexari
3133 3616 3152 3645 ,
3187 3571 3305 3634 sub
3350 3571 3605 3633 obtentu

2057 3670 2367 3751 praecitati
2412 3669 2689 3743 Indulti3
2726 3669 3013 3731 dixerunt
3057 3664 3222 3729 enim
3261 3683 3327 3727 se
3357 3663 3489 3745 cogi
3525 3662 3605 3726 ad

2055 3764 2393 3829 faciendam
2421 3765 2485 3827 in
2518 3764 2640 3826 tine
2662 3763 2807 3826 anni
2836 3761 3166 3844 quamdam
3192 3758 3372 3823 fidem
3396 3760 3472 3821 de
3498 3778 3608 3820 nu·

2053 3877 2222 3921 mero
2246 3861 2567 3922 Missarum
2598 3878 2719 3921 non
2742 3857 3208 3928 satisfactarum,
3235 3853 3608 3933 remissoque

2052 3945 2333 4016 examine
2357 3973 2605 4036 precum
2626 3953 2704 4016 ad
2726 3952 2886 4014 banc
2909 3950 3154 4014 Sacram
3176 3947 3605 4031 congregatio-

2052 4069 2186 4110 nem
2219 4095 2235 4122 ,
2270 4048 2385 4111 fuit
2411 4049 2488 4110 de
2515 4067 2683 4110 more
2696 4046 3013 4128 scriptum.
3043 4063 3153 4126 pro
3174 4042 3606 4107 informatione

2052 4142 2382 4206 Ordinario
2418 4142 2757 4206 Elborensi.

2170 4237 2402 4299 Retulit
2423 4237 2808 4306 ordinarius,
2833 4255 2897 4297 se
2922 4233 3274 4298 instantiam
3305 4231 3606 4296 Parocho-

2052 4350 2190 4394 rum
2222 4379 2238 4403 ,
2268 4342 2328 4395 et
2353 4331 2855 4395 Beneficiatorum
2888 4328 3362 4393 communicasse
3394 4325 3605 4390 Admi-

2053 4425 2484 4489 nistratoribus
2506 4425 2855 4507 *Hospitalis
2879 4469 2916 4497 ,1
2946 4444 3056 4487 nec
3096 4423 3361 4486 rationes
3404 4420 3605 4483 subsi-

2053 4530 2275 4584 stentes
2303 4567 2321 4596 ,
2351 4528 2412 4584 et
2438 4520 2672 4584 validas
2697 4521 2777 4583 ab
2819 4519 2943 4580 illis
2974 4519 3278 4581 audivisse
3300 4563 3318 4591 ,
3344 4535 3502 4598 quae
3526 4514 3606 4579 ad

2053 4617 2364 4699 negotium
2397 4616 2596 4678 facere
2624 4622 2898 4695 possent,
2928 4622 3138 4694 etpost
3161 4610 3337 4692 plura
3359 4611 3604 4674 conclu-

2050 4713 2161 4783 sit,
2194 4712 2360 4793 quod
2390 4709 2701 4772 Indultum
2729 4707 3100 4773 sanctissimi
3129 4705 3372 4769 Domini
3401 4706 3602 4769 Nostri

2050 4804 2459 4867 declaratione
2497 4803 2846 4886 indigebat,
2873 4808 2937 4865 et
2971 4801 3281 4885 signanter
3303 4848 3322 4872 ,
3363 4818 3444 4863 an
3483 4799 3602 4862 sub

2054 4899 2161 4959 illo
2186 4898 2657 4978 comprehensae
2685 4897 2805 4959 dici
2846 4903 3086 4978 possent
3119 4894 3538 4976 eleemosynae
3564 4912 3603 4957 a

2051 4992 2464 5055 Testatoribus
2500 4991 2743 5054 relictae
2768 5036 2785 5065 ,
2815 4991 2910 5053 vel
2945 4988 3289 5072 designatae
3309 5007 3422 5070 pro
3445 4986 3602 5050 cele-

2051 5087 2330 5150 bratione
2364 5088 2720 5160 Missarum,
2754 5096 2814 5148 et
2856 5104 2936 5147 au
2958 5103 3031 5146 eo
3057 5083 3188 5164 ipso
3214 5126 3232 5156 ,
3260 5082 3424 5162 quod
3449 5080 3601 5144 elee-

2049 5202 2338 5265 mosynae
2358 5201 2482 5243 non
2510 5179 2832 5244 solvuntur
2860 5179 3023 5240 intra
3056 5187 3292 5258 tempus
3328 5175 3601 5257 designa·

2050 5286 2179 5339 tum
2206 5275 2283 5339 ad
2307 5294 2492 5356 opera
2518 5275 2619 5356 pia
2639 5272 2978 5356 peragenda
3003 5316 3021 5345 ,
3049 5271 3440 5351 impetrantes
3465 5286 3601 5333 oen-

2046 5370 2218 5432 sendi
2247 5370 2367 5433 sint
2396 5369 2621 5452 privati
2648 5368 2884 5431 actione
2908 5367 2988 5429 ad
3021 5366 3260 5428 easdem
3289 5362 3595 5445 petendas,

2049 5465 2137 5527 uti
2174 5463 2369 5528 fusius
2393 5484 2470 5527 ex
2490 5465 2625 5546 ejus
2645 5461 2940 5526 relatione
2959 5459 3193 5524 desumi
3215 5458 3396 5523 valet.
