4393 6299
995 512 1099 567 13⁸

809 664 1034 728 Pueros
1059 663 1406 728 Doctrinam
1429 662 1831 736 Christianam
1860 710 1877 734 ,
1906 670 1965 726 et
1992 664 2348 745 praecipue,

810 778 948 820 cum
967 757 1339 840 experientia
1364 764 1510 819 teste
1530 801 1547 829 ,
1580 756 2020 837 deprehensum
2066 757 2187 830 sit,
2237 759 2351 819 Pa-

806 853 1021 914 rochos
1072 852 1228 913 solos
1267 851 1382 912 hoc
1428 870 1580 911 onus
1621 851 1917 911 sustinere
1963 869 2080 910 non
2124 869 2295 930 posse
2324 894 2340 910 .

807 947 1076 1009 Tertium
1107 945 1563 1008 fundamentum
1594 953 1711 1006 stat
1750 944 1814 1005 in
1854 943 1948 1005 his
1977 992 1992 1015 ,
2036 964 2193 1024 quae
2226 943 2353 1004 fue-

805 1050 952 1103 runt
977 1050 1196 1102 statuta
1227 1058 1262 1100 a
1290 1038 1349 1099 S.
1382 1037 1595 1099 Carolo
1623 1040 1985 1098 Borromaen
2014 1037 2076 1097 in
2107 1037 2352 1118 Synodo

805 1144 1024 1214 quarta
1052 1133 1407 1194 Dioecesana
1433 1180 1449 1202 ,
1480 1135 1765 1194 Actorum
1794 1131 2091 1193 Ecclesiae
2119 1131 2348 1192 Medio-

804 1228 1068 1292 lanensis
1103 1248 1231 1308 par.
1260 1232 1317 1287 2.
1353 1238 1483 1287 tom.
1520 1232 1574 1287 1.
1598 1248 1732 1307 paq.
1776 1232 1914 1287 286.
1947 1226 2054 1288 ubi
2083 1226 2168 1287 sic
2195 1226 2349 1307 legi-

807 1331 938 1385 tur:
969 1322 1294 1384 Sacerdotes
1323 1370 1339 1393 ,
1378 1331 1428 1382 et
1461 1319 1673 1381 Clerici
1697 1322 1989 1399 inferiores
2016 1321 2344 1392 dominicis,

798 1419 1060 1496 festisque
1081 1417 1293 1486 diebus,
1313 1436 1430 1495 qua
1451 1416 1588 1477 hora
1608 1418 1672 1475 in
1697 1414 1881 1477 Choro
1904 1417 2111 1475 divinis
2132 1412 2347 1495 Officiis

800 1511 1244 1571 concelebrandis
1274 1511 1536 1571 adstricti
1580 1528 1693 1569 non
1744 1521 1873 1571 sunt
1906 1557 1922 1580 ,
1972 1508 2299 1569 Parochum
2322 1556 2340 1580 ,

796 1608 955 1665 intra
976 1606 1137 1682 cujus
1158 1604 1467 1666 Parocltiae
1483 1605 1620 1685 fines
1646 1605 1927 1672 habitant,
1953 1605 2018 1662 in
2043 1603 2346 1664 Doctrinae

801 1698 1167 1761 Christianae
1183 1698 1406 1759 Scholis
1432 1699 1696 1776 adjuvent
1726 1744 1743 1772 ,
1792 1701 1856 1757 in
1885 1697 2029 1758 Urbe
2061 1699 2138 1760 ad
2172 1717 2343 1778 prae·

796 1796 1070 1875 scriptum
1111 1812 1302 1853 eorum
1331 1840 1349 1864 ,
1378 1793 1579 1872 quibus
1619 1793 1684 1851 id
1733 1811 1902 1852 curae
1933 1793 2006 1852 ab
2049 1792 2345 1871 Archiepi-

791 1907 953 1968 scopo
978 1888 1175 1949 datum
1215 1888 1325 1947 erit
1350 1931 1367 1959 ‚
1396 1889 1462 1945 in
1489 1885 1737 1947 Dioecesi
1764 1895 1953 1947 autem
1989 1884 2343 1946 Vicariorum

793 1983 1196 2045 Foraneorum.
1221 1983 1292 2043 In
1317 1981 1527 2043 iisdem
1551 1980 1777 2062 pariter
1798 1980 1960 2042 Actis
1982 2000 2109 2059 par.
2143 1985 2202 2040 2.
2229 1978 2342 2059 Sy·

790 2079 927 2136 nodi
954 2077 1320 2139 Dioecesanae
1344 2081 1443 2156 11.
1471 2097 1602 2156 paq.
1640 2080 1776 2137 320.
1810 2085 1953 2135 tomo
1976 2080 2029 2135 1.
2063 2074 2344 2155 imposita

788 2171 1011 2253 legitur
1035 2191 1224 2252 poena
1243 2170 1663 2234 Sacerdotibus
1687 2188 1806 2230 non
1830 2168 2340 2250 coadjuvantibus

791 2265 1089 2329 Parochos
1111 2265 1175 2327 in
1204 2285 1452 2328 munere
1479 2263 1778 2327 docendae
1811 2264 2132 2326 Doctrinae
2153 2263 2339 2326 Chri-

788 2360 1049 2433 stianae,
1100 2364 1435 2441 quicumque
1477 2358 1748 2422 Sacerdos
1775 2405 1792 2432 ‚
1840 2370 1943 2420 aut
1986 2360 2332 2441 Beneficium

785 2458 1067 2531 obtinens,
1113 2455 1435 2518 Parochum
1487 2474 1600 2514 non
1642 2455 1925 2534 adjuverit
1952 2501 1968 2528 ,
2030 2460 2335 2520 mulctetur

786 2554 998 2615 duobus
1027 2555 1272 2615 nummis
1299 2553 1581 2614 realibus.-
1612 2572 1688 2614 ex
1735 2550 1830 2612 his
1873 2553 2095 2614 etenim
2146 2553 2335 2616 infert

783 2649 1135 2730 Episcopus,
1161 2668 1280 2709 non
1304 2667 1432 2709 esse
1449 2648 1522 2709 de
1536 2647 1771 2731 justitia
1794 2646 2027 2710 Decreti
2050 2648 2332 2710 dubitau-

782 2743 928 2804 dum
958 2786 975 2816 ,
1001 2750 1210 2822 utpote
1256 2740 1400 2803 editi
1452 2740 1528 2802 ad
1562 2740 1830 2803 tramites
1863 2760 2075 2804 eorum
2098 2788 2115 2813 ,
2163 2761 2330 2823 qnae

790 2836 1041 2898 fuerunt
1067 2844 1286 2897 statuta
1312 2855 1346 2897 a
1369 2835 1430 2897 S.
1463 2834 1678 2897 Carolo
1706 2837 2073 2897 Borromaeo
2092 2856 2202 2916 pro
2220 2856 2332 2900 sua

777 2930 1050 2992 ‚Dioecesi
1074 2925 1526 2993 Mediolanensi.
1560 2930 1741 2992 Addit
1760 2931 2089 3011 Episcopus
2110 2950 2173 2993 se
2195 2952 2332 2994 con·

786 3022 1008 3085 similia
1057 3023 1266 3085 Edicta
1310 3022 1461 3085 alias
1514 3023 1805 3095 edidisse,
1839 3044 2052 3104 nempe
2092 3025 2190 3088 die
2226 3031 2323 3087 30.

777 3117 1008 3198 Aprilis
1042 3122 1217 3179 1707.
1267 3117 1365 3180 die
1391 3118 1489 3178 24.
1542 3117 1684 3199 Maji
1721 3123 1893 3180 1708.
1936 3118 2035 3180 die
2082 3123 2142 3180 2.
2182 3120 2326 3202 Maji

787 3217 962 3274 1710.
999 3219 1067 3299 ⁸¹.
1084 3211 1264 3274 etiam
1292 3211 1367 3273 de
1394 3230 1554 3272 anno
1585 3215 1757 3272 1711.
1782 3213 2013 3292 absque
2050 3232 2122 3274 eo
2164 3214 2329 3293 quod

782 3304 948 3366 ullus
989 3306 1382 3367 Sacerdotum
1416 3304 1905 3385 participantium
1959 3305 2326 3369 reclamave-

782 3400 905 3471 rit;
934 3417 1042 3460 nec
1064 3399 1223 3461 deest
1252 3398 1727 3460 Eminentissimi
1758 3400 2205 3479 Metropolitani
2242 3410 2327 3463 te-

783 3493 1136 3555 stimouium
1154 3538 1171 3566 ,
1203 3492 1265 3553 in
1290 3512 1361 3554 eo
1379 3492 1541 3573 quod
1570 3494 1786 3555 attinet
1812 3494 1889 3556 ad
1917 3496 2323 3558 necessitatem

778 3587 973 3651 Edicti
999 3632 1016 3658 ,
1054 3587 1128 3647 de
1153 3605 1276 3666 quo
1305 3601 1464 3665 nuuc
1491 3586 1724 3668 agitur,
1769 3607 1907 3649 cum
1951 3588 2013 3648 in
2060 3589 2325 3669 quadam

779 3701 887 3745 sua
911 3681 1179 3761 Epistola
1204 3681 1348 3742 haec
1374 3681 1737 3743 habeantur:
1767 3681 1998 3758 Quanto
2023 3686 2111 3745 sia
2139 3705 2324 3745 neces-

779 3779 956 3850 sario,
988 3796 1014 3835 e
1035 3776 1237 3834 docuto
1263 3776 1312 3833 il
1339 3784 1604 3847 sostenere
1624 3777 1663 3835 Γ
1677 3773 1877 3835 Editto
1908 3796 2023 3836 non
2041 3796 2102 3837 so
2124 3779 2324 3856 meqlio

763 3873 1027 3950 .spieqare
1053 3914 1069 3939 ,
1098 3869 1193 3929 che
1225 3887 1327 3927 con
1354 3869 1737 3941 assicurarla,
1768 3869 1863 3930 che
1893 3872 2054 3949 qual'
2073 3891 2177 3931 ora
2208 3891 2323 3931 non

777 3966 914 4044 {osse
957 3965 1119 4025 dalla
1163 3961 1232 4023 S.
1281 3961 1732 4042 Conqreqazione
1765 3964 1855 4025 del
1896 3963 2181 4036 Concilio,
2228 3986 2322 4027 ove

774 4060 894 4120 han
916 4058 1060 4135 [atto
1085 4058 1340 4118 ricorsoi
1364 4055 1526 4116 Preti
1549 4054 1571 4129 ,’
1590 4058 1929 4136 confermato
1955 4104 1972 4132 ,
1995 4060 2313 4121 recherebbe

772 4171 858 4211 un
880 4151 1236 4230 pregiudizio
1262 4168 1467 4208 sommo
1491 4169 1529 4210 a
1558 4159 1710 4211 tutta
1749 4161 1944 4228 questa
1970 4151 2276 4214 Provincia
2300 4201 2319 4225 ,

774 4247 918 4306 oltre
961 4245 1055 4304 che
1083 4289 1099 4317 ‚
1144 4263 1204 4303 so
1240 4246 1295 4303 io
1315 4291 1332 4313 ,
1363 4245 1588 4321 quando
1624 4247 1682 4305 la
1727 4246 1923 4306 divina
1965 4245 2321 4325 Deqnazione

771 4340 981 4422 posemi
1014 4359 1050 4400 a
1094 4340 1301 4399 sewire
1337 4341 1510 4415 quest*
1534 4341 1728 4417 ampia
1767 4339 1985 4400 Diocesi
2005 4386 2022 4412 ,
2071 4344 2135 4401 in
2180 4345 2321 4421 qual

775 4435 942 4514 quisa
967 4435 1212 4494 ritrovai
1241 4434 1288 4492 le
1308 4452 1499 4513 povere
1524 4435 1671 4512 plebi
1692 4434 1923 4511 diqiune
1945 4434 2143 4515 affatto
2166 4436 2318 4497 della

772 4527 1046 4589 Dottrina
1096 4526 1395 4589 Cristiana
1441 4546 1540 4605 per
1585 4547 1902 4590 mancanza
1947 4530 2010 4588 di
2056 4531 2148 4590 chi
2200 4532 2319 4591 loro

775 4623 814 4683 l'
830 4640 1012 4683 avesse
1032 4622 1328 4699 inseqnata
1345 4667 1363 4691 ,
1387 4639 1415 4680 e
1435 4620 1550 4700 fino
1570 4621 1595 4679 i
1633 4619 1827 4681 Vecchi
1859 4641 1971 4681 non
1991 4642 2267 4702 sapevano
2292 4627 2318 4684 i

770 4717 987 4776 mista-i
1023 4716 1338 4794 principali
1370 4714 1522 4774 della
1548 4716 1844 4777 medesima
1873 4761 1889 4788 ,
1926 4719 2202 4796 necessary·
2241 4720 2318 4780 acl

766 4810 899 4888 oqui
928 4806 1221 4870 Cristiano
1245 4827 1348 4888 per
1383 4808 1647 4871 salvarsi.
1677 4809 1952 4889 Denique
1976 4810 2024 4871 si
2067 4811 2142 4872 ad
2175 4831 2315 4892 pro-

767 4902 1132 4964 movendum
1166 4921 1316 4980 opus
1359 4902 1679 4963 Doctrinae
1705 4902 2083 4965 Christianae
2106 4950 2123 4978 ,
2165 4906 2337 4968 adeo-

766 4995 934 5077 pium
962 5042 980 5064 ,
1005 5002 1067 5055 et
1100 4993 1522 5067 necessarium,
1551 4994 1697 5056 haec
1723 4996 1887 5057 Sacr.
1915 4996 2312 5080 congregatio

764 5092 853 5150 dic
888 5094 982 5151 17.
1004 5089 1162 5150 Julii
1187 5093 1361 5149 1688.
1402 5087 1467 5148 in
1489 5090 1751 5169 quadam
1781 5092 1971 5152 Causa
2002 5090 2304 5172 Spalaten.

763 5183 1070 5245 Doctrinae
1100 5181 1497 5252 Christianae,
1535 5182 1600 5244 in
1625 5202 1746 5264 qua
1770 5185 2138 5265 disputatum
2165 5187 2306 5262 fuit,

760 5298 840 5340 an
862 5276 1322 5357 Archiepiscopus
1345 5295 1529 5354 coqere
1550 5280 1796 5355 potuerit
1826 5278 2303 5359 Ludimaqistros,

1989 511 2434 580 Quffisrlonsss
2474 511 2836 569 CANONICAE

2457 667 2683 729 hortari
2700 715 2716 739 ,
2746 677 2798 728 et
2819 665 3016 728 deinde
3037 669 3377 749 praecipere:
3401 667 3591 730 multo
3625 670 3816 753 magis
3847 682 4013 753 polea

2459 763 2541 823 rit
2567 761 2894 842 Episcopus
2921 761 3268 822 Sacerdotes
3311 763 3739 843 participantes
3764 766 4006 849 adigere

2459 856 2533 917 ad
2564 855 2897 916 Parochum
2925 857 3407 936 coa-ljnvandum
3432 858 3495 918 in
3523 878 3772 920 munere
3797 861 4008 924 docen-

2460 950 2520 1011 di
2561 949 2908 1009 Docti-inam
2938 949 3374 1021 Christianam,
3409 954 3647 1013 statutis
3676 955 3886 1033 poenis
3907 957 4007 1017 ad·

2461 1063 2666 1106 versus
2695 1062 2907 1122 parere
2935 1045 3348 1105 detrectantes».

2573 1135 2686 1198 His
2712 1136 3008 1198 stantibus
3036 1137 3387 1216 quaeritur:

2572 1231 2669 1292 An
2713 1232 2985 1292 Edictum
3032 1231 3248 1293 Vicarii
3295 1229 3591 1295 Generalis
3616 1237 4003 1307 sustineatur,

2453 1329 2519 1389 in
2551 1347 2687 1389 casu
2730 1337 2833 1407 etc.

2520 1519 2672 1570 sacr·
2698 1517 2893 1585 Cougr.
2919 1517 3006 1569 die
3034 1517 3121 1569 30.
3149 1516 3477 1584 Septembris
3509 1518 3669 1571 1719.
3700 1520 3972 1588 respondit
3990 1542 4005 1573 t

2596 1606 2815 1673 Dilata,
2844 1618 2895 1659 et
2921 1605 2997 1658 ad
3019 1617 3277 1658 meatem.

2913 1798 3275 1876 QUAESTIO
3339 1800 3529 1863 CXX.

2448 1987 2520 2050 In
2548 1986 2742 2050 Causa
2769 1987 3188 2049 Panormitano
3229 1985 3545 2048 Nullitatis
3590 1988 4001 2064 Matrimonii,

2823 2084 2914 2144 die
2945 2088 3042 2143 30.
3082 2081 3423 2170 Septembris
3455 2086 3628 2143 1719.

2405 2283 2406 2286 ’
2447 2210 2812 2334 Catharina
2862 2270 3122 2346 Bonfilio
3148 2316 3165 2344 ,
3216 2290 3373 2351 quae
3406 2271 3493 2331 die
3547 2275 3642 2331 13.
3685 2269 4000 2332 Decembris

2444 2367 2586 2427 anni
2622 2370 2806 2427 1693..
2835 2385 2941 2445 per
2974 2366 3097 2426 vim
3121 2409 3138 2437 ,
3168 2374 3230 2425 et
3273 2372 3496 2425 metum
3520 2383 3558 2426 a
3591 2365 3770 2426 Patre
3798 2365 3994 2427 incus·

2443 2479 2609 2534 sum,
2639 2461 2715 2522 de
2740 2479 2863 2540 quo
2901 2460 3100 2521 Testes
3143 2459 3496 2539 deponunt,
3534 2459 3993 2520 matrimonium

2441 2555 2742 2616 contraxit
2762 2554 2832 2615 in
2874 2554 3026 2616 facie
3045 2553 3343 2616 Ecclesiae
3371 2574 3508 2615 cum
3534 2553 3853 2616 Francisco
3882 2553 3993 2616 Al-

2442 2669 2617 2713 vat-ez
2650 2650 3075 2711 Barbitonsore
3101 2695 3118 2723 ‚
3156 2668 3291 2712 cum
3327 2649 3535 2710 eodem
3590 2647 3782 2710 invita
3811 2649 3993 2711 coha-

2439 2743 2658 2806 bitavit
2689 2743 2881 2824 spatio
2911 2750 3175 2823 quatuor
3232 2742 3525 2803 mensium
3549 2787 3567 2813 ,
3617 2741 3769 2802 itaut
3829 2741 3992 2803 idem

2441 2836 2694 2899 Alvarez
2723 2855 2979 2916 sequens
3015 2834 3363 2897 exhibuerit
3410 2835 3845 2896 Testimonium
3893 2837 3994 2898 die

2438 2935 2535 2990 21.
2574 2930 2719 2991 Julii
2761 2935 2930 2990 1715.
2963 2928 3222 3007 Confesso
3248 2931 3567 3007 qualmente
3594 2930 3756 2991 dalla
3793 2934 3987 3011 prima

2437 3044 2539 3086 ora
2564 3072 2580 3095 ,
2621 3026 2716 3085 che
2742 3027 2795 3084 ci
2822 3025 3294 3101 conqiunqessimo
3320 3025 3444 3082 sino
3465 3042 3501 3084 a
3530 3025 3758 3101 quando
3786 3027 3865 3083 mi
3896 3026 3989 3084 al-

2439 3120 2697 3179 lontanai
2723 3119 2798 3180 da
2824 3137 2940 3179 essa
2957 3163 2974 3190 ,
2999 3137 3113 3177 non
3137 3118 3254 3177 solo
3279 3119 3397 3178 mai
3419 3119 3561 3178 volte
3583 3118 3735 3179 detta
3761 3117 3989 3179 Cateri-

2436 3234 2515 3275 na
2539 3212 2787 3294 Bonfilio
2814 3215 3106 3273 esercitarc
3137 3213 3429 3271 volenticri
3461 3214 3499 3272 l'
3523 3224 3642 3273 atto
3693 3216 3986 3273 matrimo-

2435 3310 2587 3369 niale
2613 3355 2628 3378 ,
2654 3328 2768 3367 non
2796 3318 3010 3367 ostante
3047 3308 3425 3367 minacciarla
3460 3352 3476 3379 ,
3519 3327 3546 3366 e
3586 3308 3773 3367 venire
3800 3311 3988 3367 conti-

2431 3411 2728 3461 nuamente
2758 3402 2871 3461 alle
2914 3419 3156 3478 percosse
3183 3444 3200 3472 ,
3252 3420 3346 3459 ma
3381 3401 3513 3478 oqni
3561 3401 3700 3477 qual
3733 3402 3883 3460 volta
3931 3404 3986 3461 si

2432 3496 2689 3556 chiedeva
2716 3497 2764 3554 il
2793 3495 2971 3553 debito
3000 3540 3015 3563 ‚
3049 3497 3128 3552 mi
3158 3494 3488 3572 rispondeva
3525 3493 3586 3551 di
3619 3513 3729 3552 non
3757 3495 3936 3554 volere
3965 3542 3981 3564 ,

2430 3610 2468 3651 a
2487 3609 2657 3650 causa
2682 3590 2745 3649 di
2770 3608 2882 3647 non
2900 3608 3033 3647 acer
3055 3589 3269 3646 volsuto
3293 3590 3410 3647 mai
3437 3605 3579 3647 esser
3603 3590 3720 3648 mia
3749 3591 3974 3665 moylie.

2545 3682 2803 3744 -Alvarez
2862 3681 3276 3760 desperatione
3323 3681 3567 3742 adactus
3621 3681 3885 3744 discessit
3945 3704 3984 3747 a

2433 3775 2687 3838 Civitate
2711 3774 3132 3836 Panormitana
3152 3819 3168 3846 ,
3205 3782 3270 3834 ut
3295 3774 3572 3834 militiam
3593 3774 3657 3834 in
3692 3775 3981 3837 Triremi-

2431 3870 2545 3932 bus
2570 3878 2906 3941 exerceret;
2931 3866 3189 3946 cumque
3216 3887 3378 3928 anno
3415 3872 3587 3928 1702.
3624 3870 3982 3948 percrebue-

2428 3964 2510 4025 rit
2536 3963 2695 4025 fama
2714 4010 2730 4036 ,
2756 3971 2956 4025 ortum
2990 3962 3216 4023 habens
3236 3981 3313 4022 ex
3340 3962 3557 4041 partita
3584 3964 3879 4043 descripta
3916 3964 3978 4024 in

2431 4058 2604 4121 libris
2631 4059 3067 4120 Defunctorum
3113 4056 3175 4116 in
3225 4075 3441 4137 magno
3481 4058 3836 4119 Nosocomio
3867 4059 3983 4119 Pa-

2431 4154 2623 4217 normi
2651 4200 2667 4227 ‚
2705 4153 2865 4233 quod
2899 4152 3056 4212 idem
3082 4158 3355 4211 mortuus
3382 4151 3616 4224 fuisset,
3648 4152 3980 4217 Catharina

2425 4249 2514 4309 die
2535 4253 2634 4308 29.
2663 4246 2884 4326 Aprilis
2920 4250 3093 4305 1708.
3122 4243 3410 4305 collocata
3437 4243 3555 4306 fuit
3584 4245 3644 4305 in
3674 4247 3978 4307 matrimo-

2427 4342 2596 4403 nium
2631 4361 2769 4403 cum
2804 4339 3038 4421 Ignatio
3062 4338 3212 4401 Colli
3239 4383 3256 4410 ,
3282 4357 3355 4399 ex
3387 4357 3510 4417 quo
3534 4348 3796 4419 quatuor
3820 4340 3978 4401 filios

2423 4435 2723 4515 suscepit,
2756 4443 2816 4496 et
2847 4433 3099 4494 Alvarez
3125 4478 3141 4505 ‚
3180 4430 3284 4510 qui
3331 4442 3608 4493 mortuus
3652 4435 3974 4512 reputaba-

2424 4540 2525 4590 tur
2546 4575 2563 4602 ,
2594 4530 2682 4589 elie
2732 4533 2826 4588 15.
2857 4526 3140 4587 Ianuarii
3171 4529 3346 4585 1707.
3399 4525 3459 4585 in
3490 4524 3745 4587 Civitate
3781 4524 3972 4587 Lillae

2430 4622 2686 4683 Uxorem
2708 4620 2879 4681 duxit
2905 4618 3216 4679 Claudiam
3241 4616 3660 4680 Calvinianam
3683 4626 3815 4697 post
3838 4618 3975 4680 hae-

2423 4714 2602 4777 resim
2631 4714 2710 4774 ab
2740 4713 2947 4773 eadem
2975 4711 3314 4793 abjuratam
3343 4753 3359 4770 .

2541 4809 2610 4870 In
2642 4808 2754 4869 hac
2777 4805 2916 4867 facti
2950 4804 3166 4884 specie,
3200 4803 3319 4865 fuit
3339 4811 3538 4865 actum
3562 4803 3624 4863 in
3652 4804 3833 4865 Curia
3862 4805 3975 4864 Ar-

2422 4900 2838 4983 chiepiscopali
2867 4898 3293 4960 panormitana
3314 4917 3493 4978 super
3513 4897 3822 4959 validitate
3849 4898 3970 4978 pri·

2423 4998 2504 5060 mi
2542 4994 2949 5066 matrimonii,
2980 5012 3240 5073 cumque
3285 4992 3364 5053 ab
3390 4992 3595 5053 eadem
3626 4991 3811 5053 fuerit
3859 5011 3968 5071 pro

2421 5094 2548 5173 ejus
2577 5089 2886 5152 validitate
2917 5086 3369 5166 pronuntiatum
3396 5130 3413 5157 ,
3446 5084 3521 5146 de
3554 5085 3792 5165 justitia
3821 5085 3965 5147 dicti

2409 5185 2660 5268 judicati
2686 5182 2985 5264 agendum
3011 5191 3099 5241 est
3125 5180 3187 5240 in
3222 5178 3548 5259 praesenti.
3920 5170 3937 5188 '

2537 5278 2654 5340 Pro
2684 5276 2996 5339 validitate
3019 5273 3160 5336 facit
3185 5274 3414 5333 Textus
3443 5276 3506 5331 in
3537 5270 3681 5351 Cap.
3712 5273 3792 5333 ad
3811 5274 3874 5332 id
3903 5275 3973 5334 do

763 5383 884 5433 tam
908 5368 957 5431 C
961 5372 1153 5431 lericos
1178 5417 1193 5440 ,
1223 5389 1396 5448 quam
1426 5369 1625 5431 Laicos
1651 5371 1729 5431 ad
1764 5373 2308 5436 docendum‘Pueros
2418 5371 2815 5453 Sponsalibus,
2847 5372 2909 5431 in
2935 5388 3057 5450 quo
3080 5366 3530 5430 matrimonium
3554 5386 3659 5446 per
3682 5367 3807 5428 vim
3830 5387 3971 5429 con-

764 5466 1097 5529 Doctrinam
1126 5461 1519 5527 Christianam
1544 5513 1562 5537 ,
1585 5466 1891 5547 respondit
1918 5512 1936 5542 ,
1961 5487 2116 5549 posse
2138 5472 2306 5550 prius
2416 5476 2673 5531 tractum
2692 5510 2712 5541 ,
2732 5462 3045 5538 statuitur,
3077 5460 3242 5543 quod
3271 5459 3716 5523 cohabitatione
3743 5480 3972 5526 conva-
