4393 6299
1720 568 2181 641 ’0335110
2230 564 2370 631 cet.

426 704 513 781 dit
542 718 689 782 baec
708 718 839 783 Sac.
879 719 1232 806 Congregat.
1264 725 1329 784 in
1367 744 1486 786 una
1532 724 1843 787 Tudertina
1874 729 1967 786 12.

426 816 644 877 Martii
674 821 846 877 1718.
879 827 929 876 et
956 819 1020 877 in
1048 839 1167 880 una
1195 818 1527 883 Florentino
1558 821 1746 883 eadem
1770 822 1891 893 elie,
1922 832 1975 882 et

422 912 609 970 codem
638 931 788 971 anno
825 913 922 971 lib.
952 917 1050 972 68.
1077 915 1418 975 decretorum
1436 959 1452 975 .

543 1005 857 1086 Multoque
882 1007 1093 1089 magiS,
1124 1029 1260 1069 cum
1283 1029 1400 1069 non
1422 1018 1637 1092 agatur
1660 1010 1734 1072 de
1761 1009 1972 1092 pingui

426 1099 726 1160 Beneficio
748 1147 762 1172 ‚
794 1101 894 1163 sed
921 1102 995 1162 de
1018 1102 1317 1166 Beneficio
1346 1124 1468 1166 non
1516 1105 1838 1167 excedente
1863 1125 1974 1168 an-

424 1213 543 1254 nua
565 1213 646 1254 sc.
682 1199 779 1255 16.

541 1289 788 1370 Absque
822 1308 892 1350 eo
947 1290 1107 1371 quod
1138 1292 1376 1355 obstare
1424 1292 1622 1356 valeat
1652 1294 1973 1374 praeterita

418 1383 800 1445 observantia
823 1430 838 1456 ‚
898 1385 1386 1466 quandoquidem
1417 1388 1491 1449 de
1535 1408 1605 1450 ea
1637 1388 1973 1451 curandum

418 1485 590 1546 esset,
606 1478 652 1537 si
674 1500 789 1538 non
808 1482 1188 1542 constaretde
1206 1481 1365 1551 clara
1384 1481 1715 1545 intentione
1729 1483 1970 1560 Luciam,

421 1571 512 1630 vel
538 1570 586 1630 si
612 1592 727 1631 nou
752 1582 1069 1641 constaret,
1087 1575 1250 1654 quod
1279 1574 1535 1638 Fiditius
1552 1566 1707 1657 bona
1739 1586 1972 1640 tantum

423 1665 471 1724 L
474 1665 642 1726 uciae
677 1686 786 1745 pro
814 1667 1095 1729 Beneficii
1133 1670 1430 1732 erectione
1456 1671 1846 1751 assignasset.

542 1761 849 1842 Proposita
893 1762 1006 1823 fuit
1035 1762 1182 1837 baec
1230 1765 1420 1828 Causa
1451 1764 1513 1827 in
1549 1766 1974 1850 congregatio-

2559 722 2922 802 QUAESTIO
2971 710 3146 790 ccn.

2082 915 2155 976 In
2199 914 2391 980 Causa
2432 915 2736 978 Viennensi
2757 916 3071 979 Nultitatis
3099 912 3495 995 Professionis,
3545 919 3636 980 die'

2537 1014 2636 1071 25.
2686 1009 2969 1072 Januarii
3011 1014 3184 1071 1721.

2078 1140 2160 1251 P
2162 1204 2290 1258 ater
2308 1197 2554 1259 Gabriel
2581 1198 2644 1258 in
2658 1198 2896 1259 saeculo
2922 1197 3182 1260 loannes
3211 1197 3430 1270 David,
3453 1205 3632 1262 natus

2080 1298 2167 1352 est
2195 1292 2285 1353 die
2314 1296 2412 1353 29.
2437 1291 2656 1353 Martii
2682 1294 2857 1353 1683.
2891 1300 2951 1354 31
2980 1293 3041 1353 in
3066 1292 3296 1354 Ordine
3333 1294 3629 1357 Eremita-

2082 1404 2220 1445 rum
2245 1382 2306 1447 S.
2362 1386 2680 1468 Augustini
2715 1386 2833 1447 fuit
2862 1386 3020 1448 inter
3042 1388 3312 1449 Novitios
3335 1389 3631 1451 admissus

2042 1564 2047 1571 ,
2081 1482 2171 1540 die
2203 1486 2297 1542 16.
2333 1479 2672 1562 Septembris
2715 1486 2889 1541 1697.
2926 1491 2986 1543 31
3012 1482 3369 1563 Regularem
3399 1479 3628 1563 profes-

2082 1572 2311 1636 sionem
2347 1575 2543 1636 emisit
2574 1578 2663 1637 die
2697 1580 2796 1635 29.
2858 1567 3198 1656 Septembris
3249 1578 3638 1656 subsequentis

2080 1673 2226 1731 anni
2246 1675 2420 1731 1698.
2445 1670 2543 1731 et
2527 1690 2588 1730 1n
2613 1672 2908 1750 praesenti
2927 1671 3107 1732 instat
3121 1688 3228 1752 pro
3252 1671 3628 1733 restitutione

2086 1763 2148 1823 in
2177 1763 2480 1846 integrum
2501 1764 2788 1826 adversus
2805 1764 3039 1875 lapsum
3063 1762 3513 1863 quinquenniia
3530 1765 3629 1827 die

422 1874 518 1916 ne.
573 1855 750 1918 Nulla
800 1865 942 1918 tunc
986 1857 1293 1938 fuitcapta
1326 1832 1655 1934 resoluti03
1715 1880 1976 1941 cumque
2085 1856 2772 1940 professionisdecursi.

424 1951 804 2032 reproposita-
798 1951 1078 2013 fueritin
1094 1954 1479 2033 subsequenti
1495 1954 1970 2036 Congregatione

419 2041 631 2106 habita
679 2047 767 2106 die
793 2051 853 2107 8.
890 2046 1193 2107 Februarii
1225 2052 1396 2109 1721.
1444 2067 1796 2127 responsum
1855 2048 1973 2112 fuit

429 2150 675 2220 propter
704 2141 1021 2203 scissuram
1052 2142 1505 2225 suffragiorum,
1556 2145 1716 2225 quod
1749 2145 1968 2207 iterum

420 2230 892 2314 proponeretur,
931 2235 1067 2298 licet
1099 2239 1318 2298 etenim
1351 2238 1533 2300 Lucia
1585 2239 1801 2301 Portici
1832 2238 1973 2301 hae-

419 2330 618 2389 redem
647 2329 976 2393 instituerit
997 2331 1375 2395 Sacerdotem
1406 2332 1694 2394 Fiditium
1742 2334 1968 2416 Carda-

421 2424 580 2498 relli,
615 2443 878 2506 eumque
924 2415 1269 2513 gravaverit
1307 2447 1511 2521 onere,
1545 2428 1745 2508 quoad
1778 2435 1969 2508 usque

424 2540 521 2579 111
527 2528 697 2592 3131
755 2512 1097 2582 celebrandi
1149 2530 1410 2602 quatuor
1459 2523 1669 2584 Missas
1697 2524 1968 2603 quolibet

423 2632 647 2689 mense,
682 2616 936 2699 ejusque
980 2615 1150 2677 obitu
1184 2625 1428 2691 secute,
1490 2618 1966 2690 demandaverit,

420 2714 487 2769 31
508 2726 583 2769 ex
601 2710 884 2771 omnibus
907 2710 1030 2771 suis
1051 2709 1227 2772 bonis
1246 2709 1578 2791 erigeretur
1601 2712 1965 2773 Beneficium

416 2821 550 2861 cum
602 2822 799 2869 onere,
846 2814 1170 2884 perpetuae
1226 2803 1645 2866 celebrationis
1706 2813 1968 2886 quatuor

421 2894 739 2957 Missarum
768 2898 1039 2976 quolibet
1069 2917 1302 2971 mense,
1336 2898 1530 2960 visum
1573 2898 1968 2961 nibilominus

420 2989 535 3051 fuit
570 2991 904 3063 nonnulliS,
930 2993 1091 3077 quod
1110 2993 1389 3065 Fiditius‚
1414 2994 1519 3073 qui
1544 2993 1741 3055 adhuc
1760 2994 1968 3056 vivens

424 3083 663 3146 devenit
721 3085 797 3146 ad
832 3087 1194 3170 erectionem
1226 3087 1531 3163 Beneficii,
1566 3089 1826 3170 potuerit
1856 3090 1967 3149 Be-

424 3179 696 3242 neficiato
727 3181 1037 3262 imponere
1081 3202 1236 3244 onus
1259 3184 1646 3256 residentiae,
1691 3192 1748 3246 et
1778 3184 1970 3245 multo

422 3275 611 3352 magis
631 3296 762 3336 cum
785 3276 896 3338 boc
921 3296 1145 3338 novum
1174 3297 1327 3339 onus
1357 3279 1540 3340 fuerit
1567 3280 1965 3361 approbatum

420 3370 498 3430 ab
523 3369 879 3444 Ordinario‚
933 3381 992 3433 et
1019 3373 1098 3434 ab
1139 3394 1290 3434 anno
1334 3376 1507 3434 1632.
1544 3393 1735 3454 usque
1760 3374 1833 3436 ad
1866 3394 1968 3435 an-

418 3483 554 3522 num
588 3468 759 3524 1718.
795 3463 979 3527 fuerit
1005 3451 1340 3528 executioni
1378 3467 1762 3540 mandatum,
1793 3468 1969 3545 juxta

418 3558 583 3617 decis.
627 3562 799 3619 1240.
848 3577 1006 3619 num.
1051 3563 1109 3620 t.
1161 3577 1350 3621 eoram
1407 3561 1650 3622 Emeriae
1696 3560 1960 3633 Iunior-e,

420 3652 630 3731 quod
610 3671 806 3732 ipsum
832 3653 1057 3715 dietum
1082 3654 1198 3715 fuit
1219 3655 1794 3735 etiamfprocedere
1776 3675 1837 3715 13
1864 3674 1964 3716 or·

417 3745 557 3806 dine
602 3749 676 3807 ad
701 3747 866 3809 aliud
895 3767 1048 3809 onus
1068 3748 1328 3810 duarum
1356 3748 1613 3809 aliarum
1643 3749 1964 3810 Missarum

419 3839 647 3919 abipso
674 3841 1220 3922 superadditarum,
1254 3852 1379 3903 tum
1416 3847 1490 3903 ex
1522 3842 1835 3926 identitate
1867 3862 1967 3905 ra-

421 3932 621 4006 tionis,
655 3944 781 3995 tum
812 3937 979 4016 quia,
1014 3957 1150 3997 cum
1188 3936 1444 3998 Fiditius
1496 3937 1742 3999 baberet
1773 3936 1961 3998 facul-

418 4037 597 4088 tatem
651 4031 1069 4108 praesentandi
1164 4031 1237 4093 ad
1310 4050 1531 4092 novum
1597 4031 1963 4094 Beneficium

414 4122 747 4201 quamlibet
780 4144 1091 4202 personam
1120 4125 1234 4186 sibi
1259 4126 1639 4200 benevisam,
1671 4133 1729 4187 et
1755 4125 1840 4188 sic
1866 4128 1960 4187 in-

412 4224 644 4277 certum
663 4217 737 4278 de
768 4218 1039 4291 incertis,
1068 4219 1265 4298 potuit
1286 4217 1467 4280 etiam
1498 4219 1585 4281 uti
1610 4218 1820 4280 haeres
1840 4221 1962 4281 Lu·

414 4309 563 4383 ciae,
593 4319 651 4372 et
670 4319 957 4373 executor
982 4313 1113 4394 ejus
1134 4312 1485 4389 voluntatiS,
1516 4333 1741 4377 novum
1764 4313 1961 4395 primo

413 4415 786 4484 praesentato
808 4425 962 4467 onus
990 4407 1321 4487 imponere.

446 4519 447 4524 ¹
490 4519 493 4522 “
530 4498 695 4561 Haec
715 4508 877 4573 sunt,
906 4520 1062 4582 quae
1085 4500 1333 4564 fuerunt
1356 4502 1420 4563 in
1453 4502 1773 4582 praeterita
1802 4501 1957 4565 Con-

408 4595 754 4677 gregatione
781 4597 949 4658 docte
971 4596 1046 4664 de
1077 4615 1244 4658 more
1278 4597 1603 4678 proposita.

462 4701 463 4706 ’
526 4689 812 4770 Adeoque
839 4710 1000 4752 nunc
1018 4690 1367 4771 quaeritur.
1522 4721 1525 4722 ⁷

525 4780 651 4854 An,
693 4785 847 4846 etad
886 4804 1029 4865 quae
1068 4805 1240 4846 onera
1274 4784 1528 4848 Clericus
1560 4784 1957 4849 Fordinandus

411 4874 751 4958 Seaqlionus
774 4890 1031 4941 teneatur
1048 4881 1110 4939 in
1133 4899 1267 4940 casu
1294 4890 1395 4941 ete.

482 5079 487 5096 ¹
515 5067 666 5120 Sacra
695 5069 891 5139 Congr.
921 5068 1009 5121 die
1035 5069 1117 5121 31.
1148 5070 1272 5139 Maii
1303 5067 1458 5121 1721.
1492 5070 1809 5140 respondit:

593 5156 861 5208 Clericum
888 5156 1303 5210 Ferdinandum
1320 5158 1664 5226 Scaglionum
1688 5159 1865 5212 teneri
1889 5158 1966 5213 ad

405 5257 571 5295 onera
601 5256 813 5296 tantum
830 5245 1172 5318 praescripta
1201 5264 1235 5300 a
1267 5245 1591 5300 Testatrice.

2169 1954 2480 2016 Potitionis
2505 1963 2875 2023 momentum
2900 1953 3362 2019 constituiturin
3376 1974 3498 2038 cap.
3530 1952 3626 2017 15

2075 2068 2207 2109 sess.
2234 2052 2332 2109 25.
2358 2050 2422 2109 de
2434 2067 2552 2128 req.
2589 2059 2640 2109 et
2664 2048 2916 2110 Monial.
2941 2049 3044 2127 ubi
3070 2049 3436 2123 decernitur,
3461 2049 3627 2131 quod

2078 2142 2140 2202 in
2167 2161 2533 2224 quacunque
2561 2142 2871 2224 Religione
2894 2142 3181 2223 professio
3210 2162 3329 2203 non
3359 2141 3468 2206 fiat
3490 2150 3633 2205 ante

2080 2236 2380 2297 decimum
2413 2247 2647 2298 sextum
2701 2256 2928 2299 annum
2970 2236 3273 2319 expletum
3299 2285 3315 2307 ,
3366 2244 3427 2298 et
3463 2229 3627 2317 quod

2084 2330 2372 2411 professio
2397 2342 2571 2393 antea
2599 2330 2752 2393 facta
2782 2331 2860 2393 sit
2905 2330 3095 2405 nulla,
3143 2330 3503 2411 nullamque
3530 2330 3628 2393 in—

2080 2423 2261 2487 ducat
2294 2424 2722 2506 obligationem
2742 2468 2760 2484 .

2154 2519 2266 2580 “Et
2310 2519 2454 2600 quia
2487 2527 2854 2580 memoratus
2903 2518 2968 2578 P.
3019 2517 3269 2580 Gabriel
3315 2518 3478 2581 videt
3502 2510 3620 2581 sibi

2078 2612 2299 2693 opponi
2330 2633 2498 2693 posse
2527 2613 2766 2675 tacitam
2795 2612 3220 2693 professionem
3249 2659 3267 2686 ,
3302 2633 3406 2675 seu
3437 2613 3622 2675 ratifi-

2078 2706 2398 2780 cationem,
2429 2728 2503 2768 ex
2528 2726 2672 2788 quo,
2702 2716 2834 2788 post
2860 2708 3134 2770 emissam
3170 2705 3632 2789 professionem,

2078 2810 2249 2864 actus
2295 2803 2560 2884 explevit
2595 2794 2883 2864 Professis
2912 2811 3328 2885 congruentes,
3357 2810 3418 2865 et
3460 2800 3634 2883 quodv

2066 2887 2240 2978 juxta
2267 2898 2503 2977 praxim
2543 2897 2604 2957 in
2637 2898 2857 2959 annuis
2899 2897 3220 2970 exercitiis,
3272 2898 3625 2981 magnisque

2077 2990 2562 3054 solemnitatibus
2596 3000 2733 3066 vota
2758 2991 3093 3066 renovavit,
3124 2992 3217 3053 vel
3272 2992 3482 3053 saltem
3526 3010 3616 3053 re-

2076 3104 2326 3148 novasse
2353 3086 2514 3148 credi
2543 3086 2741 3161 debet,
2772 3088 2947 3168 juxta
2979 3086 3464 3148 informationem
3516 3085 3624 3147 Su·

2080 3180 2336 3259 perieris
2386 3180 2614 3255 localis,
2669 3202 2848 3263 quem
2877 3182 3207 3263 Episcopus
3260 3178 3620 3244 Viennensis

2082 3275 2318 3337 audivit
2347 3276 2407 3336 in
2439 3276 2860 3357 compilatione
2897 3295 3232 3357 processus.

2192 3369 2353 3431 Hinc
2379 3379 2489 3442 est,
2528 3371 2688 3451 quod
2717 3370 2779 3431 in
2807 3389 2898 3442 30,
2933 3371 3092 3451 quod
3125 3370 3338 3433 attinet
3356 3369 3432 3432 ad
3468 3368 3614 3432 taci-

2073 3470 2193 3524 tam
2210 3463 2661 3543 professionem,
2682 3484 2785 3526 seu
2813 3465 3270 3538 ratificationem
3291 3485 3366 3527 ex
3386 3464 3619 3526 actibus

2072 3557 2472 3639 desumptam,
2512 3559 2831 3640 respondet
2883 3573 3009 3621 303·
3064 3559 3193 3622 dari
3221 3560 3458 3623 tacitam
3487 3577 3622 3639 pro-

2075 3650 2426 3725 fessionem,
2475 3672 2580 3714 seu
2626 3651 3117 3726 ratificationem,
3151 3654 3405 3733 quoties»,
3437 3660 3618 3734 prout

2069 3744 2192 3818 hic,
2246 3746 2551 3808 concurrit
2593 3748 2796 3829 juxta,
2826 3755 2884 3812 et
2912 3747 3245 3829 probabilis
3274 3746 3617 3827 ignorantia

2071 3838 2379 3902 nullitatis
2426 3860 2573 3904 suae
2616 3843 3024 3922 praecedentis
3074 3840 3492 3921 professionis,
3542 3841 3617 3902 de

2070 3952 2191 4014 qua
2234 3935 2534 4015 probabili
2566 3935 2906 4016 ignorantia
2938 3936 3081 3997 dicit
3128 3953 3245 3995 303
3280 3952 3405 3994 esse
3436 3933 3616 3994 dubi-

2070 4028 2345 4102 tandum,
2368 4049 2504 4090 cum
2536 4029 2864 4110 Superior
2848 4049 2909 4090 13
2938 4048 3045 4090 sua
3075 4026 3500 4087 informatione
3523 4026 3617 4088 di-

2068 4131 2162 4184 cat
2194 4142 2321 4184 asse
2342 4123 2693 4198 verisimile,
2726 4124 2890 4205 quod
2911 4121 3058 4184 fides
3084 4105 3469 4201 Baptismatis
3493 4139 3616 4192 3011

2069 4216 2256 4278 fuerit
2283 4217 2597 4298 requisita,
2628 4237 2702 4279 ne
2724 4220 2853 4300 ejus
2871 4217 3062 4282 Mater
3084 4213 3481 4297 subjiceretur
3510 4235 3626 4277 exv

2066 4310 2289 4390 pensis,
2319 4330 2477 4391 quae
2499 4320 2673 4374 erant
2707 4311 3092 4383 necessariae,
3125 4319 3194 4372 ut
3216 4308 3376 4373 dicta
3401 4308 3551 4372 fides
3576 4331 3612 4373 3

2068 4404 2324 4467 Civitate
2369 4407 2801 4477 venetiarum,
2847 4407 2907 4467 in
2943 4425 3064 4487 qua
3097 4407 3223 4486 ipse
3249 4414 3426 4468 natus
3457 4413 3611 4478 erat,

2066 4491 2417 4574 haberetur,
2460 4503 2647 4579 juxta
2673 4501 3070 4580 samiqeratam
3123 4502 3449 4562 decisionem
3471 4503 3609 4561 952.

2059 4611 2165 4672 per
2189 4603 2290 4665 tot,
2323 4605 2374 4654 et
2392 4585 2689 4673 siquanter
2716 4613 2880 4654 num.
2910 4598 2968 4654 3.
3004 4604 3056 4654 et
3082 4613 3230 4676 seqq.
3255 4606 3307 4654 et
3346 4594 3464 4673 ejus
3483 4611 3616 4655 con-

2062 4687 2442 4767 firmatoriam
2463 4692 2600 4750 983.
2625 4707 2815 4749 eoram
2836 4687 3085 4748 Emer-ix
3103 4690 3236 4766 jun.
3621 4771 3622 4774 Ἴ

2180 4780 2258 4842 Ε1
2306 4779 2370 4841 in
2407 4800 2500 4854 eo,
2555 4781 2722 4862 quod
2749 4788 2975 4862 spectat
3021 4782 3097 4843 ad
3158 4779 3610 4843 renovationem

2064 4882 2365 4948 votorum,
2397 4874 2625 4947 subdit,
2656 4875 2732 4937 de
2752 4894 2821 4937 ea
2845 4894 2967 4936 303
2994 4894 3120 4936 esse
3147 4875 3507 4947 curandum,
3534 4874 3620 4935 ad¹

2064 4968 2337 5030 effectum
2360 4969 2433 5030 de
2454 4988 2577 5050 quo
2604 4969 2827 5052 agitur,
2846 4978 3147 5050 quatenus
3164 4969 3347 5030 etiam
3372 4968 3433 5028 in
3458 4967 3612 5029 facto

2064 5062 2434 5134 subsisteret,
2485 5084 2621 5124 cum
2670 5064 2816 5125 haec
2849 5063 2930 5125 sit
2954 5061 3329 5126 caeremonia
3356 5060 3618 5122 devotio·

2065 5176 2200 5218 nem
2224 5157 2518 5231 redolens,
2545 5166 2605 5219 et
2632 5157 2933 5237 pictatem,
2959 5157 3060 5220 sed
3091 5176 3248 5239 quae
3271 5175 3390 5217 non
3417 5154 3608 5236 impe·

2062 5249 2187 5321 dit,
2231 5248 2384 5331 quin
2412 5250 2487 5312 de
2517 5250 2796 5313 nullitate
2827 5249 3211 5331 professionis
3234 5248 3349 5310 dici
3387 5249 3563 5329 possit
3587 5294 3604 5320 ,

2056 5346 2232 5426 juxta
2279 5343 2672 5407 resolutiones
2713 5344 2895 5427 hujus
2947 5345 3009 5407 S.
3042 5345 3333 5426 Congreg.
3388 5341 3622 5405 relatas

2060 5441 2217 5519 apud
2243 5439 2318 5499 D.
2358 5439 2642 5521 Ursayam
2668 5461 2797 5522 par.
2854 5444 2907 5501 1.
2958 5441 3185 5520 ἀίει-0111.
3226 5444 3280 5500 1.
3307 5457 3464 5499 num.
3503 5444 3601 5501 57.

2059 5544 2109 5596 et
2133 5541 2228 5595 58.
2258 5545 2387 5596 tom.
2418 5538 2471 5595 1.
