4393 6299
884 472 990 524 ssl

1865 469 2311 539 Quaesrtonss
2348 471 2708 527 canomcffi

696 625 931 707 gativas
976 643 1157 687 suum
1205 625 1394 686 robur
1441 622 1669 685 habere
1708 622 1954 686 deberet
1998 642 2118 685 non
2174 645 2250 685 ex
2360 624 2766 705 professionis,
2788 624 3162 706 quodncvus
3184 624 3444 705 Capituli
3468 639 3793 687 consensus
3819 644 3914 686 re-

698 740 895 795 nunc,
924 721 1028 783 sed
1054 741 1128 782 ex
1161 728 1323 781 tunc.

817 817 958 878 Post
998 816 1159 877 edita
1199 814 1319 874 huc
1363 832 1553 892 usque
1595 812 1887 875 recensita
1919 815 2205 893 rescripta
2232 860 2248 887 ,

695 910 868 974 nulla
888 957 905 985 ,
937 909 1241 991 loquendo
1288 908 1362 970 de
1410 909 1526 969 PP.
1570 907 1952 970 Discalceatis
1999 909 2252 970 Redem-

695 1005 921 1087 ptionis
946 1003 1370 1084 Captivorum,
1398 1020 1502 1062 seu
1534 1001 1609 1062 de
1644 1002 1758 1061 PP.
1809 1002 2080 1063 Minimis
2105 1048 2123 1075 ,
2173 1003 2251 1065 ad

699 1100 923 1162 Urbem
968 1098 1211 1160 devenit
1245 1096 1459 1158 notitia
1482 1144 1498 1167 ,
1529 1096 1624 1157 vel
1666 1097 1829 1177 quod
1870 1097 2123 1158 professi
2153 1117 2252 1158 co-

695 1213 827 1257 ram
877 1192 1208 1274 illegitimis
1256 1190 1685 1271 Superioribus
1732 1212 1902 1252 suam
1945 1192 2251 1253 noluerint

696 1287 999 1350 ratificare
1045 1287 1472 1367 professionem
1501 1332 1517 1360 ‚
1560 1286 1655 1348 vel
1699 1287 1861 1366 quod
1910 1286 2253 1348 volentibus

694 1383 819 1445 illis
840 1382 1268 1463 professionem
1295 1381 1594 1444 ratificare
1616 1402 1817 1443 coram
1846 1381 2112 1462 legitimo
2136 1383 2251 1443 Su-

695 1476 963 1557 periore,
989 1476 1246 1537 excitata
1275 1475 1458 1537 fuerit
1478 1475 1883 1537 controversia
1901 1521 1917 1548 ,
1949 1477 2108 1556 quod
2142 1497 2248 1538 no-

693 1590 841 1633 vum
870 1590 981 1651 pro
1009 1569 1407 1633 ratificatione
1450 1570 1796 1650 Capitulum
1846 1581 1995 1633 esset
2034 1591 2251 1651 cogen-

696 1667 875 1740 dum,
904 1667 1191 1748 quodque
1216 1666 1467 1728 Vocales
1492 1667 1938 1744 praetenderint
1964 1687 2114 1729 nova
2141 1667 2248 1728 da-

694 1780 764 1824 re
791 1781 902 1842 pro
930 1760 1335 1831 admittenda,
1368 1762 1460 1822 vel
1495 1780 1613 1822 non
1649 1762 2017 1826 admittenda
2058 1765 2250 1825 ratiti-

695 1854 932 1918 catione
957 1854 1240 1934 suffragia
1260 1898 1276 1917 .
1315 1853 1380 1918 Id
1410 1863 1634 1929 autem,
1659 1855 1821 1937 qnod
1854 1876 1972 1919 non
2002 1859 2252 1940 contigit

691 1949 758 2011 in
800 1949 1080 2012 Patribus
1108 1949 1559 2030 Redemptionis
1601 1952 1976 2030 captivorum
2024 1972 2130 2015 nec
2184 1952 2251 2014 in

694 2043 981 2106 Patribus
1022 2042 1324 2113 Minimis,
1364 2044 1617 2123 contigit
1658 2043 1725 2104 in
1777 2045 2059 2107 Patribus
2104 2045 2249 2106 Car-

701 2138 927 2199 melitis
953 2138 1356 2200 Discalceatis.
1377 2139 1555 2200 Lecto
1571 2139 1870 2218 siquidem
1894 2139 1955 2201 in
1982 2141 2249 2222 ipsorum

696 2231 1009 2312 Capitulo,
1061 2251 1244 2313 supra
1273 2233 1565 2294 recensito
1612 2233 1849 2296 decreto
1872 2280 1888 2307 ,
1928 2255 2066 2297 cum
2096 2255 2249 2316 quas

695 2335 869 2398 tuor,
906 2326 1011 2407 qui
1041 2325 1284 2387 fuerant
1319 2326 1562 2388 admissi
1593 2327 1668 2388 ad
1703 2327 2131 2408 professionem
2177 2349 2252 2390 ex

695 2422 982 2487 mandato
1028 2420 1422 2483 Provincialis
1446 2421 1695 2493 intrusi,
1733 2432 1793 2484 et
1817 2423 2068 2485 eandem
2100 2425 2251 2486 emi-

694 2527 903 2580 serant
958 2515 1022 2576 in
1078 2514 1361 2577 manibus
1407 2516 1707 2598 illegitimi
1760 2519 2103 2599 Superioris
2128 2566 2144 2594 ‚
2189 2539 2254 2582 se

690 2620 1032 2694 promptos,
1064 2620 1124 2673 et
1151 2620 1390 2693 paratos
1413 2612 1805 2676 exhibuerint
1829 2615 1906 2676 ad
1935 2634 2068 2676 eam
2100 2614 2253 2677 rati-·

696 2705 998 2768 ficandam
1016 2705 1082 2766 in
1107 2705 1388 2767 manibus
1412 2706 1666 2790 legitimi
1689 2707 2050 2789 Superioris,
2078 2705 2255 2771 Pater

693 2799 870 2861 Prior
899 2798 1377 2879 praetensionem
1402 2798 1711 2875 excitavit,
1736 2801 1900 2883 quod
1925 2802 1986 2862 in
2016 2803 2132 2865 hac
2153 2823 2251 2880 ra-

696 2892 1029 2954 tificatione
1075 2891 1451 2972 exquirenda
1496 2903 1692 2957 essent
1735 2895 2021 2976 suffragia
2060 2896 2255 2958 Voeaa

689 2985 847 3049 lium
873 3032 889 3059 ,
918 2995 976 3048 et
1007 2985 1218 3048 iisdem
1256 2985 1687 3066 replicantibus
1709 3035 1727 3063 ,
1767 3008 1833 3051 se
1863 3009 2032 3070 posse
2059 2989 2253 3053 libere

693 3080 1125 3162 professionem
1152 3078 1451 3142 ratificare
1469 3081 1699 3163 absque
1717 3082 1844 3144 ulla
1874 3101 2030 3145 nova
2058 3083 2254 3147 Voca-

694 3173 848 3238 lium
873 3175 1330 3257 approbatione,
1354 3177 1602 3246 habitus,
1624 3177 1742 3240 fuit
1765 3178 1841 3241 de
1865 3179 1979 3241 hoc
1999 3179 2252 3242 dissidio

692 3288 895 3333 nermo
912 3270 978 3332 in
1002 3279 1299 3351 postrema
1318 3272 1792 3355 congregatione
1808 3273 1968 3335 inter
1986 3293 2253 3356 summa-

696 3362 792 3427 ria
818 3383 1088 3445 precum,
1118 3374 1178 3428 et
1204 3384 1556 3446 responsum
1575 3365 1694 3429 fuit
1715 3412 1734 3441 ,
1764 3367 1931 3448 quod
1959 3368 2254 3432 instantia

696 3467 1024 3540 poneretur
1052 3459 1117 3520 in
1150 3459 1319 3522 folio.
2134 3488 2139 3495 ·

820 3554 939 3615 Pro
965 3554 1379 3634 praetensione
1401 3555 1596 3617 Patris
1617 3555 1844 3618 Prioris
1866 3557 2135 3620 militare
2160 3559 2257 3620 vi-

696 3647 883 3710 detur
897 3648 1005 3728 jus
1020 3666 1339 3710 commune
1357 3693 1373 3721 ‚
1399 3658 1458 3711 et
1481 3669 1750 3731 pugnare
1768 3651 1947 3713 etiam
1975 3652 2260 3715 videntur

709 3742 896 3804 verba
918 3742 1177 3814 Decreti,
1207 3750 1268 3804 et
1287 3742 1348 3803 in
1371 3764 1442 3805 eo
1464 3745 1733 3824 quidem,
1759 3747 1921 3825 quod
1945 3748 2162 3810 attinet
2181 3747 2256 3809 ad

694 3838 797 3918 §us
843 3854 1195 3908 commune,
1247 3856 1342 3898 res
1372 3838 1660 3917 'expedita
1710 3858 1837 3901 esse
1883 3840 2125 3902 videtur
2151 3887 2168 3914 ,
2206 3841 2256 3901 si

698 3931 867 3993 enim
898 3929 964 3991 in
994 3929 1392 3993 ratificatione
1436 3952 1629 3993 novus
1654 3934 1991 4014 requiritur
2023 3935 2257 3997 Profes-

702 4043 910 4086 sorum
934 4043 1279 4096 consensus,
1309 4044 1464 4088 nova
1486 4027 1675 4088 ‘etiam
1708 4029 1937 4108 requiri
1976 4029 2216 4091 videtur
2239 4070 2256 4103 ,

692 4127 770 4181 ‘et
795 4138 922 4180 esse
966 4119 1294 4182 necessaria
1325 4121 1682 4200 approbatio
1729 4122 2044 4191 Vocalium
2072 4170 2089 4198 ,
2120 4143 2259 4186 cum

698 4211 1093 4293 professionis
1119 4211 1429 4273 vinculum
1459 4214 1743 4277 consistat
1781 4216 1843 4276 in
1872 4228 2084 4279 mutuo
2115 4218 2262 4278 Pro·

705 4306 934 4368 fitentis
961 4350 977 4376 ‚
1009 4314 1069 4366 et
1099 4304 1426 4387 Religionis
1452 4326 1774 4370 consensu.
1805 4310 2138 4391 Simileque
2160 4314 2263 4393 ju·

707 4399 932 4462 dicium
955 4398 1266 4460 ferendum
1293 4418 1419 4460 esse
1437 4399 1677 4462 videtur
1698 4402 1773 4462 de
1793 4403 1992 4465 verbis
2003 4405 2261 4477 Decreti,

702 4493 773 4557 in
799 4494 906 4555 illo
938 4495 1165 4574 quippe
1192 4493 1278 4555 sic
1301 4493 1553 4575 legitur,
1587 4496 1672 4556 uti
1703 4515 1887 4575 supra
1919 4497 2039 4560 fuit
2075 4517 2261 4579 expo-

700 4587 912 4651 situm:
940 4608 1049 4667 quo
1090 4608 1218 4648 vcro
1244 4589 1320 4649 ad
1353 4608 1471 4657 cos,
1517 4591 1620 4666 qui
1639 4592 1754 4650 sint
1781 4592 1857 4651 ad
1878 4594 2271 4672 professionem

705 4684 1066 4757 admittendi,
1099 4683 1289 4744 eadem
1314 4681 1504 4745 Sacra
1534 4682 1910 4763 Conqrcqatio
1938 4690 2226 4770 rescripsit
2252 4736 2267 4758 ,

704 4778 855 4857 quod
895 4776 1174 4858 Superior
1199 4786 1403 4838 utatur
1423 4777 1554 4854 jure
1580 4795 1715 4837 suo:
1737 4788 1798 4840 et
1826 4798 1903 4840 ex
1928 4780 2149 4843 horum
2185 4791 2273 4844 te-

703 4891 861 4934 nore
888 4872 1215 4937 verborum
1249 4869 1510 4934 infertur
1528 4917 1545 4944 ,
1583 4874 1974 4936 necessariam
1999 4894 2127 4938 esse
2156 4896 2267 4939 no·

700 4980 850 5031 ivam
898 4964 1397 5046 approbationem
1427 4967 1742 5029 Vocalium
1793 4968 1859 5029 in
1909 4969 2275 5034 admissione

706 5060 1132 5141 ratificationis
1160 5059 1571 5140 profesdouis,
1600 5063 1826 5124 cumin
1845 5063 1960 5126 hae
1981 5084 2049 5127 re
2073 5067 2273 5128 consi·

715 5162 833 5216 stat
851 5155 955 5237 jus
993 5153 1367 5235 Superioris,
1393 5155 1557 5234 quod
1585 5164 1676 5218 est
1707 5156 1774 5218 in
1802 5159 2054 5222 Decreto
2078 5178 2274 5223 reser-

708 5258 948 5313 Jvatum.
2251 5296 2262 5309 .

726 5382 729 5391 -
836 5340 1179 5422 Crescitque
1200 5342 1526 5417 dismrsus,
1547 5345 2038 5428 quandoquidem
2064 5349 2130 5411 in
2157 5352 2276 5411 ter-

716 5434 1033 5513 minis,‚uti
1058 5435 1280 5519 dicitur
1301 5482 1322 5512 ,
1346 5439 1813 5505 terminantibus
1835 5486 1853 5515 ,
1889 5442 2274 5515 ratificationi

2359 719 2671 800 quiratur,
2701 721 2777 782 ad
2805 720 2995 780 instar
3020 720 3279 781 carnalis
3313 719 3732 793 Matrimonii„
3749 718 3912 799 quod

2357 815 2406 875 si
2457 815 2576 877 fuit
2625 815 2868 876 irritum
2924 815 3005 875 ob
3061 814 3504 876 inhabilitatem
3552 814 3916 876 contrahen-

2363 909 2537 983 tium,
2565 929 2790 971 novum
2815 955 2834 983 ,
2867 918 2937 970 ut
2959 908 3335 971 convalescat
3357 955 3374 983 ,
3397 909 3668 989 exquirit
3696 910 3918 970 utrius·

2359 1021 2482 1083 que
2505 1003 2792 1085 Coujugis
2827 1022 3203 1076 consensum,
3219 1022 3341 1064 una
3359 1023 3496 1064 cum
3512 1003 3756 1065 scicntia
3778 1002 3920 1063 nul-

2361 1098 2548 1160 litatis
2586 1099 2957 1161 matrimonii
2984 1146 3001 1170 ,
3030 1098 3280 1160 caeteris
3305 1098 3578 1178 allegatis
3600 1097 3719 1159 late
3743 1098 3916 1161 docet

2361 1195 2573 1257 Donat.
2600 1198 2664 1255 in
2708 1197 2893 1275 praxi
2931 1214 3124 1255 rerum
3175 1194 3380 1272 Requi.
3409 1206 3540 1254 tom.
3566 1198 3624 1254 2.
3656 1205 3822 1256 tract.
3850 1201 3910 1256 8.

2360 1301 2574 1368 quaest.
2602 1296 2660 1350 7.
2695 1310 2797 1371 per
2820 1301 3014 1350 totam.

2480 1385 2699 1466 Magna
2719 1403 2753 1443 e
2779 1393 2988 1445 contra
3016 1383 3289 1463 aequitas
3306 1384 3579 1446 assistere
3607 1383 3726 1444 illis
3745 1384 3915 1446 vide·

2363 1487 2492 1551 tur,
2520 1479 2626 1559 qui
2656 1487 2902 1559 putant,
2940 1498 3003 1540 se
3029 1498 3155 1541 esse
3182 1481 3256 1542 ad
3287 1479 3744 1542 ratificationem
3778 1499 3918 1558 pro-

2359 1573 2634 1635 fessionis
2672 1574 3076 1635 admittendos
3126 1575 3360 1655 absque
3407 1594 3566 1636 novo
3600 1573 3918 1635 Vocalium

2358 1688 2650 1731 consensu
2673 1717 2691 1741 ,
2723 1688 3098 1750 magnaeque
3126 1670 3387 1731 ulterius
3411 1669 3632 1732 adsunt
3659 1670 3920 1732 circum-

2357 1764 2613 1826 stantiae
2632 1808 2649 1835 ,
2679 1782 2944 1844 quarum
2970 1763 3245 1825 omnium
3279 1782 3483 1825 rerum
3513 1783 3626 1844 ope
3671 1773 3921 1824 conten-

2359 1859 2524 1922 ditur
2546 1878 2674 1920 esse
2696 1858 2892 1920 locum
2918 1858 3260 1920 auctoritati
3291 1858 3524 1920 Summi
3563 1856 3875 1920 Pontificis
3900 1902 3920 1932 ,

2360 1954 2465 2034 qui
2499 1973 2722 2017 novum
2758 1962 3090 2034 utcumque
3134 1955 3534 2017 necessarium
3562 1972 3921 2016 consensum

2356 2048 2629 2129 suppleat
2657 2049 2971 2110 Vocalium
2990 2095 3006 2122 ,
3032 2056 3091 2111 et
3116 2050 3468 2131 Religionis.

2477 2143 2653 2217 Quod
2690 2154 2892 2205 autem
2931 2163 3148 2225 magna
3177 2146 3410 2207 assistat
3439 2143 3711 2224 aequitas
3756 2142 3880 2203 illis
3906 2190 3922 2212 ,

2359 2239 2554 2318 quise
2579 2237 2983 2300 admittendos
3010 2239 3220 2302 dicunt
3249 2240 3323 2302 ad
3364 2239 3750 2320 professionis
3779 2237 3926 2298 rati-

2360 2330 2701 2394 ficationem
2752 2333 2984 2413 absque
3019 2353 3175 2396 novo
3222 2334 3543 2396 Vocatium
3589 2350 3879 2393 consensu
3906 2376 3924 2402 ‚

2361 2435 2558 2506 patet,
2586 2428 2730 2508 quia
2762 2427 2966 2490 statim
3001 2447 3071 2492 ac
3099 2448 3291 2491 novus
3320 2428 3655 2509 requiritur
3677 2444 3928 2487 eonsen-

2359 2540 2490 2594 sus,
2541 2523 2842 2604 possibilis
2874 2531 2960 2586 est
2994 2543 3163 2585 casus
3187 2570 3203 2598 ‚
3249 2523 3412 2605 quod
3465 2522 3754 2583 instantes
3804 2537 3927 2579 non

2360 2617 2758 2680 admittantur
2785 2618 2861 2680 ad
2893 2617 3354 2680 ratificationem
3384 2614 3771 2697 professionis
3793 2659 3811 2687 ,
3860 2612 3928 2673 in

2361 2729 2486 2791 quo
2511 2730 2718 2773 rerum
2748 2711 3014 2774 themate
3040 2730 3219 2774 nemo
3243 2719 3334 2772 est
3353 2759 3369 2781 ,
3395 2708 3502 2791 qui
3536 2728 3658 2770 non
3684 2707 3886 2769 videat
3908 2749 3926 2778 ,

2363 2825 2486 2867 non
2535 2805 2733 2876 solum
2779 2806 3073 2889 injuriam
3103 2804 3225 2867 illis
3272 2802 3532 2884 irrogari
3558 2850 3576 2875 ,
3627 2801 3732 2864 sed
3769 2800 3935 2881 quod

2363 2900 2555 2983 magis
2576 2909 2685 2974 est,
2705 2901 2944 2964 eosdem
2976 2901 3051 2963 ad
3078 2898 3483 2961 miserabilem
3504 2904 3726 2960 statum
3748 2893 3932 2956 indu·

2361 2994 2450 3068 ci,
2483 3014 2619 3057 cum
2651 2995 2848 3060 Sacris
2876 2994 3107 3057 fuerint
3140 2992 3478 3056 Ordinibus
3525 2987 3749 3053 initiati
3790 2996 3933 3051 ante

2361 3091 2677 3153 Decretum
2729 3088 2946 3153 Sacrae
3001 3087 3496 3172 Congregationis
3521 3134 3538 3159 ,
3593 3101 3932 3164 eorumque

2366 3185 2670 3247 ordinatio
2691 3203 2812 3245 nou
2838 3184 3019 3246 fuerit
3049 3183 3203 3244 facta
3226 3183 3303 3244 ad
3330 3181 3578 3242 titulum
3603 3176 3886 3241 Beneficii
3910 3221 3930 3252 ,

2367 3278 2461 3341 vel
2492 3277 2846 3341 Patrimonii
2869 3323 2886 3351 ,
2937 3277 3038 3339 sed
3090 3277 3165 3339 ad
3214 3274 3464 3338 titulum
3510 3270 3890 3355 Pauper-tatis
3911 3314 3930 3343 ,

2367 3372 2455 3435 uti
2486 3372 2636 3435 fitin
2666 3372 2982 3454 Religiosis
3003 3370 3311 3453 professis.

2484 3469 2663 3544 Quod
2688 3487 2837 3530 vero
2868 3486 3121 3549 magnae
3151 3465 3412 3528 ulterius
3438 3463 3638 3526 adsint
3672 3460 3936 3522 circum-

2366 3564 2654 3634 stantiae,
2685 3562 3061 3644 dignoscitur
3082 3610 3099 3634 ,
3130 3562 3334 3623 statim
3363 3558 3524 3620 enim
3554 3575 3625 3617 ac
3657 3555 3758 3616 via
3791 3571 3937 3634 ape·

2367 3659 2525 3721 ritur
2542 3694 2570 3734 ,κ
2589 3659 2752 3739 quod
2778 3657 2904 3731 illi,
2927 3657 3032 3738 qui
3065 3657 3127 3717 in
3152 3659 3360 3737 Regno
3382 3650 3587 3712 Siculo
3611 3647 3933 3730 professio-

2368 3772 2507 3815 nem
2537 3753 2871 3815 emiserunt
2900 3751 3198 3813 nullitatis
3223 3749 3374 3809 vitio
3396 3746 3775 3807 laborantem
3793 3789 3810 3816 ,
3837 3747 3934 3803 ut-

2367 3856 2508 3929 pote
2528 3847 2807 3909 emissam
2830 3846 2892 3906 in
2919 3845 3201 3907 manibus
3228 3842 3529 3923 illegitimi
3554 3836 3930 3921 Superioris,

2367 3942 2598 4023 quique
2616 3959 2693 4002 ex
2711 3939 2978 4002 Decretis
2997 3938 3179 4020 hujus
3197 3937 3416 3999 Sacrae
3434 3929 3936 4016 congregationis

2368 4035 2621 4098 eandem
2652 4033 2983 4096 intendunt
3027 4031 3330 4095 ratificare
3351 4078 3368 4105 ,
3402 4030 3574 4093 novis
3619 4035 3938 4092 teneantur

2368 4129 2582 4210 suinci
2607 4127 2925 4189 vocalium
2950 4126 3258 4208 suffragiis
3275 4170 3293 4200 ‚
3322 4125 3485 4187 intra
3510 4124 3694 4185 breve
3719 4130 3941 4201 tempo-

2371 4220 2801 4301 ris-spatium,
2839 4217 3082 4280 Siciliae
3125 4220 3401 4299 Regnum
3446 4217 3667 4297 repleri
3722 4213 3942 4295 poterit

2373 4313 2690 4396 Religiosis
2739 4313 2818 4374 ad
2869 4322 3092 4375 statum
3145 4311 3359 4374 Clerici
3387 4358 3405 4386 ,
3446 4330 3550 4373 seu
3599 4307 3938 4389 Presbyteri

2376 4407 2735 4481 Saecularis,
2763 4407 3021 4469 redactis
3041 4425 3261 4488 magno
3281 4426 3421 4467 cum
3451 4403 3828 4467 incommodo
3858 4400 3956 4462 fa·

2377 4501 2720 4573 miliarum,
2745 4508 2962 4562 etcum
2988 4499 3239 4561 Ordinis
3274 4497 3582 4560 Clericalis
3611 4495 3898 4558 dedecore
3920 4539 3937 4569 ,

2379 4614 2456 4656 ex
2476 4614 2600 4676 quo
2628 4594 3003 4676 potissimum
3034 4593 3293 4654 Ordines
3320 4589 3665 4653 fueruntab
3690 4588 3816 4650 illis
3840 4608 3942 4650 su-

2380 4691 2564 4771 scepti
2592 4689 2670 4752 ad
2691 4688 2938 4752 titulum
2966 4688 3338 4771 paupertatis
3358 4732 3375 4760 ,
3399 4686 3488 4748 uti
3507 4703 3690 4766 supra
3715 4684 3946 4746 dictum
4053 4692 4058 4697 “

2388 4784 2526 4847 fuit.

2503 4877 2676 4952 Quod
2720 4877 2984 4959 denique
3011 4877 3174 4938 hisce
3200 4873 3699 4939 concurrentibus
3725 4920 3740 4943 ,
3778 4872 3942 4933 locus

2383 4990 2511 5033 esse
2537 4971 2814 5033 videatur
2845 4966 3188 5033 auctoritati
3215 4968 3452 5032 Summi
3488 4965 3810 5038 Pontificis,
3833 4963 3941 5045 qui

2385 5085 2610 5127 novum
2637 5073 2967 5146 utcumque
2994 5057 3394 5127 necessarium
3419 5077 3774 5124 consensum
3798 5076 3943 5138 sup-

2384 5161 2544 5242 pleat
2573 5160 2891 5223 Vocalium
2916 5206 2932 5234 ‚
2964 5167 3027 5222 et
3054 5158 3384 5240 Religionis
3405 5202 3422 5230 ,
3455 5155 3702 5236 ponitur
3731 5154 3797 5213 in
3820 5151 3944 5214 cla-

2388 5254 2517 5329 ris;
2548 5255 2711 5335 Papa
2740 5254 2964 5317 etenim
2994 5260 3082 5316 est
3117 5246 3390 5313 omnium
3423 5250 3726 5311 Ordinum
3757 5250 3949 5328 Regu-

2382 5348 2608 5411 larium
2634 5350 2850 5422 Pater,
2883 5359 2944 5412 et
2993 5348 3320 5419 Dominus,
3352 5346 3506 5407 itaut
3553 5342 3787 5423 absque
3818 5343 3947 5405 ulla

2382 5443 2764 5521 difficultate,
2818 5443 3136 5508 Vocalium
3157 5490 3175 5517 ,
3228 5449 3290 5505 et
3335 5438 3670 5521 Religionis
3696 5455 3947 5502 consen·
