4393 6299
1529 492 1577 561 Q
1600 487 1645 547 n
1669 492 1729 546 ΑΒ
1755 488 1797 545 s·
1816 485 1864 545 'r
1891 488 1918 543 1
1942 488 2007 542 o-
2050 477 2455 549 cccxxxvm.
3355 499 3462 552 aas

2095 643 2421 725 Regulares
2446 689 2464 718 ‚
2496 651 2625 708 tum
2648 644 2794 727 quia
2823 664 2945 709 non
2971 651 3104 710 erat
3140 665 3293 730 opus
3325 649 3452 724 ulla
3481 669 3636 716 nova

2093 736 2470 815 providentia
2496 737 2655 802 circa
2692 740 3009 804 translatos
3043 760 3079 804 a
3101 741 3418 806 Canonicis
3438 746 3638 828 Regu-

2095 828 2328 892 laribns
2348 830 2424 893 ad
2450 831 2633 894 aliam
2675 833 3044 916 Religionem
3066 856 3084 909 ς
3116 856 3255 898 cnm
3281 838 3506 900 etenim
3531 859 3640 920 per

2093 923 2417 985 secundam
2450 924 2878 989 Professionom
2907 928 3143 991 liberati
3177 929 3429 993 fuissent
3451 950 3487 994 a
3513 932 3641 1012 pri-

2097 1035 2196 1076 ma
2218 1062 2235 1088 ‚
2269 1026 2328 1078 et
2353 1018 2597 1099 Regalis
2619 1063 2638 1091 ,
2672 1028 2733 1081 et
2760 1020 3041 1083 Instituto
3076 1042 3266 1084 novae
3307 1023 3639 1107 Religionis

450 654 565 724 pro
593 648 929 723 opportuno
956 642 1365 724 Beneplacito,
1391 651 1454 706 et
1480 644 1704 708 idcireo
1726 645 1790 706 in'
1812 661 1985 726 prae·

449 736 602 799 senti
626 737 970 817 quaeritur,
1003 756 1079 800 an
1105 738 1305 818 petitis
1341 739 1419 801 sit
1445 739 1868 801 annuendum.

570 832 756 893 Porro
783 832 861 893 ad
906 841 1104 915 partes
1144 833 1349 914 positis
1382 832 1889 914 disputationibus
1913 835 1990 897 ad

445 928 732 990 terminos
778 929 991 989 Toxlus
1022 931 1087 988 in
1125 944 1248 1007 cap.
1299 929 1446 1006 quod
1491 928 1599 989 Dei
1630 931 1881 1010 timorem
1928 931 1993 991 dc

443 1031 598 1083 statu
624 1023 1070 1093 Monachorum,
1102 1041 1353 1083 necnon
1379 1023 1859 1103 praecedentium
1888 1025 1989 1087 de-

443 1123 744 1177 cretorum
770 1162 786 1190 ‚
817 1136 974 1197 quae
1002 1116 1161 1179 edita
1200 1116 1447 1178 fuerunt
1474 1136 1510 1179 a
1537 1114 1800 1179 Summis
1834 1119 1990 1180 Pon-

447 1209 742 1286 tificibus,
779 1212 959 1274 Sacra
986 1210 1379 1293 Congregatio
1418 1211 1884 1292 Episcoporum,
1932 1221 1993 1275 et

455 1305 846 1387 Regularium
891 1308 980 1367 die
1029 1311 1121 1368 18.
1156 1307 1374 1368 Martii
1405 1311 1577 1367 1671.
1619 1307 1993 1386 approbante

439 1414 569 1460 san.
600 1420 777 1461 mem.
812 1400 1114 1462 Clemente
1141 1402 1221 1462 X.
1255 1399 1499 1474 statuit,
1526 1411 1590 1460 ut
1621 1404 1687 1460 in
1711 1412 1991 1480 posterum
2096 1410 2220 1471 ⁰⁰1>-
2247 1387 2525 1454 Monacht'
2556 1394 2622 1455 de
2646 1405 2800 1456 ΜΒΝ
2839 1396 3287 1468 Momchowm:
3311 1402 3466 1461 Tum
3489 1401 3638 1481 qula

2034 632 2058 1478 ἱ
2094 1111 2344 1192 subjecti
2381 1112 2822 1186 remansissent,
2846 1116 2973 1196 jam
2996 1117 3139 1179 satis
3171 1118 3479 1196 provisum
3506 1119 3642 1181 fne-

436 1492 654 1570 sumrc,
692 1498 971 1575 pgr-paui,
1015 1496 1346 1574 amporam
1386 1514 1543 1554 mmo
1585 1513 1659 1555 «ῃ
1688 1493 1991 1555 canonic-2³3
2095 1505 2235 1546 cum
2261 1485 2515 1548 intentio
2533 1486 2783 1550 Concilii
2810 1490 2983 1551 citato
3008 1511 3134 1571 cap.
3163 1496 3256 1553 11.
3288 1513 3414 1555 sess.
3451 1499 3545 1556 14.
3571 1498 3640 1558 de

2095 1210 2192 1266 rat
2217 1223 2252 1265 a
2273 1205 2738 1285 jurecommuni
2764 1252 2783 1282 ,
2814 1209 3014 1289 quoad
3040 1211 3306 1290 ipsorum
3338 1212 3641 1294 incapaci-

2099 1304 2277 1359 tatem
2310 1298 2387 1359 ad
2417 1298 2713 1362 Beneficia
2762 1300 2983 1364 Curata
3007 1348 3023 1375 ,
3050 1305 3234 1381 juxta
3283 1305 3525 1366 Texeum
3571 1310 3641 1368 in

439 1584 817 1666 Reyularibus
838 1589 1043 1651 Sancti
1058 1588 1369 1668 Augustini
1394 1588 1855 1667 Conpreqationig
1872 1586 1992 1650 La-
2104 1578 2415 1657 Reformat.
2452 1581 2634 1643 suerit
2662 1582 2902 1645 auferre
2941 1584 3245 1648 translatis
3291 1605 3458 1667 spem
3503 1609 3640 1650 ma-

2096 1672 2278 1734 nendi
2318 1682 2490 1735 extra
2517 1674 2789 1738 Claustra
2812 1721 2829 1750 ,
2858 1676 3067 1759 vigore
3103 1678 3284 1740 etiam
3309 1681 3638 1744 Beneficio·

2095 1785 2233 1828 rum
2255 1766 2649 1843 Curatornm‚
2672 1770 2761 1832 nti
2784 1772 3077 1851 ponderat
3102 1771 3328 1837 Suarez
3356 1775 3420 1837 de
3446 1777 3634 1856 Reliq.

2094 1869 2228 1921 tom.
2260 1865 2319 1923 t.
2356 1865 2453 1923 lib.
2486 1868 2545 1926 3.
2571 1884 2696 1945 cap.
2721 1869 2829 1925 ¹¹15.
2859 1884 3018 1926 num.
3054 1870 3147 1928 13.
3173 1871 3237 1928 in
3258 1869 3361 1950 fin.
3389 1869 3509 1932 ibi:
3538 1890 3638 1932 vo-

2098 1955 2208 2014 luit
2233 1974 2360 2033 erqo
2393 1955 2711 2019 Concilium
2740 1960 2804 2017 in
2839 1958 2943 2020 bac
2965 1969 3130 2037 parte
3161 1981 3278 2021 non
3309 1963 3491 2022 solum
3525 1984 3636 2025 au·

2088 2049 2236 2128 ferre
2259 2052 2555 2112 translatis
2580 2053 2943 2114 intentionem
2980 2055 3245 2116 manendi
3260 2066 3431 2118 extra
3453 2056 3636 2119 Clau·

2095 2152 2219 2203 stra
2232 2190 2248 2214 ‚
2276 2144 2370 2205 sed
2408 2146 2578 2206 etiam
2613 2147 2890 2227 impedire
2933 2149 3391 2227 qualemcumque
3435 2168 3584 2230 spem
3609 2198 3630 2222 ,

2094 2257 2268 2317 quam
2296 2241 2577 2322 concipere
2626 2251 2842 2321 possent
2893 2242 2960 2304 de
3005 2243 3330 2322 hujusmodi
3381 2243 3638 2307 libertate

2092 2333 2391 2396 obtinenda
2411 2377 2431 2408 ,
2461 2334 2657 2394 mediis
2680 2336 3001 2414 hujusmodi
3028 2335 3300 2418 beneficiis
3321 2381 3341 2410 ,
3373 2341 3631 2416 quamvis

2094 2429 2370 2488 transitus
2390 2447 2505 2488 non
2525 2438 2657 2488 esset
2673 2429 2750 2490 ad
2766 2449 2889 2490 cun·
2912 2430 3079 2510 finem
3098 2431 3418 2503 ordinatus,
3440 2449 3631 2495 vacua

2090 2528 2427 2582 remaneret
2451 2520 2706 2583 intentio
2726 2520 3000 2595 Concilii‚
3025 2521 3075 2585 si
3099 2522 3323 2586 Textus
3342 2522 3634 2606 allegatus

2089 2614 2434 2693 procederet
2463 2622 2693 2678 tantum
2725 2616 2787 2676 in
2835 2616 3154 2679 Canonicis
3203 2615 3508 2681 translatis
3555 2619 3635 2681 ad

2091 2706 2244 2771 alias
2274 2707 2613 2791 Religiones
2635 2755 2652 2784 ,
2682 2718 2741 2772 et
2769 2730 2887 2771 non
2935 2709 2999 2772 in
3048 2710 3186 2774 aliis
3208 2756 3227 2787 ,
3259 2711 3364 2793 qni
3389 2712 3469 2774 ab
3495 2712 3638 2776 aliis

2091 2800 2508 2883 Religionibus
2550 2811 2863 2866 transeunt
2899 2803 2975 2867 ad
3003 2805 3332 2868 Canonicos
3374 2805 3634 2888 Regula-

2085 2914 2221 2970 res‚
2254 2905 2313 2959 et
2343 2896 2500 2959 hanc
2525 2896 2777 2960 Concilii
2823 2898 3280 2982 intelligentiam
3326 2899 3449 2964 late
3494 2921 3635 2981 pro-

434 2997 675 3075 append.
696 3018 828 3079 paq.
854 3002 990 3059 315.
1022 3008 1075 3058 et
1107 3017 1255 3078 seqq.
1281 3009 1334 3058 et
1360 3000 1653 3078 siqnanter
1672 3018 1803 3078 paq.
1836 3003 1973 3061 316.
2086 2998 2359 3073 pugnant
2371 2990 2683 3071 Piynatell.
2702 2996 2939 3055 consult.
2966 2997 3062 3056 M».
3089 3014 3249 3056 num.
3277 2998 3376 3056 20.
3401 3004 3452 3056 et
3478 3014 3628 3075 seqq.

434 3110 496 3151 n.
539 3095 633 3152 10.
2086 3093 2218 3144 tom.
2255 3089 2309 3146 1.
2346 3082 2616 3147 Clericat.
2643 3087 2883 3148 discord.
2910 3093 3005 3149 11.
3031 3090 3096 3151 de
3114 3089 3316 3169 Requi.
3340 3107 3499 3149 nunu.
3529 3093 3624 3152 u.

552 3182 691 3246 Sola
726 3183 929 3265 itaque
957 3202 1264 3263 superesse
1300 3182 1618 3246 difficultas
1646 3183 1885 3247 videtur
1911 3184 1978 3246 in
2082 3178 2159 3240 R.
2192 3179 2265 3240 P.
2297 3179 2375 3241 D.
2408 3174 2587 3248 Reti-a
2621 3184 2698 3243 ad
2731 3181 3036 3244 Constitut.
3082 3182 3335 3263 Apostol.
3374 3193 3512 3244 tom.
3566 3189 3630 3245 2.

432 3296 598 3349 casu,
621 3298 694 3341 ex
714 3298 836 3357 quo
858 3279 1118 3340 Ioannes
1143 3278 1410 3357 Baptista
1439 3277 1765 3341 translatus
1798 3277 1978 3342 suita
2076 3294 2211 3355 paq·
2254 3278 2347 3336 12·
2385 3274 2452 3357 §-
2487 3275 2898 3348 Fundamenm,
2926 3283 2988 3338 θῑ
3017 3275 3336 3338 θῦῦῖθωῦῑ
3359 3277 3512 3340 beno
3534 3277 3638 3340 do-

435 3372 745 3454 Religione
772 3373 1015 3435 Petrum
1037 3370 1346 3433 Societatis
1371 3372 1509 3434 Iesu
1541 3372 1619 3434 ad
1645 3373 1979 3437 Canonioos
2085 3368 2264 3431 ducta
2297 3388 2404 3449 per
2424 3370 2627 3432 Rotam
2652 3390 2841 3433 coram
2873 3369 3078 3432 Biebio
3100 3371 3268 3432 decis·
3303 3374 3440 3433 360.
3463 3391 3625 3434 nunt.

444 3465 769 3548 Regulares
793 3464 896 3527 SS.
925 3463 1290 3538 Salvatoris‚
1333 3472 1395 3527 et
1424 3467 1622 3546 quoad
1662 3465 1980 3530 translatos
2092 3467 2187 3525 19.
2233 3474 2284 3524 et
2316 3465 2530 3543 plurib.
2575 3483 2723 3545 seqq.

433 3567 609 3641 urget
639 3559 848 3621 Textus
877 3559 1012 3621 Sac.
1067 3557 1313 3621 Concilii
1357 3559 1678 3621 Tridentini
1706 3580 1834 3622 sess.
1877 3565 1970 3622 14.
2203 3555 2460 3618 Additur
2485 3601 2502 3630 ,
2553 3557 2716 3638 qnod
2768 3556 3029 3618 Societas
3072 3557 3213 3619 Jesn
3268 3556 3428 3621 inter
3474 3557 3628 3621 alios

430 3655 496 3715 de
523 3656 767 3733 Reform.
815 3675 939 3733 cap.
991 3658 1084 3714 11.
1124 3653 1244 3713 ibi:
1274 3672 1343 3713 ac
1378 3654 1575 3715 taliter
1613 3655 1927 3716 translatus
1954 3702 1972 3726 ,
2094 3649 2564 3712 Mendicantium
2593 3651 2849 3713 Ordines
2866 3659 3334 3714 connumeratur
3358 3671 3394 3714 a
3426 3652 3487 3714 S.
3519 3652 3629 3716 Pio

431 3751 653 3810 etiamsi
687 3747 1101 3810 Canonicorum
1121 3746 1498 3824 nequ-tarium
1524 3748 1729 3826 fucrit,
1766 3748 1844 3809 ad
1870 3746 1977 3808 Bc·
2095 3742 2324 3817 Quinto
2344 3791 2360 3813 ,
2385 3749 2445 3805 et
2471 3744 2550 3806 ab
2576 3743 2712 3805 aliis
2761 3744 3025 3805 Summis
3068 3743 3461 3807 Pontificibus
3481 3790 3501 3819 ,
3533 3745 3625 3808 uti

427 3841 628 3921 aeficia
655 3839 992 3901 Saecularia
1011 3841 1180 3901 etiam
1211 3837 1437 3901 'Curata
1465 3842 1692 3900 omnino
1718 3843 1975 3920 incapax
2095 3835 2217 3900 late
2250 3837 2367 3898 fnit
2388 3837 2705 3900 deductum
2735 3840 2800 3898 in
2827 3840 2990 3899 decis.
3025 3841 3164 3917 245.
3189 3857 3349 3899 num.
3385 3841 3440 3898 1.
3473 3846 3527 3899 et
3560 3843 3624 3900 2.

432 3935 663 4002 existat,
696 3933 797 3994 sed
818 3932 1140 3994 uniformis
1169 3952 1288 3994 non
1309 3941 1396 3993 est
1416 3932 1820 3995 Scribentium
1843 3934 1975 4014 opi-
2087 3949 2277 3992 coram
2301 3930 2569 4001 Baretta,
2593 3942 2654 3992 et
2681 3930 2933 3993 Professi
2957 3930 3257 3995 Ordinum
3287 3931 3634 3994 Mendican·

432 4026 536 4088 nio
562 4025 1156 4107 superintelligentia
1189 4026 1475 4107 praedicti
1504 4028 1729 4089 Textus
1750 4070 1768 4088 .
2087 4023 2238 4086 tium
2265 4069 2283 4097 ‚
2319 4024 2599 4105 quamvis
2629 4024 2789 4086 licite
2813 4032 3120 4087 transeant
3137 4023 3213 4087 ad
3243 4044 3361 4086 non
3391 4025 3632 4087 Mendi-

547 4119 836 4181 Nonnulli
858 4128 1092 4200 putant,
1115 4121 1369 4182 Textum
1388 4120 1780 4183 Conciliarem
1804 4120 1973 4201 loqui
2086 4126 2288 4181 cantes
2306 4165 2324 4191 ,
2368 4126 2510 4180 suut
2535 4118 2842 4198 incapaces
2881 4118 3075 4182 Curae
3103 4119 3461 4181 Animarum
3487 4164 3506 4194 ,
3535 4118 3628 4183 uti

431 4210 508 4274 de
535 4211 850 4283 Canonicis
875 4212 1278 4294 Regularibus
1300 4259 1318 4287 ‚
1346 4214 1451 4293 qui
1473 4214 1550 4277 ad
1581 4214 1767 4277 aliam
1809 4214 1973 4276 Reli·
2082 4210 2340 4273 habetur
2364 4214 2430 4271 in
2459 4210 2809 4274 Clementina
2835 4215 3027 4294 prima
3059 4214 3125 4275 de
3145 4213 3347 4292 Requla
3380 4221 3433 4273 et
3462 4224 3626 4276 tran-

432 4305 673 4388 gionem
694 4313 833 4366 sunt
866 4306 1138 4368 translati
1164 4352 1182 4380 ‚
1219 4316 1280 4374 et
1315 4327 1433 4369 non
1465 4308 1539 4370 de
1560 4308 1868 4370 translatis
1894 4309 1973 4370 ab
2081 4307 2365 4367 seuntibus
2387 4306 2462 4367 ad
2485 4305 2850 4386 Reliqioncm‚
2876 4306 2987 4369 ibi:
3013 4308 3265 4387 quodque
3285 4307 3631 4369 Animarum

432 4398 554 4462 alia
589 4398 898 4479 Religione
927 4400 1001 4461 ad
1038 4400 1370 4463 Canonicos
1393 4403 1738 4484 Regulares,
1764 4401 1825 4464 in
1850 4421 1973 4482 quo
2089 4398 2338 4471 Curam.
2374 4410 2425 4461 et
2447 4403 2691 4479 reqimen
2713 4446 2734 4474 ,
2768 4420 2866 4462 nec
2888 4418 2994 4481 pro
3018 4420 3075 4462 sc
3112 4403 3363 4480 possint,
3391 4420 3491 4463 nec
3520 4420 3627 4481 pro

435 4510 641 4553 rerum
670 4491 928 4553 themate
946 4493 1170 4553 Textus
1192 4494 1542 4556 Conciliaris
1569 4491 1842 4575 petitioni
1867 4496 1969 4556 Jo-
2077 4494 2214 4553 aliis
2248 4512 2499 4555 arcrcere
2514 4536 2531 4553 .
3107 4516 3108 4519 ¹

429 4585 606 4647 aunis
627 4585 924 4665 Baptistae
945 4605 1064 4645 non
1084 4585 1367 4659 obstaret,
1397 4596 1457 4649 et
1475 4587 1587 4649 hoc
1608 4587 1782 4650 modo
1807 4607 1972 4667 prae-
2196 4586 2276 4649 Et
2321 4585 2472 4650 haec
2500 4594 2641 4649 sunt
2661 4632 2678 4661 ,
2708 4572 2866 4669 quae
2911 4588 3147 4650 ratione
3177 4586 3355 4649 officii
3402 4604 3621 4667 operae

432 4677 657 4739 dictum
674 4679 931 4739 Textum
959 4675 1326 4759 intelligunt,
1350 4688 1410 4740 et
1429 4677 1732 4760 explicant
1752 4679 1824 4740 P.
1856 4678 1972 4742 Ga·
2080 4680 2342 4761 pretium
2394 4700 2521 4744 aese
2558 4680 2759 4742 censui
2806 4682 2931 4743 EE.
2965 4680 3081 4742 PP.
3111 4680 3420 4743 insinuare
3442 4726 3458 4754 ‚
3501 4699 3624 4742 non

433 4774 575 4833 brici
609 4771 847 4832 Pennot.
884 4774 948 4832 in
976 4771 1202 4833 Histor.
1240 4771 1510 4834 Generali
1535 4777 1704 4835 totius
1734 4772 1974 4837 Ordinis
2077 4774 2152 4835 ad
2195 4774 2642 4855 impediendam
2674 4775 2930 4855 gratiam
2955 4817 2972 4847 ,
3004 4793 3115 4855 pro
3146 4792 3267 4855 qna
3294 4774 3623 4855 Episcopus

430 4862 780 4926 clericorem
809 4863 1226 4926 canonicorum
1270 4867 1365 4927 lib.
1400 4871 1459 4926 2.
1493 4888 1617 4946 cap.
1649 4870 1749 4928 72.
1780 4869 1881 4928 sub
1907 4889 1967 4929 n.
2077 4868 2414 4931 Nucerinus
2441 4868 2782 4931 humillime
2802 4877 3041 4941 exorat,
3074 4869 3465 4950 sequentibus
3483 4888 3624 4931 ver-

426 4962 486 5018 5.
528 4956 771 5019 Corrad.
815 4959 879 5018 in
920 4960 1102 5039 prasci
1126 4959 1447 5038 dispensat.
1507 4961 1603 5019 lib.
1640 4965 1697 5020 6.
1736 4980 1861 5040 cap.
1912 4966 1965 5022 1.
2078 4962 2194 5024 bis:
2223 4961 2314 5025 Νό
2339 4983 2379 5024 a
2405 4967 2490 5024 cib
2508 4966 2591 5023 mi
2607 4982 2797 5024 muoce
2818 4965 2970 5025 a'ltro
2990 4964 3287 5043 riquardo,
3310 4964 3407 5024 elie
3436 4965 3623 5042 quello

427 5070 586 5112 num.
632 5055 726 5112 10.
779 5062 834 5113 et
885 5056 979 5112 11.
1026 5051 1356 5113 Tamburin.
1409 5055 1474 5114 de
1508 5052 1653 5115 Jure
1689 5054 1971 5117 Abbatum
2078 5057 2167 5117 del
2214 5060 2516 5137 vantaqqio
2558 5059 2859 5138 spirituale
2901 5059 2963 5117 di
3011 5068 3208 5138 questa
3248 5057 3463 5118 Diocesi
3484 5106 3503 5130 ,
3559 5061 3618 5120 la

428 5155 558 5206 tom.
598 5151 654 5206 3.
705 5147 915 5226 disput.
944 5152 1001 5207 9.
1033 5157 1247 5225 quaest.
1287 5153 1344 5209 8.
1379 5168 1534 5208 num.
1577 5154 1670 5210 11.
1712 5151 1854 5212 Rota
1878 5172 1970 5212 co·
2075 5152 2242 5227 quale
2263 5153 2482 5211 “sendo
2510 5151 2571 5210 di
2597 5169 2711 5211 non
2737 5151 2952 5231 piccola
2973 5152 3291 5222 ostensione,
3312 5170 3409 5210 ma
3428 5170 3622 5213 scarsa

429 5257 558 5300 ram
586 5236 906 5319 Seraphino
925 5240 1089 5301 decis.
1125 5245 1298 5302 1269.
1326 5261 1485 5303 num.
1517 5247 1572 5302 1.
2075 5244 2138 5303 di
2165 5242 2419 5322 Soqqetti
2467 5263 2567 5324 per
2609 5246 2666 5305 la
2713 5245 2935 5305 coltura
2972 5245 3034 5305 di
3067 5246 3445 5322 ventiquattro
3477 5246 3621 5306 mila

543 5332 663 5393 Alii
698 5352 733 5394 e
760 5341 968 5397 contra
995 5335 1249 5397 credunt
1272 5381 1289 5408 ,
1325 5334 1658 5399 Concilium
1696 5336 1862 5418 loqui
1896 5338 1972 5402 de
2076 5336 2303 5410 Anime,
2330 5340 2425 5399 che
2450 5340 2515 5399 in
2538 5358 2593 5399 se
2615 5339 2935 5409 racchiude,
2965 5339 3045 5398 mi
3068 5339 3334 5419 parrebbe
3350 5338 3496 5416 fusse
3517 5356 3617 5418 per

448 1685 756 1743 teranensis
781 1731 797 1754 ,
852 1685 1105 1761 quamvis
1146 1702 1259 1742 non
1292 1683 1606 1745 translatus
1644 1683 1721 1744 ad
1770 1681 1989 1743 Curam

441 1774 787 1837 Animarum
814 1825 830 1848 ‚
869 1780 933 1837 in
960 1777 1232 1839 Ecclesiis
1269 1776 1674 1838 Saecularibus
1699 1779 1869 1837 ctiam
1923 1777 1989 1837 dc

437 1867 917 1951 Jurcpatronatus
932 1917 964 1952 ,ἡ
983 1874 1048 1932 in
1088 1882 1418 1953 perpetuum
1438 1916 1457 1945 ,
1507 1891 1605 1933 seu
1648 1872 1725 1933 ad
1778 1881 1989 1951 tempus

452 1983 794 2045 quocumque
832 1968 1002 2027 titulo
1046 1966 1410 2029 exercendam
1447 1967 1822 2037 admittatur,
1875 1966 1991 2027 nisi

435 2068 664 2137 praeter
698 2057 931 2121 Abbatis
962 2057 1255 2121 Generalis
1299 2059 1583 2120 licentiam
1608 2104 1626 2132 ,
1669 2077 1993 2139 expressum

438 2161 654 2230 quoque
674 2151 839 2214 Sedis
863 2149 1216 2234 Apostolicae
1241 2153 1532 2214 indultum
1556 2154 1817 2225 accedat,
1842 2154 1993 2233 quod

426 2244 610 2323 juxta
632 2244 944 2310 Sacrorum
964 2247 1383 2309 Ministrorum·
1395 2249 1720 2329 penuriam,
1744 2258 1797 2309 et
1818 2257 1991 2328 prout

452 2336 797 2401 Animarum
814 2340 1120 2421 postulabit
1146 2344 1372 2403 utilitas
1394 2389 1411 2413 ‚
1441 2343 1510 2402 in
1544 2342 1989 2420 continqentibus

442 2435 660 2494 casibus
681 2436 1025 2507 concedetur,
1053 2445 1113 2496 et
1129 2434 1245 2497 hoc
1264 2435 1592 2508 decretum,
1622 2433 1761 2497 licet
1783 2434 1991 2515 loqua-

439 2534 542 2587 tur
581 2527 658 2588 de
689 2527 1002 2591 Canonicis
1046 2528 1448 2609 Regularibus
1492 2527 1987 2610 Congregationis

438 2618 877 2694 Lateranensis,
892 2622 1067 2702 juxta
1090 2621 1493 2683 nihilominus
1509 2620 1984 2702 probabiliorem

434 2714 790 2776 sententiam
818 2716 1162 2776 extenditur
1192 2715 1374 2777 'etiam
1410 2716 1485 2777 ad
1515 2714 1845 2777 Canonieos
1863 2717 1982 2777 Re-

444 2809 684 2889 gulares
725 2809 828 2874 SS.
870 2808 1198 2871 Salvatoris
1224 2855 1240 2883 ,
1282 2812 1459 2891 juxta
1503 2809 1682 2889 plene
1726 2809 1981 2873 deducta

447 2905 603 2982 apud
626 2902 933 2966 Monaccll.
983 2905 1049 2963 in
1077 2904 1378 2982 formular.
1425 2905 1593 2982 lcqal.
1625 2923 1755 2984 par.
1812 2908 1868 2964 1.
1914 2906 1980 2964 in

428 5425 730 5489 translatis
757 5429 836 5490 ab
866 5448 987 5491 una
1015 5430 1322 5511 Religione
1339 5431 1413 5492 ad
1435 5431 1764 5496 Canonicos
1786 5433 1964 5495 otiam
2019 5451 2031 5516 Ι
2078 5433 2314 5495 riccvcrc
2342 5452 2423 5494 un
2458 5434 2664 5514 qrand'
2678 5434 2841 5512 ajuto
2865 5434 3023 5496 dallo
3060 5433 3437 5497 stabilimento
3465 5434 3522 5492 ὅ
3537 5452 3619 5492 un
3733 5440 3740 5447 ·

817 5552 1022 5593 sanan.
1065 5555 1177 5592 xiv.
1218 5552 1363 5594 rost.
1405 5543 1514 5598 ΧΠ.
3152 5542 3224 5596 ⁸⁶
