4393 6299
980 510 1054 621 2.

1983 504 2431 580 Quazs'monns
2473 511 2836 569 esnomcffi

925 666 1001 731 Et
1056 676 1187 750 post
1239 668 1389 730 baec
1434 684 1772 731 sermonem
1823 663 2239 726 transferendo
2277 662 2356 724 ad
2465 667 2680 728 attinet
2712 666 2790 729 ad
2819 664 3282 738 Professionem,
3313 663 3590 726 emissam
3628 682 3735 744 per
3764 661 3915 738 vim,
3957 670 4018 726 et

804 761 1277 843 verificationem
1327 754 1495 825 illius
1520 758 2024 831 circumstantiae,
2045 759 2209 838 quod
2232 758 2357 818 Ma-

806 856 1159 917 trimonium
1209 856 1437 918 scilicet
1468 854 1652 916 fuerit
1681 863 1877 914 ratum
1906 901 1919 921 ,
1966 861 2028 913 et
2053 872 2172 911 non
2212 871 2357 912 con-

2464 770 2687 823 metum
2714 804 2730 820 .

2567 856 2652 918 -1n
2673 876 2796 933 quo
2820 875 3024 918 rerum
3049 854 3332 923 themate,
3355 853 3624 915 scribens
3647 871 3757 932 pro
3783 852 4002 915 Sorore

802 960 1192 1018 summatum,
1222 968 1441 1028 operae
1472 946 1731 1027 pretium
1756 957 1841 1005 est
1865 944 2251 1025 investigare,
2274 964 2354 1006 an
2461 942 2655 1013 Maria
2683 950 3040 1032 Magdalena
3066 949 3349 1019 sustinet,
3386 968 3504 1009 non
3534 967 3661 1009 0350
3692 948 4010 1029 ambigen-

806 1040 867 1101 in
889 1042 1230 1124 hypothesi,
1257 1043 1385 1123 ejus
1408 1040 1803 1102 verificationi
1828 1040 2043 1111 obstet,
2069 1038 2232 1117 quod
2262 1038 2357 1099 vir

805 1147 865 1198 et
897 1138 1114 1199 mulier
1162 1138 1227 1197 in
1275 1137 1485 1198 eodem
1535 1134 1804 1196 thalamo
1846 1135 2185 1205 cubarunt,
2220 1133 2359 1195 licet

807 1233 958 1293 mari
968 1241 1060 1311 tus
1076 1230 1231 1293 dicat
1255 1252 1319 1292 se
1334 1249 1454 1292 non
1480 1247 1946 1300 consummasse,
1962 1236 2023 1288 et
2042 1226 2180 1288 licet
2203 1245 2357 1287 uxor

805 1337 1070 1399 asserat,
1122 1345 1185 1387 se
1212 1325 1484 1387 debitum
1520 1324 1864 1404 denegasse,
1906 1332 2033 1383 tum
2074 1324 2223 1403 quia
2253 1321 2359 1383 ille

805 1419 921 1480 sihi
952 1432 1161 1500 potens
1189 1438 1314 1480 esse
1338 1439 1455 1479 non
1490 1417 1811 1479 videbatur
1836 1462 1853 1487 ,
1884 1425 2013 1477 tum
2057 1415 2205 1495 quia
2236 1425 2358 1479 sta-

807 1514 915 1574 tim
971 1514 1162 1593 ipsam
1213 1532 1495 1576 accusare
1546 1511 1840 1593 incoepit,
1893 1523 1951 1572 et
2000 1510 2312 1591 increpare
2337 1556 2357 1583 ,

809 1609 974 1688 quod
1003 1608 1298 1670 infantem
1332 1607 1678 1689 peperisset,
1704 1616 1764 1668 et
1791 1605 1954 1686 quod
1968 1616 2120 1668 esset
2146 1607 2361 1668 morbo

805 1702 1024 1786 gallico
1049 1704 1260 1767 affecta
1280 1747 1298 1763 .

924 1799 1039 1862 His
1061 1798 1301 1881 positis,
1330 1797 1647 1878 quaeritur
1667 1841 1686 1870 ,

926 1893 1023 1954 Aa
1047 1903 1254 1955 comtet
1284 1893 1350 1953 de
1367 1893 1640 1954 nullitate
1666 1890 2064 1960 Matrimonii,
2093 1900 2144 1950 et
2172 1901 2367 1968 quate-

808 2006 918 2048 nus
960 1989 1243 2067 negative,
1281 2005 1361 2051 an
1416 1988 1495 2052 sit
1548 1985 1697 2046 loeus
1724 1985 2130 2065 dispensationi
2150 1987 2219 2044 in
2237 2004 2374 2045 casu

808 2091 911 2142 de.
1850 2088 1853 2089 ⁷

916 2274 1057 2327 sacr.
1082 2272 1283 2353 Congr.
1315 2269 1623 2341 respondit,

994 2360 1258 2430 Negative
1284 2371 1336 2411 et
1361 2358 1600 2429 amplius
1622 2396 1633 2410 .

1283 2550 1645 2627 QUAESTIO
1686 2551 1901 2615 XXV.-

814 2744 885 2804 1n
920 2740 1111 2831 Causa
1136 2740 1501 2807 Neocastren.
1542 2739 1939 2802 Restitutionis
1964 2743 2030 2801 in
2051 2743 2364 2822 integrum,

1304 2835 1398 2897 die
1425 2841 1487 2897 7.
1512 2834 1675 2914 Maji
1700 2839 1877 2896 1718.
1956 2836 1957 2839 ’

824 2976 1041 3091 Soror
1060 3023 1254 3107 Maria
1278 3022 1635 3115 Magdalena
1659 3022 1846 3091 niaco
1868 3033 2009 3086 nata
2028 3032 2115 3085 est
2138 3023 2237 3107 die
2261 3030 2362 3086 29.

816 3120 966 3184 Julii
984 3139 1146 3184 anno
1177 3122 1351 3183 1694.
1372 3128 1432 3187 et
1451 3116 1891 3181 Professionem
1918 3119 2118 3180 emisit
2148 3119 2214 3180 in
2236 3120 2369 3181 Μο-

816 3215 1082 3278 nasterio
1109 3215 1361 3277 Sanctae
1391 3207 1604 3276 Clarae
1636 3212 1910 3275 Civitatis
1932 3213 2239 3276 Neocastri
2268 3213 2367 3276 die

819 3314 917 3370 11.
950 3307 1178 3389 Aprilis
1209 3312 1384 3369 1711.
1420 3306 1573 3368 Cum
1601 3304 1804 3387 elapso
1830 3306 2253 3387 quinquennio
2272 3310 2370 3389 ju-

818 3403 1044 3465 dicium
1070 3400 1369 3464 nullitatis
1389 3400 1788 3462 Professionis
1807 3400 2122 3464 instituere
2159 3401 2366 3464 volue-

819 3496 941 3570 rit,
1000 3494 1317 3576 expeditae
1359 3494 1607 3557 fuerunt
1634 3504 1952 3557 consuetae
1987 3495 2223 3557 litterae
2250 3496 2368 3558 Or-

820 3589 1061 3652 dinatio
1108 3589 1492 3651 Neocastren.
1532 3608 1641 3669 pro
1674 3589 2100 3669 compilatione
2123 3590 2370 3654 Proces-

819 3703 943 3759 sus,
973 3681 1198 3745 auditis
1240 3681 1529 3744 interesse
1565 3681 1959 3745 habentibus.

941 3777 1012 3838 In
1034 3776 1320 3839 Processu
1350 3785 1552 3838 autem
1588 3795 1694 3856 per
1725 3776 1953 3838 dictum
1973 3778 2373 3842 Ordinarium

819 3869 1165 3951 (vicarium
1185 3888 1402 3949 nempe
1419 3867 2013 3949 capitularem,Sede
2030 3873 2373 3954 Episcopali

819 3963 1105 4045 vacante)
1127 3962 1478 4044 compilato,
1507 3970 1566 4024 et
1587 3963 1958 4036 transmisso,
1991 3966 2213 4026 nedum
2234 3985 2374 4028 con-

821 4058 1096 4119 tinentur
1129 4054 1546 4136 responsiones
1564 4054 1803 4118 Sororis
1821 4056 2370 4141 MariaeMagdale—

821 4170 941 4214 nae
978 4148 1381 4232 positionibus
1421 4147 1542 4209 sibi
1595 4147 1753 4210 datis
1785 4168 1821 4212 a
1852 4149 2249 4214 Procuratore
2275 4154 2373 4216 sui

822 4244 1198 4317 Monasterii,
1232 4244 1298 4304 in
1328 4241 1556 4326 quibus
1580 4251 1923 4307 constanter
1946 4245 2222 4321 asseruit,
2250 4267 2290 4309 a
2309 4268 2376 4311 se

822 4341 1008 4404 fuisse
1035 4338 1319 4403 emissam
1349 4335 1788 4399 Professionem
1825 4349 2069 4420 propter
2116 4351 2372 4414 metum,

822 4455 861 4500 a
881 4436 1083 4509 Patre,
1117 4443 1178 4496 et
1198 4453 1238 4495 a
1257 4432 1456 4494 Matre
1483 4430 1813 4505 incussum,
1842 4434 1945 4495 sed
1967 4435 2130 4514 quod
2165 4446 2376 4499 notatu

821 4531 1076 4613 dignum
1118 4536 1245 4599 est,
1293 4524 1361 4586 in
1408 4524 1623 4587 eodem
1666 4525 2053 4588 continentur
2085 4528 2378 4591 Processu

820 4622 1254 4711 attestationes,
1276 4630 1338 4683 et
1364 4619 1649 4682 examina
1678 4618 1896 4694 Patris,
1920 4630 1980 4682 et
2004 4622 2240 4696 Matris,
2275 4623 2371 4685 Jo.

825 4720 1050 4783 scilicet
1084 4717 1391 4798 Baptistae
1419 4714 1642 4790 Diaco,
1670 4734 1741 4778 ac
1767 4714 2055 4779 Beatricis
2077 4717 2376 4794 Coronae,

825 4816 934 4900 qui
965 4814 1161 4876 minas
1183 4820 1497 4884 enarrant,
1519 4829 1556 4872 a
1578 4809 1788 4891 seipsis
1806 4810 2000 4873 Filiae
2025 4811 2376 4887 intentatas,

825 4921 896 4971 ut
936 4906 1377 4971 Professionem
1407 4905 1662 4968 faceret.
1694 4904 2181 4969 Corroborantur
2225 4908 2375 4972 haec

827 5025 904 5066 ex
954 5002 1129 5065 dictis
1156 5000 1418 5062 aliorum
1470 4998 1775 5073 Testium,
1811 5000 1919 5080 qui
1970 5001 2286 5078 referunt,
2315 5026 2380 5068 se

826 5096 1016 5160 fuisse
1068 5103 1443 5176 praesentes,
1503 5100 1649 5154 tunc
1705 5111 1846 5154 cum
1898 5095 2093 5156 Mater
2151 5108 2381 5160 metum

827 5189 1074 5253 Puellae
1100 5188 1340 5272 injecit,
1375 5198 1442 5248 ut
1480 5186 1747 5268 regulari
1792 5188 2214 5254 observantiae
2240 5237 2258 5265 ,
2317 5203 2378 5255 et

2461 1046 2608 1107 dum
2651 1046 2727 1107 de
2759 1044 3036 1107 nullitate
3061 1042 3453 1105 Professionis
3480 1042 3723 1103 attentis
3741 1088 3757 1114 ,
3788 1062 3865 1103 ex
3892 1062 4014 1104 una

2463 1150 2655 1222 parte,
2685 1140 2978 1221 qualitate
3005 1139 3332 1211 minarum,
3366 1146 3525 1198 etex
3558 1135 3706 1210 alia,
3746 1156 3918 1210 sexu,
3955 1146 4016 1199 et

2460 1244 2655 1297 aetate
2680 1234 2917 1296 Sororis
2950 1233 3287 1314 praedictae
3309 1274 3326 1291 .

2582 1330 2887 1392 Adversus
2915 1339 3110 1390 tamen
3133 1327 3315 1398 baec,
3345 1324 3750 1388 animadverti
3774 1332 3966 1405 potest
3997 1372 4014 1398 ,

2465 1424 2627 1504 quod
2655 1423 2854 1496 Pater,
2885 1430 2945 1484 et
2989 1424 3182 1484 Mater
3224 1419 3422 1482 adbuc
3451 1418 3708 1491 vivunt,
3767 1419 3924 1481 itaut
3955 1418 4020 1479 in

2465 1518 2750 1600 ambiguo
2770 1518 2874 1590 sit,
2908 1525 3114 1579 utrum
3144 1514 3474 1577 recedendo
3504 1533 3541 1575 a
3572 1513 3762 1593 priori
3801 1512 4019 1575 volun-

2468 1621 2588 1674 tate
2612 1658 2629 1684 ,
2676 1612 2911 1675 facinus
2935 1609 3262 1673 admissum
3292 1608 3356 1669 in
3384 1606 3658 1688 cogenda
3691 1606 3902 1668 Puella
3942 1605 4022 1668 ad

2469 1706 2876 1787 profitendum
2898 1753 2917 1777 ,
2969 1704 3210 1787 publica
3266 1703 3641 1765 confessione
3696 1701 4025 1763 emendare

2467 1802 2826 1875 statuerint,
2860 1800 2955 1863 vel
3005 1798 3205 1880 potius
3252 1798 3446 1859 Filiae
3476 1798 3655 1879 genio
3699 1795 4025 1876 indulgere

2471 1897 2768 1970 volentes,
2811 1894 3110 1967 dixerint,
3156 1912 3220 1954 se
3258 1892 3490 1965 fecisse,
3521 1891 3685 1972 quod
3713 1910 3835 1950 non
3868 1889 4026 1951 fece-

2472 2001 2650 2080 runt.
2683 1994 2916 2057 Rursus
2942 1988 3401 2070 ponderandum
3420 1995 3531 2059 est,
3562 1985 3728 2066 quod
3756 1984 4024 2047 Ordina-

2471 2085 2602 2147 rius
2626 2103 2749 2146 non
2786 2083 3028 2146 videtur
3049 2081 3231 2143 fidem
3253 2081 3529 2142 Testibus
3557 2088 3888 2159 praestare,
3925 2076 4019 2138 uti

2470 2179 2775 2261 colligitur
2792 2198 2868 2241 ex
2890 2186 3014 2240 tota
3031 2179 3161 2259 ejus
3181 2174 3611 2237 informatione
3628 2181 3688 2236 et
3703 2172 4028 2254 praecipue

2469 2295 2546 2336 ex
2571 2273 2961 2355 sequentibus
2985 2272 3209 2345 verbiS,
3239 2273 3468 2332 utinam
3489 2269 3706 2349 sactum
3728 2281 3866 2329 esset
3886 2270 4025 2340 tale,

2469 2372 2637 2450 quale
2657 2390 2757 2451 per
2776 2368 3098 2431 Oratricem
3115 2370 3423 2449 figuratur,
3434 2368 3514 2427 sic
3532 2366 3682 2426 enim
3703 2366 4018 2425 communis

2470 2466 2709 2526 humani
2736 2468 2951 2545 qeneris
2973 2466 3145 2525 hostis
3169 2473 3248 2524 tot
3279 2482 3395 2521 non
3415 2462 3544 2521 bene
3569 2461 3780 2538 faceret
3804 2460 3971 2517 lucra
3998 2480 4024 2525 ,-

2471 2579 2733 2640 cumque
2748 2557 3110 2621 Ordinarius
3130 2576 3236 2636 per
3253 2555 3515 2635 seipsum
3535 2552 3869 2615 confecerit
3879 2552 4030 2611 Pro-

2469 2672 2699 2714 cessum
2723 2701 2740 2723 ,
2790 2663 2849 2714 et
2875 2649 3219 2714 interfuerit
3249 2646 3521 2711 examini
3550 2644 3828 2707 Testium
3849 2690 3866 2716 ,
3896 2646 4034 2725 ejus

2473 2745 2739 2828 profecto
2753 2746 3052 2830 judicium
3073 2764 3191 2806 non
3203 2744 3446 2805 videtur
3466 2760 3598 2804 ωε
3622 2750 4019 2803 contemnen-

2472 2842 2641 2910 dum,
2666 2842 2841 2921 juxta
2869 2841 3164 2903 celebrem
3187 2838 3519 2919 Epistolam
3542 2834 3852 2897 Hadriani
3881 2833 4033 2896 scri-

2471 2944 2637 3015 ptam
2659 2934 2821 2997 Varo
2849 2937 3070 3016 Legato
3097 2932 3453 2995 Provinciae
3478 2930 3753 3003 Ciliciae,
3808 2929 3887 2991 de
3905 2948 4034 3010 qua

2473 3028 2827 3091 Calistratus
2843 3024 2908 3089 io
2930 3028 3002 3089 L.
3037 3027 3089 3088 Τ
3082 3030 3284 3089 estium
3300 3026 3363 3108 ff.
3395 3026 3462 3087 de
3484 3025 3539 3086 T
3531 3027 3778 3086 estibus.-
3813 3035 3878 3085 tu
3906 3017 4051 3086 ma?

2471 3125 2558 3204 qis
2575 3126 2716 3186 scire
2741 3135 2913 3205 potes,
2934 3134 3153 3204 quanta
3173 3122 3306 3204 fides
3341 3120 3596 3184 habenda
3636 3121 3712 3180 sit
3751 3117 3809 3180 T
3802 3120 4034 3191 estibus,

2471 3221 2637 3297 quie,
2670 3229 2723 3279 et
2766 3220 2929 3298 cujus
2956 3220 3255 3299 dignitatis
3279 3265 3295 3288 ,
3322 3227 3373 3278 et
3394 3218 3558 3294 cuju
3584 3217 4040 3277 existimationis

2469 3314 2583 3372 sint
2607 3360 2625 3383 ,
2670 3322 2724 3374 et
2765 3315 2868 3391 qui
2908 3314 3244 3391 simpliciter
3296 3312 3407 3371 visi
3439 3311 3556 3370 sint
3585 3309 3796 3379 dicere,
3833 3319 4036 3368 atrum

2472 3426 2653 3467 unum
2674 3452 2690 3475 ,
2735 3406 3075 3484 eundemque
3124 3415 3177 3465 et
3219 3403 3692 3484 praemeditatum
3727 3420 4042 3461 emtionem

2471 3501 2809 3571 attulerint,
2832 3519 2911 3561 an
2930 3500 3006 3560 ad
3034 3519 3124 3569 ea,
3154 3518 3300 3577 quae
3322 3495 3759 3574 intemqaceris
3786 3513 3863 3553 ex
3898 3505 4039 3553 tem-

2467 3612 2602 3674 pore
2632 3593 2971 3654 verisimilia
3004 3591 3420 3672 responderint.

2592 3687 2890 3762 Quocirca
2917 3686 3235 3767 quaeritur
3260 3729 3280 3756 ,

2595 3783 2692 3844 Aa
2712 3784 2790 3843 sit
2819 3783 2968 3843 locus
2991 3780 3342 3843 restitutioni
3362 3780 3430 3839 in
3450 3779 3760 3857 inteqrum,
3782 3777 3847 3835 in
3869 3795 4032 3837 casu.

2581 4008 2915 4073 Responsum
2944 4007 3085 4058 Sacr.
3111 4002 3554 4073 congregationis
3583 4000 3708 4052 fnitz

2583 4093 2798 4158 Dilata,
2825 4105 2879 4144 et
2894 4090 3291 4160 coadjuvemur
3309 4089 3667 4159 probationes
3679 4106 3785 4156 per
3802 4088 4036 4153 Episco-

2469 4199 2603 4248 pum
2629 4181 2655 4249 (
2677 4181 2971 4235 Carbacen.
2992 4181 3016 4249 )
3041 4180 3143 4247 qui
3158 4179 3425 4247 procedat
3448 4192 3646 4232 comm
3668 4191 3932 4246 parentes
3954 4175 4035 4228 ad

2451 4265 2713 4336 firmam
2740 4270 2903 4322 Cone.
2936 4267 3267 4333 Marini,
3298 4285 3366 4319 eo
3392 4267 3541 4336 quod
3565 4276 3814 4335 parentes
3840 4266 3946 4334 ipsi
3970 4265 4043 4314 ia·

2475 4354 2719 4409 tebantur
2764 4373 2879 4410 sese
2905 4365 3050 4408 metu
3077 4355 3241 4407 filiam
3270 4354 3532 4424 coegisse,
3565 4363 3628 4407 ut
3652 4353 3721 4407 ab
3747 4372 3810 4407 ea
3837 4353 4046 4422 regula·

2475 4461 2586 4497 rem
2617 4444 3012 4512 professionem
3038 4452 3418 4513 extorquerent
3436 4482 3449 4495 .

2583 4532 2811 4587 Absente
2839 4533 3005 4602 igitur
3045 4541 3172 4583 tunc
3223 4532 3485 4600 temporis
3511 4532 3786 4600 Episcopo
3827 4533 4039 4582 ucoca-

2478 4629 2641 4673 stren.
2666 4641 2696 4673 a
2720 4638 2815 4673 sua
2865 4621 3139 4683 dioecesi,
3186 4631 3240 4672 et
3263 4622 3489 4690 allegato
3528 4622 3748 4673 vicario
3787 4627 4040 4685 suspecto

2481 4707 2760 4775 deputatus
2788 4703 2887 4758 l'uit
2919 4708 3216 4775 Episcopus
3242 4705 3523 4759 Catbacen.
3555 4714 3816 4757 utcontra
3844 4706 4044 4755 Paren-

2482 4802 2558 4845 tes
2584 4794 2799 4846 sororis
2828 4792 3170 4868 Magdalcnae
3195 4795 3362 4846 Disco
3391 4792 3705 4860 procederet
3729 4828 3745 4855 ,
3791 4802 3845 4843 ct
3873 4799 3928 4840 ut
3954 4808 4044 4838 co-

2481 4896 2593 4932 ram
2620 4881 2742 4950 ipso
2768 4880 3213 4949 coadjuvarentur
3248 4880 3597 4949 probationes
3620 4898 3636 4938 ς
3669 4895 3901 4945 consque
3928 4892 4046 4926 om·

2482 4967 2572 5019 nia
2598 4967 2912 5021 demandata
2938 4968 3134 5021 suerint
3159 4971 3263 5038 jam
3286 4967 3604 5035 adimpleta:
3632 4965 3880 5017 absoluto
3897 4982 4045 5014 nam·

2479 5074 2585 5126 que
2607 5056 2674 5107 ab
2697 5057 2971 5125 Episcopo
2996 5056 3280 5110 Cathacen.
3308 5056 3498 5123 viginti
3526 5054 3774 5108 Testium
3797 5052 4043 5103 examine

2482 5144 2576 5212 qni
2603 5161 2737 5206 vnrn,
2761 5152 2813 5195 et
2842 5155 3039 5196 metum
3062 5144 3287 5194 moniali
3321 5145 3525 5193 illatum
3555 5140 3899 5199 testabantur,
3927 5139 4046 5205 ipse

2484 5232 2926 5299 pronunciaverat
2944 5268 2960 5293 ,
3014 5239 3299 5298 utrumque
3349 5231 3622 5280 Parentem
3677 5226 3934 5277 incidisse
3984 5225 4044 5274 in

823 5284 1207 5389 Prosoesioni5
1245 5301 1467 5388 nomm}
1516 5281 1719 5343 ‘bret'
1769 5281 1895 5388 fUii
1929 5283 2262 5389 ’depomuu
2305 5288 2381 5349 ὼ
2430 5317 2436 5372 ἰ
2483 5318 3093 5369 excommunicationem
3122 5336 3149 5367 a
3180 5316 3351 5369 Cone.
3393 5314 3722 5367 Tridentino
3747 5313 4048 5362 commina-

828 5388 1245 5459 Pfflsspffiffllffi
1292 5377 1339 5437 Ρ
1341 5389 1490 5438 81313
1513 5419 1532 5448 s
1580 5384 1643 5436 θῑ
1673 5374 2040 5440 υῦηὓΐῧῑω
2066 5378 2375 5441 Νθθθῧῧιῐὶ
2429 5399 2436 5458 ἰ
2493 5415 2636 5463 tam:
2679 5403 2763 5454 bis
2817 5404 3099 5465 stantibus,
3127 5404 3467 5470 reproposita
3494 5401 3660 5453 Causa
3688 5400 3778 5450 die
3831 5398 3916 5448 16.
3945 5398 4050 5449 De·

832 5483 1080 5536 ιωωωῗ
1109 5472 1185 5534 ‘¹⁶
1210 5469 1459 5554 Pabnoe
1485 5487 1661 5544 V⁰⁰⁰2
1689 5479 1752 5531 ⁰1
1782 5470 1947 5534 hm
1971 5471 2041 5534 in
2082 5492 2179 5552 ‘⁰2
2215 5475 2384 5557 quod
2428 5463 2437 5530 Ῐ
2481 5492 2652 5546 cemb-
2686 5493 2846 5545 ssts.
2883 5492 3031 5544 nulla
3059 5491 3161 5543 (ιιι
3193 5501 3342 5559 capta
3370 5487 3661 5550 mutuum
3689 5486 4050 5555 reproposita-
