4393 6299
982 591 1017 643 2
1675 593 1681 600 ·
2005 591 2455 660 Qntssrlonss
2489 593 2854 648 CANONtcAE

806 744 1153 827 gregatione
1187 743 1489 827 proposita
1512 789 1531 820 ,
1583 753 1766 827 atque
1814 743 2077 807 discussa
2125 744 2313 809 dubia
2336 790 2355 820 ,

806 859 965 921 quae
1001 849 1359 921 sequuntur.

923 932 976 1001 Ι.
1028 934 1122 994 An
1168 933 1372 995 Patres
1400 933 1607 995 Sancti
1644 934 1957 1014 Au9ustini
1989 934 2137 995 licite
2157 943 2356 1014 potue-

804 1028 951 1099 rint,
972 1029 1297 1108 irrequisito
1309 1027 1589 1100 Parocho,
1606 1027 1982 1090 Sacramenta
1993 1029 2361 1089 administra-

804 1140 899 1193 re,
922 1131 978 1183 et
1006 1120 1225 1205 Corpus
1251 1125 1536 1185 tumulare
1565 1125 1630 1184 in
1654 1140 1790 1186 casu
1812 1168 1831 1198 ,
1879 1131 1982 1184 etc.
2009 1133 2062 1184 et
2081 1132 2358 1204 quatenus

804 1219 1079 1296 neqative.

923 1310 1007 1371 ΙΙ.
1038 1311 1132 1372 An
1169 1314 1245 1373 sit
1274 1314 1423 1374 locus
1477 1313 1873 1375 exhumationi
1912 1308 2220 1374 cadaveris
2237 1360 2254 1383 ‚
2304 1321 2356 1373 et

801 1408 1152 1466 restitutioni
1176 1410 1431 1469 omnium
1461 1410 1956 1469 emolumentorum
1983 1405 2355 1469 Funeralium

805 1518 871 1559 sn
898 1518 1054 1560 casu.

924 1592 1164 1668 Quibus
1206 1594 1305 1658 die
1332 1601 1430 1657 27.
1464 1596 1822 1659 Novembris
1866 1601 2040 1659 1717.
2075 1596 2220 1669 boc,
2251 1596 2357 1677 qui

800 1685 1078 1767 sequitur
1096 1736 1113 1760 ,
1144 1689 1353 1763 modo,
1402 1709 1750 1771 responsum
1779 1689 1898 1752 suit
1915 1709 1936 1750 .·
1983 1690 2058 1752 ad
2108 1691 2360 1770 primum

804 1784 1060 1861 neqative
1081 1831 1098 1854 ‚
1125 1785 1202 1845 ad
1223 1786 1525 1846 secundum
1561 1788 1813 1864 neqative
1830 1832 1843 1853 ,
1873 1804 1985 1863 quo
2011 1784 2086 1846 ad
2112 1786 2358 1864 primam

798 1886 1053 1956 portem,
1082 1886 1133 1937 et
1162 1897 1272 1957 quo
1308 1879 1385 1939 ad
1410 1878 1739 1951 secundam,
1773 1880 1949 1939 teneri
1986 1878 2062 1938 ad
2091 1887 2360 1955 quartam

801 1968 1187 2047 funeralium,
1234 1980 1284 2032 et
1334 1974 1619 2053 amplius:
1666 1980 1725 2035 et
1769 1972 1833 2033 in
1885 1971 2359 2054 Congregatione

801 2062 1011 2125 habita
1038 2064 1138 2126 die
1164 2070 1258 2127 11.
1285 2066 1629 2128 Decembris
1648 2066 1911 2149 ejusdem
1945 2066 2141 2139 Anni,
2174 2066 2358 2128 dene-

801 2166 939 2240 gata
960 2158 1077 2221 fuit
1096 2160 1377 2222 Patribus
1398 2161 1855 2243 Augustinianis
1874 2180 2027 2223 nova
2049 2161 2359 2223 audientia

801 2259 1041 2331 praeter
1065 2270 1247 2333 quam
1267 2256 1464 2335 quoad
1495 2264 1773 2334 quartam
1796 2254 2131 2317 funeralem
2149 2300 2166 2328 ,
2198 2262 2265 2316 ut
2282 2274 2358 2317 ex

801 2347 1076 2426 sequenti
1124 2347 1431 2430 colligitur
1465 2349 1752 2431 rescripto
1772 2395 1791 2425 ,
1837 2351 2156 2412 audiantur
2190 2369 2359 2431 super

802 2449 1014 2520 quarta
1040 2441 1297 2520 funerati
1324 2453 1567 2505 tantum.

917 2532 1339 2598 Controversia
1363 2536 1570 2618 itaque
1602 2537 1677 2600 ad
1705 2536 1895 2600 solam
1944 2546 2225 2620 quartam
2260 2538 2359 2601 fu-

798 2625 1066 2689 neralem
1098 2629 1366 2704 redacta,
1393 2632 1740 2694 existimant
1767 2633 2000 2706 Patres,
2032 2651 2095 2695 se
2123 2632 2199 2694 ad
2232 2635 2361 2714 ejus

801 2719 1161 2784 solutionem
1188 2743 1309 2785 non
1342 2727 1529 2787 teneri
1552 2772 1570 2798 ,
1602 2734 1730 2788 tum
1756 2727 1901 2809 quia
1935 2727 2237 2808 exemptio
2281 2730 2360 2791 ab

803 2816 935 2897 ejus
963 2815 1264 2881 solutione
1291 2818 1753 2883 fundamentum
1797 2822 2022 2884 babere
2045 2822 2266 2885 dicitur
2293 2822 2359 2884 in

802 2909 979 2973 Bulla
999 2910 1228 2974 Nicolai
1252 2914 1329 2975 V.
1357 2933 1513 2995 quae
1541 2915 1752 2997 incipit
1772 2916 2059 2996 Reqimini
2075 2966 2092 2989 ,
2122 2926 2182 2979 et
2201 2936 2359 2999 quae

802 3012 891 3065 est
922 3003 1207 3084 impressa
1233 3005 1392 3068 inter
1419 3007 1694 3069 collectas
1728 3028 1764 3072 a
1792 3010 2004 3072 Fratre
2032 3010 2360 3073 Laurentio

800 3096 1042 3178 Empoli
1076 3098 1182 3162 fol.
1215 3105 1354 3163 269.
1386 3110 1447 3166 et
1468 3102 1812 3168 Conventus
1844 3106 2110 3170 Astensis
2136 3105 2357 3171 sunda·-

803 3192 890 3254 tio
932 3192 1267 3256 Concilium
1308 3196 1733 3262 Tridentinum
1781 3199 1942 3263 ultra
1971 3221 2163 3264 annos
2207 3221 2359 3284 qua-

803 3287 1083 3370 dsaginta
1106 3290 1463 3369 praecessit,
1492 3311 1630 3353 cum
1660 3293 1720 3353 in
1743 3310 1845 3368 eo,
1880 3314 2070 3376 usque
2091 3296 2170 3357 ab
2196 3314 2359 3358 anno

808 3385 984 3444 1415.
1016 3392 1288 3446 coactum
1308 3383 1493 3449 fuerit
1514 3385 1856 3467 Capitulum
1876 3388 2201 3463 Generale;
2229 3398 2358 3452 tum

802 3477 948 3558 quia
976 3476 1137 3540 idem
1166 3478 1443 3543 Pontifex
1490 3480 1770 3543 Nicolaus
1806 3483 1883 3544 V.
1916 3484 2359 3566 exemptionem

803 3577 842 3635 a'
868 3581 1086 3652 quarta
1110 3569 1371 3643 funerali
1391 3572 1681 3656 elargitus
1704 3582 1793 3637 est
1813 3577 2093 3639 Patribus
2120 3579 2358 3641 Carme-

802 3662 932 3728 litis
947 3709 964 3738 ‚
989 3684 1126 3729 cum
1145 3685 1422 3747 expressa
1449 3668 1834 3750 derogatione
1851 3672 1928 3732 ad
1949 3671 2360 3736 Clementinam

804 3758 1040 3820 Dudum
1067 3761 1132 3821 de
1156 3762 1496 3840 sepulturis,
1533 3782 1656 3844 qno
1700 3764 2026 3846 Privilegio
2074 3768 2359 3847 Augusti-

804 3851 974 3916 niani
1006 3863 1221 3935 putant
1246 3874 1309 3917 se
1352 3855 1474 3918 frui
1505 3858 1724 3920 debere
1766 3859 1846 3921 ob
1892 3859 2359 3941 Privilegiorum

804 3946 1409 4013 communicationem
1430 3996 1449 4027 ,
1477 3970 1637 4033 quae
1657 3953 1814 4016 inter
1844 3961 2166 4036 utramque
2194 3955 2357 4019 Reli-

802 4041 1047 4123 gionem
1080 4041 1415 4109 intercedit.

925 4135 1165 4218 Excipit
1190 4157 1225 4201 e
1245 4146 1454 4203 contra
1474 4141 1650 4204 Prior
1672 4142 2041 4206 Parochialis
2061 4143 2359 4209 Ecclesiae

802 4228 1004 4293 Sancti
1024 4231 1221 4306 Pauli,
1252 4233 1458 4296 Patres
1473 4235 1943 4318 Augustinianos
1959 4257 2086 4300 esse
2100 4238 2177 4301 ad
2194 4239 2359 4301 solu-

802 4324 1028 4387 tionem
1051 4335 1303 4407 quartae
1323 4328 1635 4392 adstrictos
1649 4376 1666 4405 ,
1690 4351 1810 4394 non
1832 4332 2027 4395 solum
2049 4333 2193 4415 quia
2225 4334 2358 4395 Pri-

805 4418 1096 4501 vilegium
1117 4419 1261 4502 ipsis
1277 4441 1313 4484 a
1333 4422 1578 4486 Nicolao
1598 4425 1674 4486 V.
1697 4445 2062 4501 concessum,
2084 4446 2205 4489 non
2223 4446 2361 4489 con·

805 4512 956 4575 tinet
975 4514 1420 4596 derogationem
1433 4518 1509 4578 ad
1521 4517 1931 4582 Clementinam
1941 4521 2174 4581 Dudum
2194 4523 2260 4582 de
2282 4542 2360 4582 se-

801 4609 1080 4689 pulturis,
1102 4609 1206 4672 sed
1224 4610 1405 4672 etiam
1428 4610 1574 4693 quia
1596 4613 1833 4676 nullum
1858 4615 2224 4696 praesidium
2247 4615 2358 4678 ha-

806 4701 952 4764 bere
974 4711 1219 4782 possunt
1244 4704 1324 4766 ab
1367 4705 1490 4768 alio
1517 4706 1842 4791 Privilegio
1882 4709 2163 4772 Patribus
2211 4710 2358 4773 Car-

805 4794 1028 4858 melitis
1048 4797 1127 4859 ab
1145 4798 1354 4862 eodem
1369 4801 1658 4864 Pontifice
1670 4822 1966 4877 concesso,
1987 4824 2127 4867 cum
2148 4805 2210 4866 in
2238 4826 2359 4867 ma-

808 4891 962 4955 teria
990 4893 1386 4973 exemptionis
1409 4914 1447 4957 a
1482 4905 1700 4978 quarta
1727 4897 1986 4961 funerali
2014 4899 2354 4962 communi-

811 4985 967 5049 catio
997 4985 1463 5070 Privilegiorum
1489 5008 1610 5052 non
1644 4990 2028 5075 suffragetur.

926 5078 1256 5155 Quaeritur
1279 5101 1425 5165 ergo

924 5173 1021 5234 An
1045 5176 1121 5236 sit
1158 5177 1455 5250 standum,
1485 5179 1573 5240 vel
1594 5181 1956 5242 recedendum
1978 5203 2020 5245 a
2052 5184 2247 5244 decisis
2272 5184 2362 5244 die

805 5268 1251 5333 amomon-is
1282 5276 1456 5335 1717.
1487 5277 1675 5355 quoad
1687 5287 1956 5356 quartam
1983 5278 2317 5355 [unet-alem.

907 5476 1062 5530 Sacra
1079 5476 1276 5547 congr.
1297 5477 1385 5533 die
1401 5477 1656 5534 tafflebr.
1678 5479 1965 5535 declaravit
1984 5481 2230 5534 standum
2249 5498 2362 5535 essa

2978 743 3336 820 QUAESTIO
3387 746 3501 808 111.

2503 936 2575 997 In
2604 934 2795 999 Causa
2817 934 3037 998 Montis
3061 934 3273 995 Falisci
3293 934 3510 997 Missae
3538 932 3940 997 Conventualis
3955 983 3975 1004 ,

2932 1029 3022 1090 die
3056 1033 3154 1090 29.
3186 1028 3330 1090 Jan.
3366 1032 3541 1090 1718.

2465 1154 2556 1276 In
2620 1218 2807 1279 Terra
2845 1213 3122 1279 Marthae
3170 1214 3468 1278 Dioecesis
3527 1213 3749 1276 Montis
3800 1212 4016 1274 Falisci

2466 1312 2728 1376 Ecclesia
2773 1311 3073 1393 reperitur
3113 1311 3227 1372 sub
3278 1308 3693 1380 invocatione,
3740 1316 3800 1369 et
3829 1308 4020 1368 nomi-

2467 1430 2544 1473 ne
2597 1409 2848 1471 Sanctae
2895 1405 3203 1479 Marthae,
3254 1405 3349 1467 cui
3405 1404 3595 1468 altera
3648 1402 4021 1464 Parochialis

2465 1502 2665 1566 Sancti
2687 1501 2868 1564 Blasii
2898 1500 3016 1563 suit
3041 1499 3191 1563 alias
3219 1500 3413 1562 unita.
3443 1498 3540 1560 Illi
3569 1497 3633 1559 in
3661 1496 3900 1559 Divinis
3922 1496 4017 1558 in·

2464 1597 2736 1659 serviunt
2759 1593 3139 1677 Praepositus
3161 1640 3178 1668 ,
3205 1602 3390 1675 atque
3417 1591 3734 1665 Canonici3
3759 1600 3818 1653 et
3847 1592 4019 1653 Prae-

2467 1692 2693 1772 positus
2712 1690 2894 1753 habet
2925 1689 3370 1771 principaliter,
3398 1688 3546 1751 etin
3575 1686 3767 1768 capite
3809 1706 4016 1749 curam

2464 1787 2856 1861 Animarum,
2899 1795 2959 1847 et
2988 1795 3105 1848 tres
3135 1805 3210 1846 ex
3237 1792 3500 1865 quatuor
3529 1782 3879 1856 Canonicis,
3910 1781 4017 1862 qui

2464 1881 2647 1963 vulgo
2681 1880 3059 1962 Capitulum,
3099 1888 3159 1941 et
3190 1878 3472 1941 Canonici
3504 1877 3879 1958 Capitulares
3910 1897 4019 1957 ap-

2466 1975 2800 2056 pellantur,
2855 1974 3154 2037 auxilium
3210 1972 3554 2055 Praeposito
3595 1980 3901 2052 praestant
3953 1970 4018 2032 in

2465 2069 2794 2131 exercenda
2823 2068 3125 2149 praedicta
3147 2087 3292 2129 cura
3317 2066 3697 2128 Animarum.

2585 2164 2829 2226 Praeter
2855 2163 2965 2225 hos
2989 2208 3005 2235 ,
3037 2162 3140 2224 alii
3178 2161 3452 2242 quinque
3477 2169 3686 2222 extant
3705 2158 4016 2232 Canonici,

2466 2258 2571 2339 qui
2597 2246 3115 2338 supranumerarii
3136 2257 3456 2327 dicuntur,
3478 2264 3541 2317 et
3569 2264 3691 2316 tam
3716 2254 3803 2328 hi,
3833 2273 4020 2334 quam

2466 2351 2555 2413 illi
2589 2351 2651 2413 in
2684 2351 2880 2413 Choro
2907 2351 3277 2414 conveniunt
3324 2349 3402 2412 ad
3442 2349 3816 2411 recitandum
3850 2348 4021 2408 Divi-

2469 2464 2615 2505 num
2651 2444 2964 2517 Officium,
3011 2463 3117 2505 seu
3148 2450 3382 2523 partem
3409 2441 3614 2504 Divini
3648 2440 3867 2512 Officii,
3900 2444 4022 2502 Do·

2467 2539 2737 2613 minicia,
2783 2548 2843 2601 et
2882 2539 3072 2601 Festis
3100 2539 3350 2613 diebus;
3383 2538 3750 2600 Matutinum
3799 2537 4023 2597 etenim

2468 2653 2588 2694 non
2620 2633 2903 2707 recitant,
2933 2634 3033 2694 sed
3079 2633 3494 2694 tantummodo
3535 2632 3800 2692 Primam
3826 2676 3843 2704 ,
3875 2632 4024 2692 Ter-

2470 2728 2645 2800 tiam,
2677 2728 2917 2789 Sextam
2935 2773 2952 2801 ,
2983 2736 3043 2788 et
3075 2728 3308 2788 Nonam
3327 2772 3343 2799 ,
3366 2736 3427 2789 et
3454 2726 3751 2806 Vesperas
3775 2744 3886 2788 sua
3908 2725 4022 2787 hn-

2466 2840 2533 2883 ra
2563 2822 2882 2883 decantant
2907 2842 2924 2895 3
2957 2830 3017 2882 et
3041 2829 3309 2899 tempore
3336 2818 3870 2901 Quadragesimae,
3895 2819 4025 2880 sin-

2465 2915 2624 2997 gulis
2652 2915 2865 2977 diebus
2891 2958 2908 2989 ,
2938 2914 3433 2993 completorium.

2584 3009 2868 3072 Canonici
2900 3007 3308 3089 Capitulares,
3339 3007 3446 3088 qui
3474 3006 3633 3069 etde
3660 3025 3916 3069 numero
3938 3007 4027 3068 di-

2465 3105 2517 3166 ci
2551 3113 2831 3186 possunt,
2860 3123 2983 3166 una
3014 3122 3150 3166 cum
3184 3102 3560 3184 Praeposito,
3596 3121 3703 3184 per
3730 3110 3980 3165 turnum
4004 3147 4023 3178 ,

2465 3199 2829 3272 Dominicis,
2862 3206 2923 3260 et
2968 3198 3158 3260 Festis
3203 3197 3418 3259 diebus
3470 3197 3716 3259 Missam
3751 3206 4020 3286 canunt,

2463 3302 2525 3356 et
2552 3294 2858 3374 applicant
2889 3313 2999 3374 pro
3037 3292 3269 3373 Populo
3293 3314 3311 3367 3
3345 3301 3404 3354 et
3432 3292 3624 3355 Foetis
3652 3292 3982 3354 mobilibus
4002 3339 4020 3363 ‚

2463 3388 2818 3470 primaeque
2866 3387 3084 3450 Classis
3144 3407 3380 3468 semper
3432 3389 3613 3450 Missa
3655 3395 3933 3449 cantatur
3985 3405 4023 3448 a

2465 3481 2847 3563 Praeposito,
2881 3481 2986 3562 qui
3019 3480 3185 3544 illam
3216 3481 3479 3563 applicat
3505 3481 3733 3564 pariter
3762 3498 3870 3561 pro
3907 3479 4024 3542 Po-

2465 3575 2633 3659 pulo.

2584 3672 2732 3734 Tam
2779 3672 3191 3753 Praepositus,
3223 3692 3409 3754 quam
3458 3671 3682 3754 singuli
3731 3670 4021 3734 Canonici

2466 3783 2604 3826 suas
2649 3766 2876 3829 habent
2923 3767 3330 3846 praebendas,
3381 3775 3441 3829 et
3472 3768 3631 3828 bona
3684 3768 4020 3848 assignata,

2464 3858 2565 3919 sed
2596 3859 2796 3921 nullos
2827 3859 3057 3922 habent
3082 3859 3312 3922 reditus
3362 3877 3710 3922 communes
3731 3907 3748 3931 ,
3785 3869 4025 3940 praeter

2465 3971 2668 4015 annua
2687 3962 2855 4016 scuta
2872 3953 3182 4034 sexaginta
3202 3954 3461 4028 circiter,
3480 3974 3639 4036 quae
3658 3955 4028 4035 proveniunt

2462 4065 2541 4108 ex
2567 4047 2878 4109 nonnullis
2911 4048 3148 4129 Legatis
3198 4049 3352 4130 piis,
3399 4067 3713 4128 quaeque,
3766 4048 4026 4129 demptis

2463 4142 2774 4221 expensis,
2800 4143 2906 4204 vix
2927 4143 3234 4206 sufficiunt
3265 4163 3374 4224 pro
3393 4143 3866 4223 adimplemento
3886 4163 4027 4205 one-

2464 4253 2605 4296 rum
2646 4236 3057 4318 injunctorum
3077 4284 3093 4310 ,
3141 4257 3251 4299 nec
3304 4238 3461 4300 ullas
3519 4238 3747 4319 pariter
3797 4238 4026 4300 habent

2463 4331 2850 4411 quotidianas
2877 4331 3353 4394 distributiones.

2582 4425 2914 4488 Almutiam
2964 4426 3246 4489 deferunt
3290 4425 3511 4489 coloris
3564 4426 3813 4489 violacei
3842 4472 3858 4498 ,
3917 4426 4020 4488 sed

2464 4519 2753 4583 Archivio
2771 4567 2788 4595 ,
2809 4521 3011 4604 sigillo
3027 4568 3043 4595 ,
3071 4521 3330 4602 aliisque
3353 4523 3660 4603 requisitis
3685 4520 4024 4601 Collegiali·

2465 4622 2647 4677 tatem
2667 4616 3062 4698 arguentibus
3078 4660 3093 4688 ,
3120 4628 3360 4691 carent,
3383 4635 3541 4698 quae
3562 4614 3766 4678 omnia
3788 4616 4024 4677 desum-

2465 4718 2568 4790 pta
2592 4720 2735 4772 sunt
2756 4731 2833 4772 ex
2876 4709 3189 4773 Relatione
3231 4709 3576 4773 Ordinarii.
3629 4711 3705 4772 Et
3731 4730 3808 4771 ex
3837 4708 3958 4772 fide
3984 4729 4021 4774 a

2464 4803 2838 4867 Cancellario
2884 4805 3220 4886 Episcopali
3281 4804 3662 4878 transmissa,
3720 4804 3979 4867 babetur
4003 4849 4022 4878 ,

2465 4898 2950 4979 Praeposituram
2984 4918 3104 4960 non
3129 4918 3257 4962 esse
3289 4907 3597 4981 tamqnam
3624 4898 3884 4980 primam
3913 4898 4022 4959 Di-

2467 4992 2755 5073 gnitatem
2785 4992 2922 5055 Sedi
2958 4994 3334 5076 Apostolicae
3361 5003 3725 5056 reservatam
3752 5038 3769 5066 ,
3802 4993 3903 5053 sed
3942 4994 4022 5055 ab

2464 5088 2791 5170 Episcopo,
2821 5090 2872 5151 si
2902 5109 3023 5151 non
3052 5099 3221 5152 vacet
3249 5089 3311 5150 in
3343 5088 3654 5150 mensibus
3676 5086 4019 5158 reservatis,

2465 5181 2726 5243 conferri
2754 5203 2859 5264 per
2878 5203 3232 5246 concursum
3249 5229 3266 5258 ,
3293 5184 3474 5265 juxta
3500 5180 3752 5244 Concilii
3772 5180 4023 5244 Triden-

2468 5273 2580 5337 tini
2612 5276 3085 5357 dispositionem.

2586 5369 2766 5433 Hisce
2787 5370 3196 5433 fundamentis
3215 5371 3411 5435 innixi
3431 5416 3446 5445 ,
3474 5380 3596 5432 tam
3621 5370 4020 5450 praepositus,

2467 5481 2653 5544 qnam
2681 5463 2965 5529 Canonici
3016 5474 3325 5536 asserunt,
3360 5465 3817 5546 Collegialitatis
3851 5465 4023 5546 signa

798 5565 855 5619 in
877 5564 1089 5635 decisis,
1108 5575 1160 5622 et
1175 5569 1396 5623 Causam
1418 5586 1530 5622 nou
1553 5587 1668 5625 esse
1687 5571 1915 5642 amplias
1940 5569 2366 5643 proponendam.
2472 5560 2672 5624 deesse
2697 5608 2716 5634 ,
2775 5569 2833 5625 ei
2888 5570 3321 5643 cousequenter
3386 5561 3713 5625 Ecclesiam
3771 5560 4024 5624 Sanctae
