4393 6299
1696 464 2163 535 QoAESTto
2235 466 2502 525 CCXCVI-

459 630 766 707 comparet
793 620 1042 687 Fiacalis
1061 616 1304 695 Curiae,
1351 619 1460 702 qui
1483 617 1666 683 etiam
1695 618 1813 681 tuit
1843 616 2015 680 audi·
2072 601 2075 602 ⁷

465 727 564 781 tus
584 718 648 779 in
684 716 1110 799 compilatione
1137 733 1476 796 processum
1523 714 1794 802 adeoque
1817 732 1892 775 ex
1911 714 2014 793 ju-

3390 469 3498 526 88!

2244 621 2357 684 111.
2388 622 2507 696 Aa,
2525 631 2577 685 a
2602 642 2746 705 quae
2766 607 3065 705 omme,
3093 623 3261 687 ,ema
3279 623 3669 701 menatem,

2121 718 2238 778 sive
2259 719 2332 779 ab
2358 719 2741 798 applicatione
2759 718 2978 781 Missae
3013 719 3449 798 conventualis,
3475 722 3674 784 iisdem

464 811 639 875 ribus
657 813 740 875 ab
758 821 1025 893 utraque
1057 818 1232 891 parte
1253 808 1782 883 circumferendis,
1832 826 2013 888 quae-
2122 823 2343 875 attenta
2376 814 2834 875 Praebendarum
2862 817 3154 890 tenuitate,
3180 819 3255 877 sit
3280 817 3627 898 indulgenda
3647 866 3667 893 ,

459 905 651 967 ritur:

581 1000 676 1060 An
717 1002 791 1060 sit
844 991 1379 1061 locus'rsstitutioni
1408 999 1472 1057 in
1496 999 1780 1075 inthrum
1800 997 1867 1055 in
1911 1014 2007 1057 ca-

458 1114 526 1154 su
549 1104 653 1155 etc.

534 1286 689 1336 Sacra
716 1285 913 1350 congr.
943 1281 1030 1334 «tie
1055 1283 1140 1334 19.
1171 1279 1493 1334 Novembris
1524 1279 1681 1346 1722.
1700 1277 2008 1349 respondit:

639 1370 999 1440 Affirmative
1025 1371 1082 1422 in
1107 1369 1358 1423 omnibus
1374 1406 1388 1420 .

897 1563 1258 1640 QUAESTIO
1299 1561 1554 1625 CCXCV
1560 1562 1639 1626 ll.

535 1752 614 1815 In
639 1772 813 1816 causa
833 1752 1166 1834 spoletana,
1202 1754 1291 1814 dic
1314 1757 1374 1815 5.
1405 1749 1720 1813 Decembris
1751 1753 1925 1811 1722.

454 1881 672 2004 Licet
690 1942 866 2025 juxta
893 1937 1373 2003 communiorem
1398 1936 1747 2019 opinionem
1773 1934 2012 2018 saepius

457 2035 539 2097 ab
561 2035 675 2098 bac
701 2035 832 2098 Sac.
864 2033 1346 2117 Congregatione
1370 2042 1668 2118 receptam
1690 2038 2013 2095 teneantur

453 2126 739 2192 Canonici
771 2136 898 2190 tum
928 2126 1411 2200 cathedralium,
1468 2133 1599 2188 tum
1649 2124 2008 2206 collegiata-

456 2241 596 2284 rum
623 2223 1030 2286 Ecclesiamm
1061 2221 1140 2284 ad
1185 2221 1609 2303 quotidianam
1650 2217 2006 2283 celebratio·

457 2336 621 2392 nem,
641 2325 702 2380 et
720 2316 1189 2399 applicationem
1216 2312 1875 2379 MissaeGonventualis
1896 2331 2008 2394 pro

455 2411 949 2475 Benefactoribus
974 2456 992 2484 ‚
1032 2419 1228 2492 stante
1261 2409 1663 2473 nibilominus
1711 2407 2006 2490 praeben-

459 2507 678 2570 darum
710 2507 1039 2582 tenuitate,
1068 2506 1187 2568 fuit
1216 2505 1549 2587 aliquando
1571 2503 1877 2566 indultum
1894 2547 1913 2577 ,
1939 2508 2010 2565 ut

456 2600 636 2665 firma
669 2608 1019 2664 remanente
1046 2600 1399 2682 quotidiana
1427 2599 1863 2672 celebratione,
1897 2615 2006 2679 ap·

455 2695 705 2777 plicatio
717 2716 830 2777 pro
847 2694 1342 2758 Benefactoribus
1354 2692 1758 2756 fieretdiebus
1770 2698 2006 2755 tantum

455 2789 645 2853 Festis
666 2791 742 2852 de
772 2798 1110 2871 praecepto,
1139 2789 1252 2862 uti,
1283 2788 1524 2851 omissis
1552 2787 2006 2868 antiquioribus

452 2883 766 2964 exemplis,
791 2883 908 2946 ruit
934 2882 1265 2945 resolutum
1291 2882 1353 2944 in
1377 2882 1690 2952 Veliterna
1718 2886 1812 2944 14.
1816 2885 1819 2890 “
1841 2882 2008 2944 Mar·-

455 2976 523 3038 tii
557 2981 732 3038 1722.
783 2984 844 3040 et
877 2976 939 3038 in
976 2976 1261 3038 terminis
1292 2975 1665 3060 collegiatae
1709 2975 2009 3038 Ecclesiae

450 3070 512 3133 S.
540 3071 817 3154 Gregorii
830 3071 1118 3133 Civitatis
1143 3070 1504 3183 Spoletanae
1524 3077 1622 3134 30.
1649 3070 1792 3154 Maji
1824 3069 2006 3154 hujus

452 3166 719 3248 ejusdem
747 3164 931 3227 anni.
1064 3200 1069 3205 ’

569 3257 858 3321 Canonici
883 3258 1251 3341 collegiatae
1267 3257 1643 3321 EcclesiaeS.
1672 3257 1832 3319 Petri
1855 3258 2008 3339 ejus-

453 3352 591 3415 dem
618 3351 896 3415 Civitatis
920 3352 1313 3432 spoletanae,
1351 3351 1577 3433 quibus
1602 3353 1683 3413 ab
1711 3349 2004 3432 Episcopo
2028 3404 2035 3418 „

458 3448 521 3508 in
548 3447 764 3509 ultima
792 3466 902 3509 sua
925 3447 1290 3508 visitatione
1321 3446 1749 3509 demandatum
1773 3445 1912 3519 fuit,
1935 3452 2004 3506 ut

464 3542 733 3623 quotidie
792 3543 1035 3607 Missam
1099 3541 1575 3603 Conventualem
1633 3539 2006 3620 applicarent

462 3656 573 3718 pro
618 3636 1135 3706 Benefactoribus,
1166 3637 1388 3698 nedum
1416 3635 1480 3697 in
1516 3634 1822 3716 sequelam
1845 3633 2005 3716 juris

453 3734 814 3805 communis,
832 3741 891 3794 et
918 3732 1357 3794 resolutionem
1379 3731 1564 3814 hujus
1582 3729 1713 3792 Sac.
1739 3730 2004 3809 Congre-

450 3827 710 3909 gationis
735 3827 1048 3890 sedetiam
1075 3828 1150 3889 ad
1183 3825 1449 3887 tramites
1478 3823 1775 3905 praecepti
1798 3820 2003 3883 Cardi-

454 3920 611 3984 nalis
632 3920 778 3983 clar.
809 3940 991 3982 mem.
1019 3919 1405 3983 Vicecomitis
1431 3917 1705 4000 Episcopi
1731 3914 2004 3999 Spoleta-

454 4014 916 4095 ni,disputanda
942 4026 1382 4095 proposuerunt
1401 4013 1589 4076 dubia
1613 4012 1772 4075 infra
1795 4029 2002 4073 recen-

453 4112 662 4185 senda,
693 4111 1107 4174 concludendo
1130 4132 1238 4193 pro
1267 4111 1652 4193 exemptione
1678 4109 1891 4171 saltem
1922 4107 2002 4170 ab

451 4205 854 4287 applicatione
894 4206 1113 4268 Missae
1143 4205 1574 4269 Conventualis
1609 4198 1827 4267 diebus
1876 4216 1998 4264 non

453 4298 709 4362 Festivis
737 4300 812 4361 de
842 4309 1177 4381 praecepto,
1219 4308 1277 4362 et
1306 4300 1369 4360 in
1399 4319 1470 4361 eo
1493 4298 1655 4381 quod
1686 4297 1902 4361 attinet
1924 4298 2000 4359 ad

453 4394 805 4457 tenuitatem
836 4394 1140 4456 redituum
1163 4439 1180 4468 ,
1242 4395 1533 4465 subdunt,
1581 4411 1681 4455 eos
1732 4393 1999 4467 totaliter

454 4488 779 4552 consistere
807 4488 871 4550 in
893 4487 1448 4562 distributionibus,
1469 4480 1529 4550 et
1551 4506 1651 4549 eas
1676 4504 1797 4563 non
1825 4506 1999 4549 exce·

455 4581 602 4645 dere
626 4599 830 4643 annua
859 4588 1011 4643 scut.
1048 4585 1145 4641 19.
1184 4580 1446 4654 circiter,
1478 4580 1615 4642 lieet
1669 4578 2001 4661 antiquiori

455 4683 726 4756 tempore
755 4676 1146 4738 ascenderent
1192 4674 1268 4736 ad
1294 4693 1497 4736 annua
1518 4682 1683 4737 scuta
1711 4679 1808 4735 26.
1841 4674 1914 4734 s«-
1900 4674 2002 4734 ·ri·

453 4778 634 4851 ptura
654 4787 1000 4905 permanes
1013 4768 1495 4897 circumfertur-3
1503 4768 1791 4895 quocirca
1813 4786 1999 4851 quae·
2004 4822 2013 4825 ,

453 4862 663 4927 riter.
1340 4878 1347 4891 ·

456 5050 725 5115 Gieitatis
771 5052 1023 5133 Spoleti,
1074 5060 1388 5113 teneantur
1450 5052 1700 5130 quotidie
1757 5049 2000 5111 Missam

455 5145 891 5209 conventualem
915 5148 1211 5218 celebrare,
1243 5157 1294 5207 et
1321 5157 1596 5225 quatenus
1618 5147 1987 5227 affirmative:

478 5240 654 5302 wil.
719 5241 816 5302 An
863 5253 1160 5303 teneantur
1205 5242 1455 5321 quotidie
1498 5243 1708 5303 dictam
1756 5240 2000 5301 Missam

455 5330 894 5397 Oenmtualem
942 5339 1230 5417 applicare
1259 5355 1367 5418 pro
1399 5334 1860 5417 Bencfactoribus
1880 5379 1899 5410 ,
1949 5344 2001 5396 et

453 5439 729 5509 quatenus
747 5432 1119 5511 affirmative.
1294 5464 1297 5467 ·
1806 5466 1809 5467 ν
1850 5462 1851 5465 “

767 5554 971 5592 sasso.
1013 5556 1124 5594 ιιν.
1167 5555 1314 5594 ron.
1358 5541 1467 5597 ΧΠ.

498 4952 623 5018 1.
650 4956 748 5019 An
769 4955 1050 5020 canonici
1070 4955 1418 5037 collegiatae
1446 4896 1813 5018 Ecclesiass.
1842 4954 2005 5016 Petri
2068 4996 2075 5041 ς

2110 5057 2173 5112 et
2196 5049 2439 5111 Incolae
2459 5049 2626 5130 Pagi,
2660 5049 2931 5130 quisunt
2959 5055 3221 5130 quatuor
3251 5050 3515 5113 centum,
3545 5039 3656 5105 Sa·

2123 908 2187 966 itt
2205 929 2342 971 casu
2370 921 2470 970 etc.

2229 1102 2326 1152 Sac
2331 1081 2610 1170 Μῦίοιιᾳι.
2633 1099 2721 1153 dis
2743 1101 2827 1152 19.
2848 1098 3157 1153 Decembris
3187 1098 3342 1151 1722.
3365 1101 3674 1170 respondit·

2303 1187 2401 1240 Ad
2416 1204 2508 1256 pr
2512 1205 2677 1251 mum,
2723 1198 2777 1240 st
2819 1185 3115 1239 secundum
3167 1184 3398 1255 offis-tna
3402 1186 3448 1239 ti
3427 1206 3532 1240 ιω
3586 1190 3682 1242 Aa

2115 1275 2335 1328 tamum
2356 1293 2461 1346 pro
2476 1275 2664 1344 gratia
2691 1274 2881 1344 quoad
2905 1273 3332 1344 applicationem
3358 1287 3414 1328 ta
3417 1286 3511 1328 ητα
3517 1294 3590 1343 m,
3617 1289 3678 1373 ut

2118 1362 2175 1413 in
2213 1363 2496 1417 Veliterno
2525 1365 2614 1416 15.
2638 1363 2843 1418 nanta·
2860 1362 3017 1416 1722.

2367 1609 2370 1612 ,
2489 1539 2850 1616 QUAEs'rto
2898 1540 3270 1604 ccxcvm.

2119 1727 2193 1788 Ia
2215 1727 2410 1792 cama
2427 1729 2670 1793 cavensi
2696 1727 3020 1804 Erec-tionis
3042 1728 3425 1804 Parochiulis,
3451 1673 3542 1791 itu
3568 1734 3663 1792 19.

2630 1822 2948 1886 oms-bris
2974 1827 3149 1885 1722.
3195 1893 3196 1896 Ἰ

2118 1977 2326 2102 Licet
2343 2059 2512 2104 anno
2533 2043 2709 2102 1662.
2746 2039 2826 2104 ab
2843 2039 3137 2122 Episcopo
3152 2038 3376 2104 Cavea.
3403 2038 3670 2106 Ecclesia

2119 2132 2181 2194 8.
2237 2134 2470 2197 Mariae
2518 2133 2868 2197 Gratiarum
2919 2133 3062 2216 Pagi
3109 2134 3436 2197 Benincasa
3483 2133 3673 2200 fu‘erit

2118 2236 2319 2290 erecta
2362 2228 2425 2290 in
2458 2227 2892 2303 Parocbialem,
2943 2237 3004 2291 et
3028 2247 3175 2292 cura
3224 2227 3441 2310 Populi
3480 2227 3670 2291 fuerit

2117 2321 2372 2384 dismem
2387 2321 2560 2386 brata
2600 2342 2636 2386 a
2686 2321 3030 2386 Parocbiali
3086 2323 3349 2387 Ecclesia
3393 2323 3456 2384 S.
3505 2320 3671 2386 Petri

2119 2415 2398 2479 Civitatis
2441 2417 2692 2493 esven„
2718 2418 2794 2481 ad
2816 2435 3001 2499 quam
3021 2417 3217 2480 dictus
3235 2415 3426 2500 Popul
3436 2436 3504 2479 ns
3531 2436 3670 2498 per-

2116 2509 2160 2571 ti
2169 2510 2373 2585 nebat,
2400 2510 2615 2574 habito
2643 2510 3049 2574 nibilominus
3070 2531 3316 2575 recursu
3336 2531 3374 2573 a
3396 2511 3668 2574 Parocbo

2118 2615 2486 2668 memoratae
2522 2605 2824 2668 Ecclesiae
2845 2605 2906 2667 S.
2940 2606 3100 2669 Petri
3136 2605 3214 2670 ad
3238 2605 3398 2669 banc
3419 2605 3664 2669 Sacram

2120 2698 2690 2781 Congregationem,
2739 2718 3093 2780 responsum
3133 2698 3273 2772 fuit,
3326 2699 3488 2780 quod
3541 2716 3662 2759 non

2113 2802 2246 2857 erat
2270 2793 2436 2856 locus
2463 2794 2746 2858 erectioni
2781 2813 2974 2857 novae
3000 2792 3351 2866 Parochiae,
3376 2792 3477 2856 sed
3498 2787 3672 2874 qnod'

2116 2887 2360 2951 Incolae
2379 2888 2522 2969 Pagi
2544 2888 2856 2971 eligerent,
2883 2896 2942 2950 et
2967 2887 3230 2970 propriis
3250 2886 3526 2970 expensis
3546 2885 3663 2949 ale·

2111 2991 2250 3045 rent
2277 2982 2708 3063 Cappellanum
2730 2983 2808 3045 ab
2827 2983 3154 3046 Ordinario
3173 2981 3659 3064 approbandum,

2114 3079 2221 3163 qui
2243 3078 2388 3161 ipsis
2409 3078 2792 3141 Sacramenta
2816 3078 3222 3140 ministraret.

2233 3176 2303 3237 In
2336 3173 2528 3256 hujus
2534 3172 2755 3235 decreti
2782 3172 3194 3235 executionem
3210 3171 3414 3252 plures
3429 3166 3661 3234 succes·

2112 3269 2242 3331 sive
2262 3267 2612 3349 Cappellani
2640 3266 2715 3329 ad
2746 3266 3150 3329 ministerium
3181 3264 3353 3328 electi
3383 3262 3659 3341 fuerunt,

2115 3371 2243 3426 tuni
2276 3382 2350 3425 ex
2380 3360 2671 3435 Dioecesi,
2704 3369 2832 3422 tum
2866 3358 3085 3435 exteri,
3114 3359 3217 3422 sed
3252 3377 3460 3421 omnes
3487 3357 3660 3420 brevi

2122 3464 2390 3539 tempore
2412 3456 2564 3518 illud
2585 3462 3006 3529 exercuerunt,
3041 3463 3101 3518 et
3130 3453 3403 3527 ultimus,
3430 3450 3537 3534 qui
3569 3451 3668 3514 via

2112 3550 2265 3632 giuti
2297 3568 2598 3611 annorum
2631 3546 2878 3629 spatio,
2931 3566 3052 3609 non
3079 3545 3461 3609 obstantibus
3486 3543 3664 3607 dissi-

2114 3643 2253 3715 diis,
2275 3650 2335 3705 et
2363 3643 2597 3718 litibus,
2620 3661 2778 3725 quae
2804 3660 2941 3703 cnm
2973 3641 3243 3704 Parocho
3269 3640 3469 3703 Sancti
3498 3638 3662 3702 Petri

2113 3738 2620 3812 intercesserunt,
2678 3738 2744 3800 in
2796 3737 2955 3799 dieto
2989 3754 3255 3799 munere
3267 3732 3657 3841 perduravit,

2111 3831 2300 3894 annis
2321 3829 2540 3911 elapsis
2575 3838 2849 3892 mortuus
2883 3836 3002 3891 est.

2228 3922 2551 3986 Occasione
2596 3921 2962 3985 visitationis
3004 3920 3199 3984 factae
3242 3919 3322 3987 ab
3355 3916 3659 4000 Episcopo

2110 4037 2263 4080 anno
2301 4022 2492 4079 1720.
2508 4016 2817 4079 adhibitae
2839 4015 3096 4078 fuerunt
3141 4015 3220 4078 ab
3264 4013 3404 4094 ipsos
3449 4028 3661 4079 omnes

2110 4111 2482 4195 diligentiae·
2500 4131 2611 4193 pro
2640 4112 3005 4174 inveniendo
3045 4110 3264 4173 idoneo
3293 4107 3655 4193 Sacerdote,

2107 4209 2213 4289 qui
2240 4216 2482 4269 mortuo
2513 4206 2793 4269 substitui
2819 4213 3034 4288 posset,
3076 4204 3182 4268 sed
3201 4204 3413 4266 nullus
3440 4203 3655 4265 inven-

2109 4310 2208 4363 tus
2229 4311 2349 4375 est;
2397 4301 2588 4363 exteri
2634 4300 2798 4362 enim
2833 4300 2909 4363 ad
2959 4301 3188 4383 Pagum
3220 4297 3500 4361 accedere
3548 4315 3659 4358 no-

2111 4396 2268 4469 lunt,
2298 4403 2357 4457 et
2383 4414 2545 4458 unus
2567 4401 2802 4458 tantum
2831 4393 2998 4457 adest
3032 4394 3094 4455 in
3124 4395 3285 4473 Pago
3317 4389 3603 4454 Sacerdos
3634 4436 3655 4465 ,

2108 4490 2215 4571 qui
2252 4490 2370 4550 non‘
2422 4497 2511 4552 est
2556 4489 2929 4570 approbatus
2967 4487 3041 4549 ad
3087 4481 3503 4551 Confessiones
3545 4500 3658 4543 au·

2110 4584 2400 4658 diendas3
2451 4583 2731 4665 quocirca
2776 4581 2937 4644 idem
2969 4580 3303 4662 Episcopus
3337 4576 3515 4656 jussit
3546 4573 3660 4639 uni

2108 4694 2185 4739 ex
2215 4675 2499 4739 Parecbis
2524 4676 2586 4737 S.
2611 4674 2798 4747 Petri,
2829 4682 2952 4736 tres
2974 4672 3138 4735 enim
3171 4689 3378 4733 curam
3403 4666 3656 4731 Anima-

2109 4789 2247 4833 rum
2277 4778 2579 4843 exercent,
2606 4770 2735 4841 diu,
2768 4777 3070 4851 noctuque
3103 4783 3336 4829 moram
3363 4764 3564 4828 facere
3589 4760 3658 4823 ἰιι

2110 4865 2273 4993 Pago
2303 4863 2671 4926 Benincasa.

2194 4956 2579 5037 Episcopale
2607 4955 2912 5018 decretum
2948 4958 3153 5035 optato
3178 4948 3375 5015 caruit
3416 4945 3655 5023 effectu,

2107 5152 2554 5207 oramentorum
2622 5151 2831 5206 carent
2887 5138 3445 5211 administratione,
3497 5135 3656 5198 itaut

2107 5238 2439 5301 nonnullus
2466 5240 2544 5301 ab
2570 5239 2864 5320 Episcopo
2883 5236 2949 5299 iu
2970 5254 3077 5298 sua
3106 5231 3399 5296 relatione
3418 5229 3655 5293 dicatur

2108 5334 2240 5396 sine
2274 5332 2678 5395 Sacramentis
2703 5331 2946 5406 obiisse,
2976 5337 3162 5410 utque
3183 5325 3332 5389 haec
3357 5324 3432 5386 de
3456 5322 3655 5385 medlo

2072 5456 2073 5461 κ
2112 5426 2406 5490 tollantur
2439 5425 2956 5500 inconvenientia,
2994 5421 3233 5486 Incolae
3260 5418 3375 5484 loci
3431 5416 3655 5479 Benin-
