4393 6299
1711 463 2176 536 Quassrto
2228 473 2449 525 ccxxx.

455 639 554 696 ao,
584 619 801 694 infert,
828 627 999 684 actus
1030 638 1269 689 omnes,
1301 619 1377 681 de
1409 619 1635 701 quibus
1664 620 1727 681 in
1764 620 1996 691 dubiis,

453 712 588 777 fleri
617 713 836 776 debere
861 733 895 776 a
924 713 1103 775 Curia
1134 713 1478 775 Pistoriensi
1498 759 1514 785 ,
1544 735 1679 775 cum
1707 716 1780 775 ad
1816 716 2002 778 luris·

452 809 820 883 dictionem,
863 817 924 871 et
961 808 1326 890 Dignitatem
1371 810 1778 888 Episcopalem
1820 812 2000 888 perti-

453 912 670 972 neant,
704 922 810 965 nec
848 922 1117 982 unquam
1158 902 1367 963 referri
1406 903 1631 981 possint
1674 906 1747 965 ad
1781 904 1999 967 lineam

449 997 696 1060 illorum
731 1009 1007 1073 actuum,
1051 1000 1159 1079 qui
1204 998 1615 1082 principaliter
1654 998 2002 1081 diriguntur
2113 1054 2118 1059 .

452 1093 530 1157 ad
560 1094 780 1156 Curam
815 1095 1206 1169 Animarum,
1248 1104 1307 1158 et
1347 1097 1868 1158 Sacramentornm
1900 1099 2000 1160 ad·

452 1187 957 1251 ministrationem
978 1237 992 1258 ,
1017 1189 1247 1271 quique
1275 1189 1383 1250 soli
1417 1190 1477 1250 in
1510 1192 1716 1253 Laudo
1737 1195 1865 1273 jam
1891 1213 1998 1275 ap·

447 1285 705 1364 probato
728 1293 870 1346 sunt
898 1285 1179 1346 reservati
1210 1285 1504 1364 Episcopo
1535 1287 1826 1348 Pratensi.

566 1380 619 1440 E
636 1389 846 1440 contra
859 1379 1204 1458 Capitulum
1220 1380 1501 1442 Pratense
1516 1382 1789 1454 sustinet,
1807 1393 1994 1456 actus,

447 1471 525 1534 de
551 1471 778 1552 quibus
807 1472 872 1533 in
906 1472 1141 1544 dubiis,
1174 1492 1210 1534 a
1239 1473 1420 1535 Curia
1450 1474 1718 1536 Pratensi
1748 1497 1873 1537 esse
1902 1498 2000 1538 ex·

449 1565 792 1647 plicandos,
824 1587 894 1628 eo
923 1568 1243 1646 praecipue
1275 1568 1389 1629 sub
1413 1571 1661 1630 obtentu
1681 1615 1697 1638 ,
1727 1571 1886 1649 quod
1917 1572 1998 1631 si-

447 1661 570 1724 cuti
617 1671 987 1723 reservatum
1017 1672 1102 1722 est
1135 1662 1427 1743 Episcopo
1475 1664 1741 1724 Pratensi
1764 1667 1865 1746 jus
1891 1685 1998 1745 ap·

445 1755 777 1835 probandi,
808 1763 867 1816 et
894 1755 1244 1815 instituendi
1279 1756 1610 1828 Parocbos,
1640 1758 1999 1838 eosdemque

446 1848 779 1928 puniendi,
822 1848 1058 1928 quoties
1101 1849 1463 1928 delinquunt
1507 1849 1567 1910 in
1611 1851 1992 1914 administra·

446 1941 614 2004 tione
634 1944 827 2004 Curae
847 1943 1204 2004 Animarum
1221 1989 1237 2015 ,
1261 1954 1319 2004 et
1340 1944 1512 2004 sicuti
1541 1945 1829 2024 Episcopo
1853 1948 1994 2007 Pra-

444 2036 598 2099 tensi
625 2048 919 2098 reservata
944 2045 1084 2097 sunt
1105 2057 1198 2108 ea,
1222 2057 1379 2116 quae
1397 2038 1617 2099 Curam
1640 2041 1994 2101 Animarum

442 2128 813 2208 respiciunt,
857 2137 916 2190 et
958 2130 1482 2192 Sat-ramentorum
1524 2133 1994 2194 administratio-

443 2242 618 2295 nem,
653 2223 850 2303 quoad
884 2223 1179 2302 Populum
1208 2225 1543 2308 subjectum
1582 2227 1889 2287 Parocbiis
1932 2228 1992 2288 in

442 2317 698 2379 Civitate
739 2317 1167 2390 existentibus,
1205 2319 1340 2382 licet
1384 2328 1554 2380 extra
1596 2339 1800 2380 muros
1841 2321 1991 2382 Civi-

443 2411 583 2473 tatis
627 2410 1046 2483 habitantem,
1097 2412 1182 2474 sic
1231 2413 1410 2474 etiam
1459 2413 1677 2475 Curiae
1725 2414 1992 2476 Pratensi

442 2505 737 2566 censenda
772 2504 883 2565 erit
919 2515 1219 2565 reservata
1256 2506 1577 2584 explicatio
1612 2515 1887 2578 actuum,
1923 2509 1997 2568 (le

441 2598 668 2678 quibus
701 2599 765 2658 in
815 2599 1052 2670 dubiis,
1094 2609 1298 2677 utpote
1339 2599 1682 2661 virtualiter
1722 2622 1992 2680 compre·

444 2692 769 2755 hensorum
799 2695 915 2754 sub
941 2694 1301 2755 Animarum
1338 2693 1527 2764 Cura,
1559 2704 1616 2756 et
1644 2695 1993 2758 Sacramen-

442 2794 642 2848 tornm
683 2786 1236 2858 administratione,
1283 2797 1343 2847 et
1383 2786 1665 2849 facultate
1698 2789 1995 2851 Parocbos

442 2881 785 2962 puniendi
769 2901 831 2941 tn
860 2881 1035 2942 dictis
1060 2881 1239 2942 rebus
1267 2880 1702 2960 delinquentes.

557 2974 708 3036 Jura
739 2974 1281 3043 circumferuntur,
1314 2975 1594 3053 quocirca
1625 2977 1971 3054 quaeritur:

558 3066 611 3127 1.
640 3066 738 3127 An
763 3086 1001 3128 eoeamm
1031 3066 1307 3138 Tertium,
1333 3071 1588 3128 executio
1614 3069 1990 3148 Dispensatto·

442 3182 613 3233 num,
645 3172 696 3224 et
738 3165 995 3240 reliqua,
1031 3183 1176 3240 quae
1215 3175 1550 3224 concernunt
1591 3164 1638 3224 C
1639 3184 1808 3225 ausas
1850 3165 1990 3226 Ma-

435 3258 785 3318 trimoniales
829 3257 1015 3334 quoad
1064 3258 1215 3325 loca,
1262 3267 1311 3316 et
1355 3277 1649 3335 personas,
1684 3260 1748 3318 de
1790 3260 1991 3336 quibus

440 3351 668 3428 πρίζων,
690 3359 928 3429 spectent
945 3351 1223 3425 privative
1239 3350 1316 3409 ad
1336 3347 1579 3411 Curiam
1600 3350 1657 3410 E
1654 3353 1989 3431 piscopaiem

439 3441 748 3503 Pistorien.
781 3443 868 3502 net
894 3440 1129 3503 Praten.
1165 3444 1227 3501 in
1253 3463 1388 3502 casu
1415 3455 1516 3504 etc.

554 3535 638 3598 11.
673 3536 769 3596 An
807 3535 1026 3597 Causae
1062 3555 1229 3615 super
1257 3535 1487 3610 Quarta
1524 3537 1906 3614 funerathum
1938 3551 1989 3600 et

3375 482 3480 538 2145

2567 626 2927 701 QUAESTIO
2972 633 3207 698 CCXX.

2256 850 2327 913 In
2362 853 2554 921 Causa
2582 858 2872 922 leodiensi
2901 862 3266 941 Professionis
3286 916 3303 939 ,
3329 870 3419 932 die
3445 875 3504 933 2.

2650 953 2900 1034 Auqusti
2931 962 3105 1020 172¹.

2112 1122 2430 1242 Summus
2475 1183 2749 1247 Pontifex
2796 1188 3069 1252 Clemens
3115 1192 3374 1255 Octavus
3414 1197 3504 1258 die
3554 1204 3647 1261 ta.

2104 1269 2323 1332 Martii
2346 1279 2519 1338 1596.
2541 1281 2825 1353 sancivit,
2852 1284 3237 1348 utOrdinum
3263 1290 3654 1370 Regularium

2106 1364 2457 1444 Superiores
2493 1391 2529 1432 a
2558 1376 2894 1453 receptione
2919 1398 3442 1462 quorumcumque
3468 1385 3651 1448 Novi-

2110 1458 2331 1521 tiorum
2363 1463 2490 1525 sive
2517 1467 2591 1527 ad
2623 1467 2931 1543 habitum,
2960 1473 3087 1534 sive
3118 1475 3193 1536 ad
3224 1475 3651 1583 professionem

2106 1556 2358 1618 omnino
2396 1559 2801 1636 abstinerent,
2833 1566 2949 1627 nisi
3003 1565 3174 1630 fieret
3222 1569 3283 1630 in
3330 1570 3653 1636 Conventi-

2110 1648 2222 1710 bus
2247 1654 2569 1731 apostolica
2610 1658 2964 1721 auctoritate
3005 1661 3066 1721 in
3119 1682 3485 1744 unaquaque
3515 1666 3652 1729 Pro·

2108 1740 2305 1805 vincia
2356 1747 2779 1826 designandis,
2832 1761 2891 1813 et
2939 1753 3027 1813 ‹lie
3083 1759 3178 1815 20.
3232 1760 3432 1818 mensis
3481 1758 3656 1822 Junii

2114 1840 2287 1898 1599.
2319 1839 2614 1915 decrevit,
2648 1864 2720 1904 ne
2750 1857 2921 1906 extra
2949 1847 3008 1907 d.
3050 1847 3389 1912 Conventus
3428 1852 3650 1914 Novitii

2103 1944 2478 1996 assumerent
2523 1934 2833 2009 habitum,
2864 1949 2968 2002 aut
3012 1941 3435 2020 professionem
3475 1948 3652 2010 emit-

2108 2033 2302 2088 terent
2339 2029 2453 2089 sub
2491 2032 2738 2094 obtentu
2776 2034 2955 2094 etiam
2996 2040 3428 2117 cujuscumque
3468 2039 3652 2104 liceu-

2106 2117 2224 2192 tiae
2257 2120 2642 2201 impetratae,
2681 2126 2774 2188 vel
2820 2127 3261 2206 impetrandae,
3298 2131 3409 2191 nisi
3450 2134 3524 2195 de
3549 2153 3650 2197 ea-

2101 2212 2238 2273 dem
2265 2225 2558 2280 constaret
2589 2240 2693 2298 per
2722 2219 2949 2282 litteras
2991 2223 3343 2301 apostolicas
3369 2225 3431 2285 in
3457 2225 3651 2292 forma

2103 2306 2343 2380 Brevis,
2395 2310 2671 2390 imposita
2713 2313 2872 2373 ultra
2912 2314 3063 2375 alias
3106 2335 3324 2394 poenas
3357 2318 3654 2384 nullitatis

2105 2421 2295 2481 poena
2340 2412 2461 2465 tam
2508 2408 2706 2485 quoad
2751 2409 3179 2488 receptionem,
3225 2430 3409 2490 quam
3450 2415 3647 2493 quoad

2106 2496 2556 2575 professionem,
2586 2520 2743 2580 quae
2770 2511 2977 2564 contra
3006 2503 3223 2565 decreti
3257 2516 3522 2568 tenorem
3552 2507 3652 2570 fie-

2104 2601 2272 2661 rent,
2309 2601 2368 2654 et
2409 2603 2607 2656 secuta
2652 2595 2868 2657 deindo
2909 2597 3325 2659 Conventuum
3374 2601 3650 2680 designa-

2105 2689 2298 2757 tione,
2333 2699 2695 2749 memoratns
2720 2690 2994 2752 Pontifex
3036 2693 3124 2752 die
3155 2693 3442 2772 19.7Maji
3472 2700 3646 2758 1602.

2103 2781 2370 2854 addidit,
2415 2783 2576 2862 quod
2608 2784 2829 2846 Novitii
2873 2785 2947 2846 ad
2990 2785 3266 2847 habitum
3298 2788 3481 2868 recipi
3530 2809 3651 2853 non

2100 2883 2371 2953 possent,
2406 2876 2516 2935 nisi
2549 2876 2801 2939 fuissent
2825 2880 3175 2958 approbati,
3207 2889 3311 2941 aut
3339 2901 3373 2942 a
3396 2881 3653 2963 Congre-

2100 2968 2344 3049 gatione
2372 2970 2836 3033 Reformationis
2867 2974 3268 3052 Apostolicae‚
3296 2983 3399 3036 aut
3426 2994 3461 3037 a
3492 2976 3649 3042 tuco-

2099 3083 2240 3125 rum
2294 3065 2679 3140 Ordinariis,
2733 3067 2820 3141 uti
2872 3066 3053 3128 latius
3106 3067 3295 3128 videri
3351 3078 3540 3148 potest
3585 3075 3650 3138 in

2102 3159 2344 3221 Constit.
2380 3168 2479 3222 83.
2520 3162 2577 3222 d.
2613 3161 2913 3223 Clementis
2951 3160 3154 3222 Octavi
3183 3162 3347 3223 Butt.
3383 3175 3514 3225 torn.
3549 3170 3647 3237 3„

2218 3256 2265 3316 F
2272 3266 2486 3317 uerunt
2522 3256 2667 3317 haec
2696 3257 2928 3316 decreta
2959 3256 3311 3318 confirmata
3339 3278 3373 3320 a
3400 3259 3653 3323 Summo

2098 3349 2387 3410 Pontifice
2418 3349 2659 3411 Urbano
2690 3348 2946 3421 Octavo,
2981 3349 3088 3427 qui
3115 3350 3293 3428 justis
3339 3350 3647 3413 nibilomi-

2097 3459 2211 3502 nus
2233 3441 2307 3502 de
2330 3442 2553 3513 causis,
2580 3441 2906 3522 Regulares
2927 3440 3184 3502 absolvit
3206 3462 3240 3504 a
3266 3444 3650 3513 Novitiorum

2097 3534 2565 3613 approbatione,
2619 3554 2776 3614 quae
2828 3537 2901 3597 ad
2962 3537 3230 3599 tramites
3268 3540 3649 3613 decretorum

440 3629 804 3692 Decimarum
830 3630 1016 3709 quoad
1058 3632 1248 3690 eadem
1291 3632 1443 3702 loca,
1473 3644 1520 3690 et
1552 3631 1828 3694 Personas
1865 3655 1985 3713 spe·
2094 3627 2415 3691 Clementis
2442 3630 2686 3702 Octavi,
2714 3631 2799 3691 uti
2824 3631 3049 3693 dictum
3075 3642 3193 3700 est,
3229 3633 3359 3697 fieri
3390 3635 3649 3723 debebat

437 3727 686 3787 etentad
719 3723 962 3786 Curiam
994 3723 1386 3804 Episcopatem
1413 3723 1719 3787 Pistorien.
1750 3731 1863 3788 sies
1893 3748 1986 3808 po-
2091 3742 2126 3785 a
2185 3725 2659 3805 Congrogatione
2713 3722 3177 3785 Reformationis
3229 3729 3649 3807 Apostolioae„

436 3824 553 3883 tius
588 3820 822 3880 Praten.

554 3913 669 3975 111.
700 3914 796 3972 An
843 3909 1063 3971 Causae
1096 3931 1264 3990 super
1300 3914 1592 3991 punitione
1628 3912 1985 3977 concubina-

433 4010 686 4078 riorum,
709 4018 767 4073 ‚st
793 4007 1236 4083 delinquentium
1264 4007 1326 4064 in
1364 4008 1524 4067 rebus
1554 4007 1713 4067 Fidei
1746 4019 1797 4067 et
1823 4012 1982 4069 simi-

437 4103 613 4171 lium,
643 4110 810 4180 prout
851 4100 1021 4159 etiam
1066 4118 1234 4176 super
1261 4100 1496 4159 illorum
1532 4104 1980 4162 excommunica-

432 4198 613 4267 tione,
655 4206 705 4255 et
747 4194 1039 4273 respective
1082 4195 1533 4255 reconciliatione
1579 4196 1764 4271 quoad
1797 4198 1983 4257 eadem

433 4292 585 4362 loca,
635 4299 685 4349 et
727 4287 1005 4348 Personas
1038 4296 1275 4365 spectent
1321 4290 1598 4365 prwative
1637 4290 1712 4350 ad
1741 4288 1982 4352 Curiam

430 4383 736 4447 Pistorien.
767 4383 878 4441 sive
901 4383 1087 4461 potius
1118 4378 1355 4441 Praten.

481 4524 484 4527 -
544 4476 651 4538 IV.
694 4475 791 4535 An
829 4474 1161 4553 approbatio
1199 4471 1681 4550 Confessariorum
1723 4495 1827 4555 pro
1869 4499 1980 4539 (ω-

426 4573 645 4634 diendis
671 4568 1098 4647 confessionibus
1137 4568 1203 4625 in
1229 4569 1529 4645 praedictis
1567 4570 1696 4627 locis
1714 4614 1730 4640 ,
1762 4571 1826 4629 de
1852 4575 1976 4649 qui-

2094 3817 2188 3877 vel
2234 3819 2312 3879 ab
2340 3818 2713 3892 Ordinariis,
2762 3821 2846 3879 uti
2889 3818 3001 3897 legi
3043 3829 3227 3898 potest
3272 3821 3332 3881 in
3375 3824 3641 3903 ejusdem

2095 3910 2323 3972 Urbani
2372 3910 2783 3972 Constitutione
2821 3917 2917 3973 28.
2959 3913 3023 3994 §.
3071 3919 3127 3973 2.
3181 3915 3343 3974 Butt.
3393 3928 3533 3985 tom„
3579 3925 3649 3983 δ’(

2094 4005 2374 4086 idemque
2423 4005 2727 4079 Pontifex,
2768 4007 2875 4084 qui
2912 4008 3159 4068 relatam
3188 4008 3457 4070 ediderat
3484 4011 3651 4079 Con„

2092 4102 2464 4164 stitutionem
2507 4102 2597 4163 die
2630 4105 2720 4161 19.
2757 4100 2973 4161 Martii
3018 4108 3227 4172 1003„
3256 4122 3480 4182 operae
3506 4126 3645 4185 preq

2092 4195 2244 4258 tium
2281 4214 2409 4255 esse
2440 4193 2669 4254 censuit
2716 4196 2802 4252 die
2830 4199 2888 4253 2.
2935 4197 3155 4273 Aprilis
3205 4201 3375 4257 1631.
3421 4218 3641 4263 novam

2091 4288 2279 4365 legem
2319 4285 2511 4347 facere
2538 4331 2555 4359 ,
2602 4286 2663 4346 in
2708 4306 2830 4365 qua
2874 4288 3107 4361 voluit,
3148 4291 3307 4368 qnod
3356 4292 3649 4372 Religiosi·

2086 4380 2211 4451 illi,
2245 4380 2350 4459 qui
2389 4380 2464 4439 ad
2508 4379 2782 4440 habitum
2822 4381 3176 4461 Regularem
3205 4386 3489 4446 canonice
3528 4388 3639 4449 ad-

2087 4473 2284 4547 missi,
2308 4492 2536 4533 annum
2568 4473 2938 4551 probationis
2967 4473 3227 4535 fecerant
3257 4475 3315 4534 in
3341 4477 3636 4542 Monaste-

2084 4568 2193 4629 riis
2235 4567 2311 4628 ad
2352 4567 2411 4628 id
2443 4566 2947 4647 nonkdesignatiS,
2978 4575 3037 4627 et
3065 4567 3486 4646 professionem
3529 4592 3637 4634 su...

426 4669 525 4729 bus
554 4667 783 4744 ayitur,
819 4673 1014 4741 spectet
1042 4662 1118 4723 ad
1151 4660 1492 4741 Episcopum
1520 4665 1609 4723 uti
1634 4663 1978 4745 Episcopum
2085 4661 2269 4723 binde
2290 4662 2642 4734 emiserant,
2667 4661 3127 4725 admitterentur
3150 4663 3223 4722 ad
3250 4682 3467 4725 novam
3499 4686 3643 4745 pro-,

423 4761 855 4829 Pistoriensem,
883 4758 997 4816 sive
1019 4758 1204 4835 potius
1237 4755 1470 4816 Protea.

1979 4790 1980 4793 ¹
2082 4755 2419 4827 sessionem,
2440 4756 2692 4817 servatis
2711 4755 2851 4817 aliis
2863 4755 3193 4828 servandiS,
3214 4756 3637 4834 emittendam,

447 4880 524 4915 ‚w
549 4852 617 4915 V.
643 4852 739 4912 An
759 4850 1068 4912 Ordinatio
1091 4848 1439 4909 clericorum
1467 4851 1531 4908 in
1555 4853 1862 4929 praedictis
1892 4856 1973 4913 lo·
2079 4850 2178 4910 sed
2210 4850 2437 4928 absque
2463 4868 2617 4909 novo
2640 4848 3011 4927 probationis
3032 4868 3190 4910 anno
3208 4894 3224 4921 ,
3251 4851 3336 4911 uti
3369 4850 3631 4914 babetur

421 4951 504 5012 eia
540 4956 739 5030 spectet
779 4946 854 5006 ad
880 4944 1255 5023 Episcopum,
1291 4946 1381 5003 uti
1407 4943 1753 5023 Episcopum
1782 4946 1971 5009 Pisto·
2082 4942 2322 5004 Constit.
2356 4946 2525 5002 1406.
2553 4942 2723 5003 Butt.
2749 4956 2877 5003 tom.
2907 4949 2992 5014 5.,
3013 4952 3069 5004 et
3094 4944 3165 5005 ad
3190 4947 3635 5017 occurrendum¹

420 5047 567 5107 rien.
598 5043 685 5104 vel
703 5042 889 5121 potius
915 5040 1006 5098 uti
1031 5036 1373 5118 Episcopum
1405 5036 1643 5099 Praten.
1699 5096 1702 5099 ,
1821 5072 1828 5105 J
1873 5086 1878 5101 .

487 5238 1254 5312 ·&uoe.congr.dtea.1unti
1283 5240 1780 5311 fflss-respendit·
1853 5254 1858 5291 ῑ

439 5362 462 5383 .-

415 5418 718 5481 Mam

2041 5116 2042 5119 Ἴ
2082 5036 2371 5107 motibus,
2405 5036 2509 5116 qui
2556 5047 2829 5116 poterant
2872 5037 2933 5098 iu
2963 5037 3377 5117 Religionibus
3413 5059 3639 5113 occur-1

2078 5150 2243 5203 rere,
2267 5130 2574 5193 occasione
2602 5131 2954 5210 receptionis
2976 5132 3387 5204 Novitiorum,
3409 5143 3641 5214 etpro-2

2078 5225 2350 5287 fessionis
2393 5245 2496 5304 per
2539 5245 2640 5287 eos
2673 5226 2922 5287 emissae
2952 5226 3014 5287 in
3049 5225 3457 5288 Conventibus
3499 5250 3625 5293 non

609 5334 1096 5405 Baproponasur
1146 5330 1323 5385 Causa
1367 5346 1534 5457 super
1579 5331 1976 5403 approbatione
2077 5320 2437 5402 designatis,
2467 5321 2543 5381 de
2567 5319 2815 5380 consilio
2846 5319 3093 5402 hujusce
3117 5319 3247 5381 Sac.
3281 5319 3631 5405 Congrega-.

1247 5428 1254 5453 ³
1825 5494 1836 5503 ,
1919 5444 1950 5483 ,¹
2069 5413 2292 5490 tionis,
2331 5413 2689 5493 declaravit,
2724 5414 2887 5497 quod
2927 5414 3252 5499 allegantes
3279 5414 3635 5487 nullitate&
