4393 6299
1605 495 2067 569 Qulsss‘rto
2126 494 2441 551 cccxx-

531 656 801 720 Primum
824 652 1032 735 itaque
1052 658 1233 733 caput
1255 648 1667 714 instructionis
1697 650 1815 713 fuit
1832 699 1850 723 ,
1885 658 1956 714 ut

425 751 753 832 Episcopus
778 745 1172 818 informaret,
1230 763 1307 806 an
1357 743 1555 806 adhuc
1583 744 1863 806 existeret
1891 743 1984 805 in*

418 843 675 908 Civitate
696 841 1095 904 Volaterrana
1116 835 1447 919 Collegium
1484 837 1797 899 duodecim
1822 835 1956 901 Cle-

421 955 688 1001 ricorum
712 978 730 996 .

535 1028 903 1102 Secundum,
919 1045 999 1090 an
1018 1025 1082 1088 in
1108 1024 1423 1108 hypothesi
1447 1025 1797 1089 existentiae
1817 1024 1957 1088 dicti

422 1123 675 1205 Collegii
710 1120 1010 1185 Beneficia
1040 1119 1429 1183 contribuant
1455 1139 1564 1201 pro
1588 1122 1717 1202 ejus
1744 1138 1958 1183 manu-

419 1217 685 1282 tentione
703 1260 722 1277 .

540 1311 838 1385 Tertium,
867 1327 947 1373 an
997 1309 1333 1390 reperiatur
1390 1316 1654 1372 erectum
1696 1307 1961 1371 Semina·

426 1405 589 1468 rium
638 1405 1007 1469 clericorum
1056 1403 1122 1464 in
1165 1402 1422 1466 Civitate
1446 1401 1840 1466 Volaterrana
1882 1403 1959 1466 ad

426 1499 696 1564 tramites
722 1498 786 1560 S.
812 1497 1062 1560 Concilii
1080 1496 1417 1559 Tridentini
1440 1540 1458 1558 .
1746 1491 1751 1498 ’

541 1593 868 1668 Quartum,
900 1610 978 1654 an
1000 1590 1328 1671 supposito,
1354 1592 1516 1672 quod
1556 1590 1962 1672 Seminarium

432 1686 513 1750 sit
555 1692 859 1758 erectum,
905 1683 1117 1748 Clerici
1145 1683 1210 1745 in
1236 1683 1390 1754 illud
1415 1685 1633 1766 recepti
1661 1684 1870 1748 vivant
1897 1683 1962 1745 in

431 1779 643 1842 eadem
665 1780 864 1851 domo,
907 1776 1131 1858 quibus
1153 1777 1369 1839 studiis
1402 1789 1635 1853 vacent,
1666 1796 1745 1840 an
1770 1776 1964 1858 aliqui

424 1873 588 1936 inter
609 1873 769 1952 ipsos
782 1870 967 1954 gratis
980 1870 1246 1945 alantur,
1257 1881 1318 1934 et
1329 1870 1510 1952 quale
1525 1872 1603 1934 sit
1623 1872 1959 1948 servitium,

425 1967 590 2048 quod
609 1966 691 2040 ab
712 1965 797 2027 eis
821 1972 1155 2046 praestatur
1180 1964 1478 2028 Ecclesiae
1500 1965 1839 2030 Cathedrali
1859 2010 1878 2029 .

553 2060 875 2135 Quintum,
913 2060 1112 2122 curin
1136 2060 1374 2122 decreto
1393 2061 1545 2122 ‘anni
1582 2065 1754 2123 1717.
1785 2069 1969 2124 statu-

428 2164 562 2217 tum
582 2154 681 2228 sit,
716 2153 876 2235 quod
900 2160 1030 2214 octo
1055 2151 1270 2215 Clerici
1293 2153 1378 2216 sic
1409 2152 1731 2235 eligantur,
1753 2162 1820 2215 ut
1845 2155 1967 2218 duo

436 2250 518 2313 ab
545 2249 674 2330 ipso
696 2248 1009 2329 Episcopo,
1042 2246 1194 2309 alter
1212 2266 1247 2310 a
1274 2247 1572 2328 Capitulo,
1604 2248 1756 2311 alter
1778 2269 1814 2312 a
1834 2249 1966 2312 Cle-

431 2362 525 2418 ro,
558 2353 619 2406 et
645 2343 866 2424 reliqui
889 2361 924 2404 a
955 2342 1398 2404 Communitate
1426 2343 1844 2406 nominentur.

550 2438 797 2500 Sextum
844 2436 1126 2517 denique,
1161 2453 1283 2516 qua
1313 2436 1388 2498 de
1430 2456 1610 2499 causa
1650 2439 1716 2499 in
1759 2438 1970 2502 eodem

430 2532 666 2595 decreto
712 2539 1003 2595 stannum
1048 2530 1159 2604 sit,
1207 2530 1372 2612 quod
1417 2530 1665 2605 Clerici,
1714 2533 1821 2614 qui
1863 2552 1971 2615 per

434 2635 672 2708 tempus
717 2626 1181 2688 determinatum
1239 2625 1626 2688 inservierint
1674 2627 1970 2690 Ecclesiae

441 2720 643 2783 Sancti
667 2719 1035 2792 Geminiani,
1065 2720 1348 2783 fruantur
1370 2721 1725 2804 privilegiis,
1749 2721 1972 2802 quibus

436 2814 727 2878 fruuntur
740 2814 858 2889 illi,
873 2815 979 2896 qui
995 2816 1057 2876 in
1080 2814 1486 2877 Seminarium
1505 2805 1970 2878 Volaterranum

438 2910 837 2990 recipiuntur,
866 2918 926 2971 et
944 2927 1105 2990 quae
1129 2909 1250 2970 sint
1283 2909 1430 2971 haec
1465 2909 1782 2992 privilegia
1805 2953 1823 2970 .

554 3003 914 3085 Supervenit
935 3003 1239 3084 responsio
1249 3004 1550 3086 Episcopi,
1576 3004 1855 3085 quocirca
1876 3003 1973 3066 die

439 3102 539 3161 29.
574 3097 1048 3162 Januarii1724.
1080 3098 1452 3180 reproposito
1471 3098 1692 3161 dubio.

553 3191 650 3253 An
682 3193 959 3254 decretum
990 3192 1261 3273 Episcopi
1311 3193 1426 3253 diei
1454 3196 1552 3263 20.
1603 3192 1765 3272 Majn·
1792 3197 1964 3256 1717.

436 3287 622 3367 quoad
649 3285 1039 3349 seminudum
1059 3284 1131 3348 S.
1161 3283 1492 3349 Geminium·
1516 3289 1865 3350 unimur
1910 3289 1974 3348 in

435 3400 570 3443 casu
591 3389 692 3442 etc.

542 3585 695 3639 Sacra
719 3585 918 3654 Congr.
948 3583 1037 3637 die
1065 3585 1151 3655 10.
1175 3584 1319 3640 Junii
1351 3583 1514 3637 nst.
1551 3583 1860 3653 responditz

573 3676 576 3679 '
615 3670 973 3741 Affirmatioe
987 3671 1162 3741 juxta
1211 3670 1431 3724 modum
1448 3709 1464 3735 ,
1490 3684 1543 3724 et
1566 3672 1761 3725 modus
1787 3684 1882 3737 est,
1918 3682 1980 3725 ut

415 3758 601 3831 firmo
627 3772 940 3813 remanente
971 3760 1214 3829 collegio
1242 3762 1295 3813 S.
1348 3759 1670 3813 Geminiani
1676 3760 1851 3829 juxta
1870 3772 1979 3814 sta·

439 3860 553 3903 tum
577 3849 881 3917 antiquum,
913 3846 1156 3917 eefirma
1187 3858 1498 3902 remanente
1525 3848 1735 3916 integra
1757 3848 1983 3903 solutio·

440 3954 507 3989 ne
531 3950 720 4002 laxae,
749 3955 890 4005 quae
916 3935 1077 3999 modo
1096 3937 1330 3989 solvitur
1350 3954 1387 3988 a
1411 3934 1694 4003 beneficiis
1719 3940 1769 3989 S.
1804 3935 1983 3989 Gemi-

435 4025 610 4091 m'am‘,
657 4025 902 4078 solonem·
943 4023 1128 4075 eodem
1169 4022 1473 4077 seminario
1516 4025 1876 4077 Volaterrano
1913 4041 1981 4076 ea

430 4130 663 4177 summa,
690 4130 829 4180 quae
876 4111 1048 4164 eidem
1071 4114 1399 4178 persolvitur
1422 4129 1456 4163 a
1492 4110 1721 4164 caeteris
1769 4108 1981 4179 Benefi-

333 4210 342 4219 ‘
433 4199 538 4253 ciis
564 4199 863 4265 Dioecesis,
891 4212 941 4251 ee
968 4200 1234 4268 reliquum
1258 4200 1505 4252 solvatur
1533 4198 1772 4268 Collegio
1799 4202 1848 4254 S.
1884 4201 1980 4252 Ge-

434 4285 675 4339 minium·
686 4325 698 4338 .

841 4506 1199 4584 QUAESTIO
1258 4507 1574 4570 chxxt.

517 4723 591 4783 In
620 4719 813 4784 Causa
841 4722 1261 4803 Aquipendensi
1282 4770 1300 4793 ,
1331 4722 1420 4783 dis
1447 4724 1506 4782 4.
1536 4720 1694 4784 lutea·
1722 4726 1894 4783 1722.

440 4918 572 5037 Ad
615 4972 960 5054 Cappellam
988 4973 1049 5035 S.
1083 4970 1281 5035 Caroli
1308 4976 1566 5034 erectam
1605 4971 1668 5032 in
1721 4972 1984 5034 Ecclesia

441 5067 511 5128 B.
545 5066 773 5129 Mariae
796 5065 1068 5148 Virginis
1097 5066 1193 5127 del
1220 5064 1375 5126 Tufo
1407 5073 1575 5126 extra
1600 5066 1846 5126 Terram
1873 5066 1985 5127 Ca-

441 5158 571 5220 nini
605 5158 986 5239 pertinebant
1012 5156 1236 5241 gemini
1269 5158 1491 5219 Census
1514 5202 1529 5228 ,
1561 5157 1713 5218 alter
1733 5158 1796 5217 in
1825 5167 1984 5218 sorte

441 5259 590 5314 scut.
625 5258 763 5313 700.
794 5251 946 5314 alter
980 5252 1045 5313 in
1064 5259 1224 5314 sorte
1245 5259 1392 5313 scut.
1429 5255 1562 5313 100.
1593 5250 1667 5312 ad
1690 5250 1987 5312 rationem

440 5356 572 5408 octo
603 5366 712 5427 pro
737 5346 1007 5428 quolibet
1036 5344 1378 5408 centenario
1402 5389 1419 5416 ,
1468 5353 1528 5406 et
1572 5363 1778 5417 anno;
1815 5364 1985 5405 cum-

441 5458 563 5527 que
590 5443 873 5505 interesse
897 5440 1080 5502 nimis
1106 5458 1291 5521 grave
1310 5439 1639 5513 videretur,
1673 5438 1988 5519 Philippus

3314 500 3414 555 ³5¹

2058 647 2133 710 de
2159 644 2547 721 Defendinis,
2585 645 2691 728 qui
2718 647 2954 711 debitor
2983 658 3114 712 erat
3140 649 3243 712 dd.
3277 650 3600 729 Censunm,

2058 760 2275 822 operae
2303 740 2559 821 pretium
2580 759 2705 802 esse
2727 742 3094 805 existimavit
3121 742 3434 825 imponere
3455 746 3607 809 Cen·

2059 855 2191 896 sum
2263 843 2414 897 scut.
2489 839 2627 896 600.
2687 835 2898 899 favore
2943 838 3186 900 Mensae
3240 840 3609 921 Episcopalis

2061 930 2402 1010 Aquipend.
2452 929 2526 990 ad
2562 930 2856 991 rationem
2886 932 3160 1013 quinque
3192 954 3301 1014 pro
3332 947 3612 1001 centena-

2063 1023 2190 1097 rio,
2221 1031 2281 1085 et
2313 1041 2503 1097 anno,
2533 1031 2589 1084 et
2623 1026 2907 1104 pecunias
2928 1029 3233 1112 censuales
3268 1049 3518 1113 erogare
3543 1033 3609 1095 in

2063 1117 2487 1181 extinctionem
2507 1118 2750 1180 secundi
2772 1119 3016 1195 Census,
3047 1132 3104 1185 et
3137 1124 3419 1187 intrantis
3445 1134 3614 1189 ratae

2064 1212 2280 1294 primi,
2309 1211 2415 1295 qui
2445 1221 2512 1274 ut
2544 1213 2769 1276 dictum
2801 1225 2890 1278 est
2918 1217 2993 1278 ad
3031 1219 3374 1299 Cappellam
3408 1219 3470 1282 S.
3500 1221 3612 1283 Ca-

2065 1305 2180 1370 roli
2208 1307 2586 1387 spectabant,
2614 1307 2891 1392 factoque
2919 1313 3308 1392 pecuniarum
3345 1315 3612 1397 deposito

2064 1401 2129 1463 in
2161 1402 2440 1464 mnibus
2471 1403 2721 1466 Joannis
2746 1406 3024 1470 Andreae
3050 1408 3502 1489 deSeraphinis
3534 1412 3611 1474 ad

2066 1497 2339 1561 effectum
2385 1496 2521 1560 illas
2570 1499 2996 1563 reinvestiendi
3025 1547 3044 1575 ,
3093 1501 3429 1566 Canonicus
3467 1507 3614 1569 Ber-

2068 1590 2363 1655 nardinus
2373 1592 2686 1655 Bizzarrus
2707 1601 2850 1657 tunc
2870 1596 3154 1678 temporis
3172 1596 3490 1679 Cappellae
3507 1603 3616 1663 Re-

2069 1695 2229 1762 ctor,
2262 1686 2457 1749 eidem
2486 1686 2770 1778 Philippo
2794 1688 3133 1758 Defendino
3152 1692 3406 1774 antiquo
3433 1696 3618 1759 Debi-

2072 1780 2187 1842 tori
2216 1826 2237 1857 ,
2262 1815 2266 1819 Δ
2296 1780 2579 1861 pecunias
2632 1781 2721 1844 uti
2775 1782 3002 1845 dictum
3061 1795 3149 1849 est
3178 1833 3197 1861 ,
3259 1786 3618 1869 depositatas

2070 1872 2235 1940 dedit
2279 1875 2358 1937 ad
2405 1894 2650 1937 censum
2707 1874 2784 1938 ad
2833 1877 3127 1940 rationem
3193 1880 3466 1962 quinque
3506 1903 3619 1964 pro

2071 1969 2343 2048 quolibet
2368 1970 2713 2034 centenario
2748 2015 2766 2044 ,
2810 1980 2870 2034 et
2915 1990 3119 2047 anno,
3161 1974 3367 2036 animo
3408 1977 3624 2039 subin·

2071 2064 2271 2127 trandi
2297 2065 2357 2124 in
2374 2064 2619 2145 juribus
2638 2067 3027 2145 quorundam
3049 2068 3312 2130 aliorum
3330 2091 3621 2135 censuum

2071 2156 2223 2219 alios
2268 2158 2686 2239 impositorum
2732 2180 2838 2241 per
2884 2160 3223 2237 Cosimum,
3275 2173 3335 2227 et
3363 2165 3515 2228 alios
3544 2168 3620 2230 de

2073 2250 2424 2314 Defendinis
2448 2301 2464 2324 ‚
2492 2260 2554 2315 et
2583 2260 2716 2334 post
2743 2255 3176 2317 nonnullorum
3218 2256 3482 2320 aliorum
3508 2281 3621 2323 an-

2074 2362 2290 2405 norum
2312 2344 2543 2425 lapsum
2566 2365 2688 2406 non
2712 2346 2988 2409 obstante
3005 2319 3364 2412 intermedio
3384 2353 3624 2433 Episco-

2074 2437 2134 2518 pi
2168 2439 2587 2519 Aquipenden.
2634 2441 2884 2502 Decreto
2911 2487 2928 2514 ,
2973 2461 3097 2522 quo
3137 2444 3392 2507 sancivit
3438 2466 3514 2509 ne
3559 2448 3624 2509 in

2076 2532 2340 2595 Dioecesi
2366 2532 2583 2595 fierent
2614 2534 3101 2598 reinvestimenta
3125 2583 3143 2610 ,
3190 2546 3252 2599 et
3291 2538 3516 2602 Census
3542 2542 3622 2604 ab

2075 2624 2354 2688 Ecclesiis
2400 2627 2859 2707 acquirerentur
2881 2673 2900 2701 ,
2952 2629 3069 2690 nisi
3122 2632 3437 2694 accedente
3483 2642 3625 2697 voto

2075 2730 2339 2800 quatuor
2358 2722 2817 2801 Deputatorum,
2843 2721 2949 2803 qui
2974 2721 3271 2786 referrent
3294 2744 3474 2803 super
3498 2727 3625 2790 ido·

2079 2812 2301 2874 neitate
2329 2812 2501 2876 fundi
2529 2859 2546 2887 ,
2577 2821 2638 2880 et
2674 2813 3041 2898 fidejussoris
3063 2861 3079 2887 ,
3122 2818 3276 2879 idem
3313 2819 3629 2886 Bizzarrns

2077 2906 2398 2988 Cappellae
2420 2910 2633 2970 Rector
2653 2928 2866 2972 census
2889 2929 2925 2974 a
2954 2910 3235 2992 Philippo
3263 2913 3623 2988 Defendino,

2079 3001 2168 3063 uti
2196 3002 2421 3064 dictum
2466 3010 2554 3064 est
2584 3049 2603 3077 ,
2636 3003 2751 3065 sibi
2785 3003 3066 3077 traditos,
3108 3005 3301 3068 eidem
3346 3007 3628 3090 Philippo

2078 3096 2513 3165 retrovendidit
2541 3099 2783 3180 propria
2812 3099 3205 3175 auctoritate,
3239 3107 3300 3164 et
3345 3120 3465 3164 non
3516 3122 3627 3185 pro

2079 3192 2333 3272 pecunia
2380 3201 2691 3255 numerata
2713 3239 2732 3267 ,
2779 3193 2883 3255 sed
2935 3202 3167 3273 recepta
3221 3196 3626 3275 assignatione

2071 3294 2240 3349 ratae
2271 3287 2581 3369 cujusdam
2624 3286 2874 3348 alterius
2902 3287 3127 3349 Census
3156 3289 3420 3370 impositi
3449 3311 3484 3353 a
3513 3292 3627 3355 Ca·-

2079 3380 2212 3442 rolo
2230 3379 2494 3442 Antonio
2521 3378 2770 3441 Bellone
2791 3381 2868 3442 ad
2897 3381 3193 3444 rationem
3219 3392 3483 3462 quatuor
3516 3406 3629 3467 pro

2079 3474 2459 3543 centenario,
2491 3482 2550 3535 et
2579 3493 2742 3536 anno
2774 3493 2955 3555 super
3003 3476 3370 3556 quibusdam
3413 3480 3625 3542 Domi-

2080 3568 2193 3629 bus
2220 3566 2319 3630 hic
2344 3568 2404 3627 in
2446 3567 2605 3629 Urbe
2648 3568 3045 3631 existentibus
3069 3615 3086 3642 ,
3117 3579 3176 3632 et
3204 3571 3367 3653 'quia
3388 3560 3391 3567 ⁴
3415 3592 3629 3636 census

2081 3669 2212 3722 erat
2245 3658 2677 3742 hypothecatus
2706 3662 3098 3743 Magdalenae
3141 3664 3216 3725 de
3263 3665 3632 3731 Sebastianis

2081 3752 2269 3817 Uxori
2295 3753 2555 3834 Philippi
2583 3755 2835 3818 Defendi
2844 3757 2902 3817 ni
2931 3776 3040 3837 pro
3061 3777 3168 3820 sua
3192 3758 3351 3832 dote,
3376 3780 3633 3824 conven-

2080 3855 2208 3908 tum
2238 3846 2354 3909 fuit
2378 3892 2395 3921 ,
2425 3849 2586 3928 quod
2619 3848 2780 3910 infra
2808 3869 3072 3912 mensem
3113 3853 3418 3916 accederet
3458 3855 3633 3938 Mag-

2084 3940 2336 4003 dalenae
2359 3988 2376 4013 ,
2402 3950 2462 4003 et
2485 3944 2614 4024 ejus
2639 3943 2775 4003 Viri
2809 3943 3127 4006 ratificatio
3148 3988 3166 4006 .

2201 4034 2457 4096 Dimissa
2487 4054 2522 4096 a
2554 4036 2830 4097 Bizzarro
2861 4037 3177 4116 Cappellae
3221 4040 3587 4118 possessione
3608 4090 3628 4116 ,

2084 4125 2204 4188 fuit
2226 4127 2332 4189 illa
2359 4127 2573 4190 collata
2599 4129 2862 4190 Antonio
2885 4129 3194 4192 Ciabattae
3220 4177 3235 4203 ‚
3264 4134 3370 4212 qui
3420 4143 3631 4199 contra

2082 4220 2426 4283 Bizzarrum
2446 4223 2749 4304 judicium
2768 4222 3029 4295 instituit
3056 4268 3073 4296 ,
3103 4234 3165 4286 et.
3189 4225 3269 4286 ab
3299 4228 3371 4288 A.
3401 4227 3466 4289 C.
3494 4249 3633 4291 sen·

2083 4314 2335 4376 tentiam
2363 4316 2730 4395 reportavit,
2764 4316 2829 4375 in
2857 4335 2978 4397 qua
3008 4317 3320 4379 Bizzarrus
3346 4321 3631 4384 condem-

2087 4416 2266 4469 natus
2283 4406 2493 4470 suited
2512 4408 3035 4490 reintegrationem
3057 4410 3306 4490 depositi
3322 4422 3473 4474 scut.
3491 4420 3629 4479 600.

2087 4520 2244 4581 quae
2265 4500 2392 4581 ipse
2420 4501 2656 4563 noviter
2683 4502 2758 4563 ad
2782 4521 3023 4564 censum
3055 4504 3386 4567 tradiderat
3410 4507 3634 4569 Defen-

2088 4595 2256 4667 dinn,
2290 4603 2351 4657 et
2383 4596 2460 4658 ad
2491 4595 2854 4657 solutionem
2878 4596 3185 4658 fructuum
3216 4596 3346 4660 loco
3377 4599 3630 4661 damno·

2089 4708 2228 4749 rum
2251 4735 2270 4763 ,
2323 4696 2383 4750 et
2420 4689 2706 4751 interesse
2727 4735 2745 4763 ,
2777 4708 3038 4771 cumque
3066 4709 3242 4770 saepe
3272 4703 3636 4761 memoratus

2088 4784 2400 4845 Bizzarrus
2429 4783 2722 4845 insteterit
2750 4802 2951 4846 coram
2984 4783 3277 4846 Auditore
3320 4786 3637 4849 Sanctissi-

2089 4875 2173 4937 mi
2207 4896 2318 4958 pro
2348 4876 2694 4938 remissione
2724 4877 2950 4939 Causae
2977 4878 3051 4939 ad
3081 4877 3238 4939 hanc
3278 4877 3444 4941 Sacr.
3479 4880 3638 4942 Con·-

2090 4968 2500 5050 gregationem
2523 4988 2703 5048 super
2725 4968 2954 5030 defectu
2991 4969 3344 5050 beneplaciti
3384 4972 3640 5051 Aposto-

2092 5060 2217 5134 lici,
2243 5069 2301 5124 et
2330 5061 2602 5123 remissio
2629 5056 2864 5122 indulta
2889 5062 3072 5123 fuerit
3101 5062 3343 5142 praevia
3366 5076 3639 5145 accepta-

2096 5158 2259 5217 tione
2285 5156 2613 5217 sententiae
2639 5159 2711 5216 A.
2745 5154 2810 5216 C.
2844 5163 3023 5233 prout
3045 5155 3118 5216 de
3141 5156 3304 5237 jure,
3338 5169 3640 5240 acceptata

2092 5249 2273 5312 suita
2302 5249 2577 5311 Bizzarro
2604 5249 2936 5321 sententia,
2974 5258 3033 5310 et
3077 5249 3140 5309 in
3190 5256 3485 5329 praesenti
3517 5255 3639 5317 duo

2095 5351 2518 5425 proponuntur
2546 5343 2732 5404 dubia
2765 5341 3147 5423 disputanda,
3175 5342 3430 5406 alterum
3461 5365 3643 5437 super

2035 5495 2050 5508 ,
2096 5437 2481 5503 subsistentia
2503 5485 2520 5509 ,
2570 5436 2664 5498 vel
2718 5435 3169 5502 insubsistentia
3222 5438 3643 5523 assignationis
