4393 6299
1744 486 2201 554 QnaesTto
2260 486 2451 541 cctx.

482 643 633 705 sione
678 637 1029 723 professionis
1055 644 1119 703 in
1145 641 1300 705 dicta
1326 641 1763 723 Conqreqatione
1787 638 2028 702 Latera·

485 740 646 800 nemi
665 740 729 798 in
751 757 887 798 casu
919 747 1019 800 etc.

596 930 747 981 Sacra
773 928 969 995 Congr.
1000 927 1309 996 respondit:

659 1015 759 1069 Ad
775 1016 1015 1081 primum
1043 1015 1120 1067 ad
1142 1028 1399 1068 mentem.
1429 1015 1523 1068 Ad
1551 1013 1845 1067 seeundum
1873 1011 2030 1082 affin

477 1104 674 1157 :native
698 1105 884 1173 quoad
906 1123 1061 1158 usum
1088 1117 1296 1158 tantum
1312 1143 1326 1168 ,
1351 1115 1404 1157 et
1439 1103 1700 1173 amplius.

916 1298 1276 1374 QUAESTIO
1318 1297 1571 1362 CCLXI.

594 1485 668 1547 In
692 1483 885 1548 Canna
913 1484 1227 1547 Savoncrm’
1250 1531 1269 1562 ,
1300 1486 1389 1547 dic
1416 1490 1515 1548 23.
1547 1485 1710 1565 ΜαῙί
1732 1488 1904 1547 1722.

482 1610 1022 1755 Archipresbyter
1041 1674 1300 1736 Joannes
1314 1673 1429 1735 Fra
1437 1672 1666 1735 nciscus
1685 1672 2026 1736 Chiaborel·

475 1764 573 1827 lus
599 1766 662 1825 in
691 1766 906 1828 ultimo
931 1813 950 1841 ,
998 1787 1135 1829 cum
1178 1787 1302 1849 quo
1331 1767 1580 1829 deceaeit
1630 1774 1982 1830 testamento
2006 1812 2023 1839 ,

479 1860 775 1923 nonnulla
803 1861 998 1943 legata
1027 1862 1128 1943 pia
1160 1862 1445 1943 reliquit,
1475 1869 1534 1925 et
1556 1862 1755 1942 quoad
1785 1861 2025 1923 iustitu-

475 1953 701 2016 tionem
744 1954 1018 2017 haeredis
1056 1956 1141 2017 ita
1184 1955 1511 2037 disposuit.
1559 1955 1631 2016 In
1658 1957 1797 2017 tutti
1822 1957 1918 2036 poi
1943 1957 2028 2035 912·

475 2047 620 2108 altri
646 2050 778 2109 mici
803 2050 927 2110 beni
943 2097 960 2121 ,
986 2051 1183 2110 mobili
1204 2096 1220 2123 ,
1254 2072 1310 2112 ss
1349 2053 1593 2113 moventi
1613 2099 1631 2122 ,
1662 2052 1860 2114 stabili
1886 2098 1902 2122 ,
1930 2051 2023 2111 de·

471 2143 610 2202 nara·
631 2187 648 2214 ,
681 2144 883 2204 crediti
907 2189 924 2216 ,
954 2165 982 2205 e
1007 2147 1134 2224 oqn'
1155 2148 1316 2207 altra
1343 2165 1469 2208 cosa
1500 2194 1517 2217 ‚
1554 2148 1787 2224 roqiom
1810 2192 1827 2217 ,
1856 2164 2028 2206 ovum

474 2254 578 2313 que
597 2239 746 2297 siim
768 2284 785 2308 ,
814 2258 842 2298 e
858 2239 1113 2300 ritrovar
1133 2241 1186 2300 si
1209 2259 1475 2320 possano,
1497 2241 1815 2302 instituisso
1843 2286 1860 2313 ,
1885 2260 1914 2301 e
1929 2260 2026 2300 no-

473 2331 626 2390 mino
646 2333 780 2393 miei
805 2332 983 2393 Eredi
1027 2335 1341 2396 universali
1376 2336 1414 2395 Γ
1432 2333 1610 2396 Alter
1628 2333 1928 2414 Maqqim
1951 2380 1968 2408 ,
1999 2355 2027 2395 e

476 2423 826 2506 Compaqnia
855 2429 946 2488 del
966 2427 1306 2490 Santissimo
1327 2431 1490 2490 crettt'
1509 2431 1577 2488 in
1597 2438 1790 2507 questa
1824 2425 2028 2491 Chicsa

471 2518 811 2582 Parockiale
844 2521 908 2581 di
935 2521 1004 2584 S.
1040 2522 1388 2604 Ambroqio,·
1417 2543 1576 2605 σφιν
1593 2525 1699 2605 piu
1716 2533 1924 2604 proma
1950 2569 1967 2593 ,
1998 2543 2025 2582 c

466 2615 745 2692 puntuale
769 2619 1083 2678 aeeuzione
1111 2618 1173 2678 di
1194 2627 1408 2696 quanto
1434 2624 1463 2678 d
1490 2626 1638 2679 stato
1671 2618 1747 2678 da
1770 2618 2026 2684 messcomo

470 2725 638 2786 sopra
660 2708 903 2788 disposta
931 2758 947 2781 ‚
978 2712 1043 2772 ed
1071 2713 1332 2773 ordinato
1365 2760 1381 2783 ‚
1412 2732 1439 2772 e
1470 2713 1644 2773 anche
1673 2730 1772 2790 per
1803 2713 1858 2773 la
1892 2732 2021 2773 con-

471 2802 791 2862 sermnione
818 2801 968 2865 detta
993 2815 1163 2865 stesso
1189 2805 1403 2866 eredita
1448 2826 1486 2867 a
1535 2805 1792 2886 beneficio
1834 2806 1890 2864 α’
1912 2825 2026 2868 esso

471 2893 674 2954 Altero
698 2939 717 2966 ‚
749 2915 777 2955 e
823 2895 1205 2977 Compaqnia,
1247 2899 1415 2960 loscio
1439 2946 1454 2969 ,
1485 2919 1512 2958 c
1555 2901 1870 2961 costitui-sco
1911 2898 2023 2960 So-

468 2989 892 3066 praintendenti
911 3038 929 3061 ,
960 2992 1025 3050 ecl
1067 2991 1361 3053 Eseeuton‘
1404 2992 1815 3071 Testamentarj
1860 2995 1885 3054 ἰ
1917 2993 2018 3056 52·-

470 3083 637 3159 9nori
661 3102 737 3143 ec.
768 3103 871 3143 con
893 3086 938 3144 ti
961 3083 1199 3165 Siqnori
1228 3085 1476 3167 officiali
1500 3089 1562 3148 di
1595 3089 1746 3149 detta
1776 3087 2020 3170 Compa-

470 3180 609 3255 9m‘a
630 3223 649 3251 ,
676 3197 705 3238 e
733 3180 780 3238 li
801 3178 1039 3259 Siqnort'
1060 3180 1348 3263 Arcipreti
1367 3227 1385 3256 ,
1415 3184 1510 3243 che
1527 3202 1633 3263 pro
1664 3193 1901 3263 tempore
1927 3204 2020 3245 sa-

472 3290 683 3332 roano.

586 3365 713 3427 Sub
737 3364 1148 3441 fundamento,
1183 3369 1342 3449 quod
1367 3389 1609 3431 annuus
1631 3370 1876 3432 haeredi
1887 3371 2025 3433 tatis

471 3457 698 3520 reditus
715 3468 866 3522 esset
886 3460 1204 3541 plusquam
1224 3464 1520 3526 sufficiens
1541 3484 1649 3545 pro
1672 3465 2022 3545 indigentiis

397 3558 410 3569 ‘
470 3553 695 3614 Altaris
715 3601 732 3623 ‚
777 3563 837 3616 et
881 3554 1405 3619 Confraternitatis
1429 3604 1446 3631 ,
1500 3566 1561 3620 et
1608 3557 1863 3620 ulterius
1914 3579 2023 3639 pro

468 3645 787 3725 conspicuo
804 3656 1020 3709 ornatu
1045 3651 1226 3711 totius
1253 3650 1571 3721 Ecclesiae,
1597 3659 1657 3712 et
1682 3652 1846 3731 quod
1883 3653 2019 3733 pius

468 3739 739 3801 Testatur
763 3740 1068 3804 habuisset
1098 3743 1491 3805 intentionem
1513 3745 1781 3824 erigendi
1807 3767 1879 3807 ex
1910 3766 2016 3808 sua

468 3831 836 3897 haereditate
852 3835 1142 3896 nonnulla
1167 3836 1462 3900 Beneficia
1487 3857 1624 3899 cum
1644 3838 2016 3920 obligatione

469 3925 778 3987 assistendi
825 3927 1022 3988 Choro
1044 3973 1060 3999 ,
1108 3930 1472 3991 Executores
1514 3932 1967 3994 Testamentarii
1995 3978 2013 4007 ,

468 4027 529 4081 et
563 4017 858 4081 Officiales
884 4019 1442 4096 confraternitatis,
1475 4024 1719 4103 praevio
1749 4024 2016 4106 reliquo-

470 4130 606 4173 rum
632 4110 1017 4173 Confratrum
1047 4132 1371 4188 consensu,
1396 4116 1563 4195 pium
1588 4162 1606 4191 ,
1640 4125 1700 4178 et
1727 4127 2015 4198 opportu-

467 4222 617 4264 num
647 4224 773 4266 esse
813 4205 1236 4268 existimarunt
1261 4207 1550 4270 devenire
1590 4210 1667 4271 ad
1710 4209 2014 4273 fundatio-

467 4314 606 4358 nem
638 4308 861 4380 septem
889 4299 1325 4363 Beneficiorum
1349 4347 1367 4375 ,
1402 4304 1761 4385 assignando
1782 4305 2016 4367 unicui-

468 4409 590 4472 que
612 4392 909 4455 Beneficio
928 4413 1106 4454 suum
1132 4394 1394 4457 reditum
1420 4441 1438 4470 ,
1468 4404 1529 4458 et
1549 4416 1733 4459 onera
1760 4443 1777 4471 ,
1803 4408 1862 4460 et
1880 4400 2018 4479 Epi-

468 4502 683 4565 scopus
732 4487 798 4547 in
846 4496 981 4549 actu
1028 4487 1394 4551 visitationis
1416 4536 1434 4564 ‚
1490 4500 1864 4572 praesentato
1900 4493 2014 4553 sihi

465 4578 1294 4657 fundationisinstrumentO,
1329 4585 1406 4646 ad
1440 4585 1800 4647 erectionem
1829 4588 2013 4648 Bene-

465 4671 742 4735 ficiorum
775 4674 1047 4749 deveni13
1075 4697 1336 4757 cumque
1364 4677 1693 4740 nonnullae
1730 4679 2015 4741 reclama-

468 4767 663 4830 tiones
686 4768 977 4831 adversus
1002 4770 1113 4832 hoc
1131 4772 1408 4851 Episcopi
1438 4772 1662 4834 factum
1682 4773 1758 4833 ad
1778 4773 2018 4835 Sacram

464 4859 996 4946 congregationem
1045 4864 1279 4927 delatae
1316 4865 1609 4938 fuissent,
1665 4876 2012 4947 responsum

465 4953 584 5017 fuit
617 4959 706 5017 die
753 4962 813 5018 2.
866 4957 1115 5037 Aequsti
1160 4963 1334 5019 1721.
1384 4960 1544 5039 quod
1584 4958 2017 5041 praefigeretur

467 5049 764 5111 terminus
793 5052 1112 5113 Executori
1122 5053 1232 5114 bus
1254 5053 1763 5128 Testamentariis,
1787 5067 1847 5116 et
1869 5054 2014 5117 Con·

463 5140 830 5207 fraternitati
853 5147 929 5208 ad
954 5146 1298 5211 deducenda
1335 5149 1476 5229 jura
1512 5167 1620 5210 sua
1643 5194 1660 5223 ,
1693 5157 1753 5211 et
1792 5158 2013 5211 statum

463 5235 933 5301 haereditarium
965 5241 1495 5302 transmittendum
1510 5283 1528 5301 .

3391 491 3497 547 8³0

2138 647 2299 700 trum
2324 686 2341 713 ,
2363 647 2421 701 et
2442 637 2963 704 Confraternitatis
2987 691 3003 713 ,
3035 640 3098 703 in
3133 661 3257 725 qua
3286 643 3466 724 plura
3491 645 3680 707 dedu-

2137 743 2358 795 cuntur
2377 734 2664 795 adversus
2678 736 3081 815 supradictam
3106 737 3540 800 Beneficiorum
3560 760 3681 801 ere·

2137 826 2393 888 ctionem
2416 873 2433 898 ‚
2458 837 2514 889 et
2547 829 3015 908 praescindendo
3043 851 3074 892 a
3106 832 3295 911 pactis
3320 878 3337 906 ,
3380 841 3441 894 et
3475 835 3681 894 condi-

2136 920 2402 980 tionibus
2424 921 2744 1000 appositis,
2784 931 2902 983 tam
2929 923 2989 983 in
3011 925 3503 1005 jurepatronatus
3534 928 3684 989 acti-

2136 1033 2212 1074 vo
2237 1059 2254 1086 ,
2289 1034 2473 1095 quam
2499 1015 2559 1075 in
2585 1016 3081 1096 jurepatronatus
3112 1021 3346 1098 passivo
3371 1067 3388 1094 ,
3410 1039 3564 1102 quas
3591 1021 3685 1083 di-

2133 1115 2278 1167 cunt
2301 1108 2555 1168 nimium
2587 1107 2951 1172 favorabiles
2996 1112 3465 1188 Executoribus,
3494 1125 3555 1177 et
3580 1135 3683 1176 eo-

2139 1220 2274 1261 rum
2304 1202 2822 1277 descendentibus,
2852 1214 2913 1266 et
2935 1205 3240 1288 Episcopis
3261 1227 3370 1286 pro
3389 1216 3679 1289 tempore,

2138 1295 2328 1374 major
2353 1295 2442 1355 vis
2461 1295 2846 1358 constituitur
2867 1297 2931 1358 in
2959 1297 3072 1359 hoc
3090 1347 3107 1369 ‚
3135 1300 3297 1380 quod
3318 1302 3495 1382 juxta
3521 1321 3683 1363 men-

2136 1398 2254 1455 tem
2284 1389 2641 1464 Testatoris,
2672 1389 3062 1453 haereditatis
3086 1394 3315 1455 reditus
3341 1405 3516 1457 erant
3544 1416 3681 1458 ero-

2136 1483 2318 1565 gandi
2358 1484 2417 1544 in
2450 1483 2814 1547 Beneficium
2840 1485 3101 1561 Altaris,
3133 1497 3191 1550 et
3218 1488 3687 1552 Confraternita·

2138 1578 2244 1648 tis,
2278 1576 2340 1637 in
2393 1597 2516 1658 quo
2544 1598 2748 1640 rerum
2782 1578 3042 1642 themate
3070 1601 3189 1643 non
3235 1591 3367 1646 erat
3392 1585 3686 1666 Episcopo

2138 1672 2495 1750 permissum
2523 1674 2760 1734 eosdem
2797 1675 3025 1737 reditus
3050 1676 3115 1736 in
3145 1677 3314 1739 aliud
3355 1697 3507 1759 opus
3537 1699 3683 1742 eon-

2135 1771 2390 1836 vertere‚
2424 1773 2483 1827 et
2514 1764 2705 1827 multo
2741 1766 2959 1847 magis,
2991 1788 3127 1830 cum
3157 1770 3444 1844 Ecclesia,
3473 1772 3536 1833 in
3561 1792 3683 1853 qua

2135 1864 2224 1919 est
2248 1857 2456 1921 Altare
2483 1906 2500 1934 ,
2552 1860 2713 1939 quod
2764 1860 2882 1923 fuit
2929 1861 3273 1927 institutum
3315 1864 3529 1928 haeres
3555 1915 3572 1940 ‚
3618 1868 3685 1930 in

2138 1950 2300 2012 malo
2341 1961 2499 2015 statu
2535 1954 2913 2035 reperiatur,
2955 1964 3025 2018 ut
3070 1955 3340 2021 referunt
3377 1962 3578 2022 Testes
3620 1963 3689 2023 in

2135 2044 2303 2106 Sum.
2338 2068 2497 2108 num.
2530 2053 2587 2109 9.
2621 2050 2861 2130 Absque
2883 2069 2954 2112 eo
2977 2050 3140 2130 quod
3170 2052 3502 2133 quidquam
3527 2053 3685 2116 refe-

2135 2148 2227 2200 rat
2260 2140 2634 2220 suppositum
2659 2143 2731 2203 D.
2764 2143 3087 2205 Testatoris
3111 2144 3474 2207 desiderium
3503 2148 3684 2209 deve-

2134 2233 2339 2294 niendi
2370 2234 2444 2295 ad
2470 2235 2827 2297 erectionem
2859 2236 3408 2318 Cappellaniarum,
3437 2259 3540 2302 seu
3572 2242 3685 2304 Be-

2136 2325 2513 2402 neficiorum3
2542 2329 2790 2391 caeteris
2816 2330 3037 2391 etenim
3062 2331 3496 2411 praetermissis
3519 2380 3536 2408 ,
3568 2334 3683 2396 Te-

2131 2428 2496 2482 stamentum
2528 2421 2645 2484 fuit
2689 2424 3001 2485 conditum
3041 2426 3130 2486 die
3166 2430 3221 2486 1.
3260 2425 3484 2507 Aprilis
3531 2447 3685 2488 anno

2137 2518 2310 2575 1711.
2347 2524 2407 2577 et
2434 2516 2705 2578 Testator
2737 2517 2890 2580 obiit
2918 2519 2982 2579 de
3008 2539 3187 2581 nieme
3214 2519 3554 2601 Septembris
3574 2541 3684 2582 aa·

2131 2629 2205 2669 no
2240 2614 2413 2670 1712.
2466 2629 2590 2691 quo
2621 2612 2905 2691 temporis
2933 2612 3255 2676 intervallo
3275 2660 3294 2688 ,
3322 2614 3372 2675 si
3401 2614 3685 2679 voluisset

2131 2705 2402 2766 Testatur
2448 2706 2897 2768 Testamentum
2945 2715 3181 2771 mutare
3204 2754 3222 2783 ,
3260 2706 3322 2770 id
3369 2708 3683 2773 commode

2132 2797 2328 2860 facere
2358 2798 2676 2877 potuisset.

2251 2891 2575 2971 Excipiunt
2597 2912 2631 2953 e
2653 2900 2862 2955 contra
2903 2892 3249 2974 Cappellani
3268 2940 3285 2967 ,
3318 2896 3683 2957 Executores

2130 2985 2589 3047 Testamentarii
2608 3035 2625 3057 ‚
2656 2986 2952 3048 Officiales
2975 2986 3496 3050 Confraternitatis
3524 2986 3679 3051 nihil

2131 3098 2259 3140 esse
2284 3079 2760 3160 reprehensibile
2790 3081 2854 3142 in
2890 3082 3189 3144 erectione
3213 3130 3229 3154 ‚
3265 3082 3339 3143 de
3367 3101 3487 3163 qua
3519 3101 3681 3146 nunc

2132 3173 2227 3255 agi
2237 3183 2365 3247 tur;
2395 3174 2638 3236 intactis
2656 3175 2957 3255 siquidem
2983 3176 3433 3238 remanentibus
3459 3176 3575 3256 piis
3598 3176 3682 3240 le-

2131 3269 2286 3349 gatis
2319 3289 2354 3331 a
2388 3270 2693 3331 Testatore
2724 3270 2948 3332 relictis
2973 3316 2990 3343 ,
3037 3278 3097 3332 et
3124 3270 3445 3332 subtractis
3475 3270 3680 3332 oneri-

2131 3363 2246 3424 bus
2267 3408 2284 3435 ,
2317 3363 2545 3425 reditus
2591 3363 2977 3426 haereditarii
3026 3373 3166 3426 sunt
3199 3364 3263 3425 in
3294 3364 3516 3426 annuis
3555 3363 3684 3428 fere

2128 3457 2313 3520 scutis
2335 3462 2474 3519 600.
2518 3476 2553 3519 a
2578 3457 2804 3538 quibus
2849 3459 2899 3519 si
2932 3458 3251 3521 demantur
3277 3476 3481 3521 annua
3507 3458 3683 3521 circi·

2130 3558 2222 3611 ter
2269 3558 2436 3613 scuta
2484 3556 2621 3613 300.
2674 3571 2784 3632 pro
2829 3552 3282 3615 manutentione
3300 3599 3317 3627 ,
3348 3561 3409 3615 et
3460 3545 3691 3615 ornatu.

2129 3642 2355 3705 Altaris
2377 3689 2394 3717 ,
2428 3664 2661 3707 summa
2688 3691 2705 3719 ,
2743 3665 2901 3727 quae
2933 3655 3241 3727 superest,
3283 3647 3680 3728 expendenda

2126 3746 2254 3798 erat
2281 3756 2390 3817 pro
2414 3738 2886 3814 necessitatibus,
2911 3748 2971 3802 et
2992 3761 3102 3822 pro
3119 3750 3337 3803 ornatu
3358 3739 3680 3817 Ecclesiaeg

2126 3849 2386 3911 cumque
2426 3831 2688 3895 Ecclesia
2712 3878 2729 3906 ,
2770 3836 2969 3914 quoad
2999 3842 3219 3897 statum
3254 3833 3628 3897 materialem
3656 3877 3677 3908 ,

2127 3924 2362 3986 nullam
2405 3925 2626 3988 babeat
2669 3927 3062 4009 indigentiam
3091 3973 3109 4002 ,
3152 3937 3218 3990 ut
3270 3931 3333 3987 in
3376 3926 3675 3989 summor.

2126 4036 2286 4078 mtm.
2333 4023 2424 4080 10.
2459 4032 2508 4080 et
2541 4024 2635 4080 11.
2664 4040 2885 4100 operae
2911 4021 3171 4101 pretium
3210 4039 3336 4081 esse
3365 4020 3675 4082 existima·

2128 4119 2258 4172 tum
2289 4111 2405 4174 fuit
2425 4160 2442 4184 ,
2472 4113 2700 4175 reditus
2727 4123 3184 4195 superextantes
3227 4113 3539 4195 implicare
3565 4133 3676 4194 pro

2127 4205 2427 4267 erectione
2452 4205 2980 4287 Cappellaniarum
3004 4254 3021 4280 ,
3059 4227 3163 4270 seu
3191 4207 3628 4270 Beneficiorum
3651 4254 3672 4279 ,

2126 4307 2187 4360 et
2223 4319 2329 4377 pro
2360 4300 2818 4363 manutentione
2844 4301 3346 4383 cappellanorum
3369 4347 3388 4375 ,
3416 4321 3523 4363 seu
3563 4302 3677 4363 Be-

2132 4394 2547 4457 neficiatorum
2567 4440 2585 4469 ,
2638 4395 2746 4475 qui
2796 4395 3094 4459 Ecclesiae
3141 4395 3525 4458 inserviendo
3550 4440 3569 4468 ,
3614 4399 3677 4456 et

2128 4489 2400 4568 quotidie
2417 4489 2874 4552 interveniendo
2904 4497 3023 4552 tam
3044 4489 3263 4563 Chore,
3289 4507 3471 4570 quam
3490 4487 3676 4550 sacris

2130 4582 2606 4657 Functionibus,
2653 4581 3005 4657 formalem,
3050 4591 3109 4645 et
3134 4601 3344 4645 verum
3378 4579 3675 4643 Ecclesiae

2126 4689 2408 4739 ornatum
2442 4677 2855 4751 constituunt,
2887 4683 2948 4739 et
2972 4677 3102 4759 ejus
3127 4674 3368 4738 formali
3393 4674 3672 4756 indigen·

2129 4769 2249 4831 tiae
2269 4771 2677 4833 subveniunt.
3384 4810 3387 4813 π

2245 4864 2561 4945 Multoque
2586 4863 2809 4945 magis,
2839 4882 2975 4926 cum
2999 4862 3148 4925 haec
3165 4863 3321 4926 sacta
3343 4861 3486 4932 sint,
3505 4878 3674 4941 prae-

2127 4958 2229 5020 vio
2259 4959 2644 5021 Confratrum
2687 4977 2931 5021 assensu
2955 5003 2973 5032 ,
3018 4957 3335 5020 accedente
3372 4956 3669 5017 Executo-
3790 4990 3795 4993 -

2126 5074 2267 5115 rum
2295 5053 2605 5117 voluntate
2627 5098 2645 5127 ,
2686 5072 2798 5116 nec
2840 5052 2965 5115 ulla
2998 5050 3437 5114 interveniente
3458 5047 3672 5110 volun-

2125 5148 2263 5210 tatis
2284 5148 2752 5212 commutatione
2775 5194 2793 5222 ,
2825 5167 2902 5210 ex
2927 5165 3050 5228 quo
3079 5146 3284 5208 omnia
3304 5164 3340 5207 a
3366 5146 3672 5206 Testatore

2121 5241 2483 5305 demandata
2532 5248 2888 5324 permanent
2932 5240 3138 5303 illaesa
3164 5285 3181 5314 ,
3221 5246 3283 5300 et
3310 5238 3439 5319 ejus
3472 5234 3671 5317 potius

489 5331 651 5401 m1=1n
681 5332 865 5413 hujus
884 5334 1154 5414 rescripti
1185 5335 1489 5414 sequelam
1523 5336 1845 5397 exhibetur
1873 5336 2014 5397 huic
2126 5334 2407 5398 voluntas
2429 5335 2777 5417 suppletur,
2807 5354 2946 5397 cum
2969 5354 3044 5394 ex
3077 5333 3324 5395 testibus
3349 5330 3665 5401 habeatur,

462 5422 678 5489 Sacrae
697 5427 1152 5509 congregationi
1181 5430 1477 5509 scriptura
1505 5430 1748 5494 nomine
1770 5430 2009 5494 Confra-

795 5552 998 5590 eeuso.
1044 5554 1152 5591 xiv.
1196 5554 1342 5595 ron.
1385 5543 1491 5596 xu.

2123 5429 2320 5511 ipsum
2352 5450 2713 5513 magnopere
2736 5437 3048 5512 exoptasse
3082 5429 3302 5491 horum
3341 5422 3666 5488 Beneficio-

3275 5537 3345 5590 u
