4393 6299
936 479 1041 531 3¹8

761 643 823 695 ta,
855 630 1155 713 praedicta
1191 651 1225 693 a
1271 627 1551 691 Pal-ochis
1593 629 1883 691 localibus
1925 630 2311 693 administra-

765 737 1017 797 rentur,
1067 735 1264 787 censet
1313 725 1657 787 Eminentia
1701 745 1811 787 sua
1859 746 1979 787 non
2039 745 2165 787 esse
2229 727 2309 787 ab

761 825 875 885 hac
903 821 1075 903 praxi
1103 821 1497 881 recedendum
1525 843 1541 893 ;
1575 821 1853 901 quocirca
1885 819 2089 899 petitio
2119 821 2195 881 ad
2218 839 2307 881 se-

761 917 1008 997 quentia
1049 916 1241 995 capita
1291 915 1619 975 reducitur.
1665 917 1937 975 Primum
1979 925 2067 977 est
2093 963 2109 987 ,
2145 917 2307 995 quod

763 1011 879 1072 sibi
909 1009 1265 1071 concedatur
1291 1007 1543 1069 facultas
1567 1009 1963 1069 constituendi
1993 1007 2303 1089 Cappella-

763 1125 873 1167 nos
919 1103 1225 1175 Militum,
1283 1123 1503 1183 eosque
1551 1123 1657 1181 per
1703 1123 1801 1174 se,
1857 1103 1947 1163 vel
1999 1103 2305 1165 vicarium

763 1219 939 1261 suum
973 1197 1329 1259 Generalem
1365 1197 1791 1271 examinandi,
1827 1207 1885 1259 et
1925 1197 2299 1277 approbandi

763 1313 873 1373 pro
903 1291 1375 1353 confessionibus
1411 1291 1675 1351 Militum
1707 1291 2075 1371 excipiendis
2101 1337 2117 1363 ‚
2153 1293 2301 1353 itaut

759 1385 1105 1465 Cappellaui
1153 1385 1237 1447 sic
1293 1383 1663 1457 examinati,
1707 1393 1765 1445 et
1801 1385 2115 1465 approbati
2167 1403 2305 1445 suos

761 1481 983 1543 Milites
1023 1479 1295 1541 subditos
1343 1479 1655 1541 absolvere
1695 1480 1957 1559 possint,
2007 1479 2191 1541 etiam
2235 1479 2299 1539 in

761 1575 897 1635 aliis
937 1573 1321 1635 Dioecesibus
1347 1621 1365 1645 ,
1399 1575 1627 1653 absque
1659 1593 1731 1635 eo
1765 1573 1925 1653 quod
1969 1575 2049 1635 ab
2095 1593 2305 1635 earum

759 1669 1101 1731 Ordinariis
1121 1687 1339 1727 novam
1371 1667 1683 1727 obtineant
1705 1667 2221 1747 approbationem.

879 1763 1217 1823 Secundum
1241 1771 1327 1823 est
1349 1807 1367 1833 ,
1403 1773 1469 1821 ut
1495 1761 1609 1821 sibi
1643 1761 1893 1823 facultas
1921 1761 2305 1841 indulgeatur

759 1855 1117 1917 concedendi
1163 1855 1631 1933 dispensationes
1659 1875 1695 1917 a
1743 1855 2309 1917 denunciationibus

765 1947 1315 2009 matrimonialibus
1359 1947 1422 2007 in
1463 1949 1907 2021 matrimoniis,
1959 1969 2117 2029 qnae
2165 1969 2307 2011 con-

761 2043 1087 2105 trahuntur
1119 2061 1157 2103 a
1197 2041 1497 2103 Militibus
1523 2089 1539 2115 ,
1575 2053 1891 2123 postquam
1947 2053 2141 2105 tamen
2191 2043 2304 2105 sibi

759 2137 989 2207 fuerint
1015 2157 1049 2197 a
1093 2135 1473 2217 Cappellanis
1501 2183 1521 2211 ,
1553 2137 1669 2197 sub
1715 2157 1973 2217 quorum
2011 2159 2153 2201 cura
2203 2139 2305 2200 de-

759 2239 953 2315 gunt,
983 2231 1289 2293 exhibitae
1315 2231 1721 2293 attestationes
1743 2231 1819 2293 de
1843 2239 2001 2293 statu
2031 2231 2243 2293 libero.

878 2325 1149 2387 Tertium
1177 2324 1439 2405 denique
1467 2333 1593 2397 est,
1637 2333 1705 2385 ut
1757 2335 1875 2385 tam
1921 2325 2037 2387 sibi
2067 2375 2085 2399 ,
2120 2345 2305 2407 quam
2369 2326 2370 2330 ’

761 2439 871 2481 suo
919 2417 1165 2479 Vicat-io
1199 2417 1477 2479 Generali
1515 2419 1913 2493 concedatur,
1943 2429 2013 2481 ut
2055 2419 2305 2499 069961-

757 2513 935 2575 lanus
955 2511 1219 2573 Militum
1249 2511 1365 2573 sibi
1401 2513 1697 2593 subjectos
1717 2513 1961 2575 visitare
1985 2513 2179 2575 valeat
2201 2559 2219 2587 ‚
2249 2521 2309 2575 et

755 2605 1059 2687 corrigere
1083 2649 1099 2678 ,
1133 2605 1271 2665 licet.
1293 2605 1357 2665 in
1385 2605 1601 2667 alienis
1621 2605 2005 2667 Dioecesibus
2021 2607 2301 2679 existant,

759 2699 1023 2779 exceptis
1051 2707 1249 2759 tamen
1279 2695 1659 2777 Cappellanis
1695 2699 2045 2761 Rectoribus
2069 2699 2305 2761 Castro·
2367 2725 2368 2728 ¹

759 2811 897 2853 rum
921 2835 939 2865 ,
977 2799 1121 2871 puta
1151 2791 1479 2853 Civitatum
1513 2795 1897 2855 Anversanae
1925 2841 1941 2863 ,
1973 2803 2033 2855 et
2063 2793 2305 2859 Ganda-

759 2885 959 2947 vensis
984 2929 1001 2959 ‚
1035 2883 1141 2965 qui
1173 2903 1381 2945 earum
1405 2883 1747 2947 ordinariis
1773 2887 2021 2969 subjecti
2043 2899 2207 2951 sunt.

877 2979 1145 3059 Hujusce
1167 2987 1369 3039 autem
1391 2979 1693 3059 petitionis
1713 2979 2107 3045 fundamenta
2129 2983 2307 3065 plura

759 3079 923 3134 sunt.
945 3071 1223 3152 Episcopi
1259 3071 1421 3134 enim
1447 3071 1769 3136 Flandriae
1797 3075 1947 3138 adeo
1979 3096 2121 3160 erga
2145 3077 2305 3140 anti-

759 3166 1037 3246 quiorem
1059 3166 1295 3246 praxim
1319 3174 1461 3228 sunt
1489 3170 1765 3248 propensi
1790 3216 1809 3244 ,
1839 3178 1907 3230 ut
1931 3190 2307 3252 conqueran-

759 3268 861 3320 tur
897 3260 973 3320 de
995 3260 1261 3322 novitate
1283 3304 1299 3332 ‚
1331 3260 1545 3342 eteius
1567 3270 1777 3342 putent
1817 3274 2117 3326 auctorem
2147 3266 2309 3328 Emi-

761 3353 1179 3414 nentissimum
1205 3354 1531 3416 Dominum
1559 3356 1935 3418 cardinalem
1957 3358 2031 3420 de
2055 3360 2303 3434 Alsatia,

763 3454 823 3508 et
855 3448 1015 3526 quod
1045 3448 1233 3528 magis
1269 3456 1395 3522 est,
1435 3448 1782 3510 nullatenus
1825 3470 2041 3514 novam
2087 3472 2303 3534 appro-

757 3540 1065 3602 bationem
1111 3542 1436 3604 concedere
1477 3542 1691 3604 volunt
1731 3544 2113 3626 Cappellanis
2141 3548 2305 3610 Mili·
2353 3544 2354 3548 ’

755 3640 884 3694 tum
911 3679 929 3706 ,
955 3634 1033 3696 ad
1061 3654 1199 3696 suas
1227 3635 1534 3698 Dioeceses
1569 3638 1987 3701 accedentibus
2013 3686 2029 3714 ‚
2061 3644 2175 3704 sub
2197 3642 2305 3704 ob-

756 3734 927 3788 tentu
953 3772 971 3800 ‚
1001 3728 1165 3806 quod
1211 3728 1339 3790 sola
1367 3730 1621 3792 sufficiat
1649 3734 2003 3812 approbatio
2029 3736 2109 3796 ab
2151 3738 2309 3798 Emi-

759 3820 969 3882 nentia
1017 3820 1139 3882 Sua
1173 3830 1461 3902 tanquam
1509 3824 1795 3906 Delegato
1833 3828 2173 3908 Apostolico
2221 3852 2309 3894 re-

751 3920 1010 3994 portata.

877 4008 1029 4068 Item
1087 4006 1371 4090 Princeps
1429 4010 1765 4074 Saecularis
1785 4058 1805 4088 ,
1855 4016 1963 4094 qui
2019 4016 2309 4080 salarium

759 4098 1145 4178 Cappellanis
1167 4100 1401 4162 solvere
1429 4122 1549 4164 non
1573 4104 1753 4178 facit,
1785 4106 1899 4166 nisi
1927 4108 2197 4172 exhibita
2225 4120 2307 4174 at·

759 4192 1075 4254 testatione
1099 4238 1115 4264 ,
1147 4194 1309 4272 quod
1359 4194 1587 4258 fuerint
1615 4200 1919 4262 constituti
1951 4248 1967 4270 ,
1998 4214 2057 4264 et
2087 4222 2307 4284 appro-

753 4286 881 4348 bati
907 4306 943 4348 a
973 4286 1257 4368 Delegato
1279 4334 1295 4358 ,
1329 4288 1423 4350 vel
1447 4292 1527 4350 ab
1555 4294 1681 4372 ejus
1711 4294 1955 4356 vicario
1997 4296 2304 4374 Generali,

757 4382 823 4440 in
853 4378 1169 4462 hypothesi
1199 4428 1215 4452 ,
1255 4382 1317 4442 in
1347 4400 1469 4462 qua
1497 4382 1743 4466 aliquod
1787 4396 2076 4468 sequatur
2099 4390 2305 4454 incon-

753 4474 1006 4534 veniens
1027 4518 1045 4546 ,
1073 4494 1197 4536 rem
1227 4494 1405 4556 agere
1433 4496 1553 4538 non
1585 4480 1715 4540 vult
1751 4500 1885 4542 cum
1921 4482 2261 4548 Ordinariis
2285 4532 2305 4562 ,

757 4568 859 4628 secl
891 4586 1029 4628 cum
1081 4568 1365 4650 Delegato
1387 4616 1405 4642 ,
1437 4570 1531 4632 vel
1583 4574 1709 4654 ejus
1757 4576 2002 4638 vicario
2031 4624 2047 4650 ,
2085 4580 2307 4660 quibus

755 4660 1021 4740 profecto
1053 4660 1295 4722 difficile
1321 4708 1339 4736 ,
1369 4672 1427 4724 et
1455 4668 1901 4744 quodammodo
1937 4670 2307 4750 impossibile

757 4762 845 4812 est
875 4772 983 4832 pro
1027 4754 1283 4834 singulis
1327 4758 1563 4818 casibus
1605 4769 1807 4838 petere
1855 4762 1933 4824 ab
1965 4762 2307 4828 Ordinariis

745 4846 1229 4928 jurisdictionem
1257 4894 1275 4922 ‚
1309 4850 1385 4910 ad
1435 4852 1709 4914 effectum
1763 4858 2119 4936 procedendi
2163 4880 2303 4922 con-

759 4952 847 5001 tra
883 4940 1277 5022 Cappellanos
1299 4944 1717 5026 delinquentes
1741 4950 1801 5010 in
1827 4950 2041 5014 alienis
2060 4952 2303 5016 Dioece-

750 5034 937 5096 sibus.

871 5128 1101 5188 Rursus
1127 5172 1145 5200 ,
1193 5128 1491 5192 stationes
1513 5180 1529 5202 ,
1579 5142 1639 5194 et
1689 5136 1985 5214 praesidia
2033 5140 2301 5204 Militum

751 5240 857 5300 per
899 5230 1161 5300 quatuor
1185 5270 1203 5292 ,
1237 5232 1293 5282 et
1321 5224 1596 5304 quinque
1627 5228 1783 5290 vices
1825 5232 2099 5310 quolibet
2139 5254 2301 5296 anm)

753 5322 1087 5388 minantur,
1115 5336 1237 5394 qno
1263 5328 1457 5380 stante
1489 5320 1733 5384 difficile
1771 5324 2119 5400 admodum,
2151 5340 2303 5392 esset

753 5416 829 5470 ut·
847 5406 1183 5480 ordinarii,
1211 5412 1317 5492 qui
1341 5424 1589 5498 propter
1619 5420 1919 5482 modicum
1949 5442 2301 5502 permanen·

1922 475 2369 545 Qucsrtonss
2404 462 2764 532 mnemon

2422 628 2540 693 tiae
2566 628 3068 711 Cappellanorum
3094 639 3330 713 tempus
3361 630 3436 695 de
3464 651 3672 695 eorum
3701 630 3964 713 qualita-

2420 723 2580 785 tibus
2610 723 2884 787 instructi
2914 743 3040 785 esse
3066 743 3186 785 non
3218 733 3486 805 possunt,
3520 727 3596 789 ad
3626 747 3838 789 eorum.
3860 747 3962 809 ap-

2422 817 2834 897 probationem
2862 863 2879 889 ,
2911 817 3008 879 vel
3034 819 3518 899 reprobationem
3538 821 3698 903 juste
3724 819 3966 883 valeant

2420 911 2702 973 devenire
2724 955 2740 971 .
2790 911 3135 975 Praedictae
3172 933 3416 995 quoque
3454 915 3722 977 Militum
3756 915 3962 977 statio-

2418 1027 2522 1067 nes
2548 1025 2668 1067 non
2696 1007 2916 1067 sistunt
2958 1009 3020 1067 in
3060 1007 3202 1069 solis
3234 1009 3564 1071 Provinciis
3592 1009 3916 1073 Flandriae
3940 1055 3958 1085 ,

2414 1101 2518 1161 sed
2540 1101 2720 1161 etiam
2744 1111 3056 1163 transeunt.
3077 1103 3150 1163 ad
3172 1103 3322 1165 alias
3340 1103 3647 1167 Dioeceses
3664 1107 3964 1187 subjectas

2414 1193 2752 1255 Ordinariis
2784 1195 3124 1257 Trevirensi
3152 1243 3168 1271 ,
3202 1199 3548 1273 Leodiensi,
3578 1207 3638 1263 et
3664 1199 3912 1261 Metensi
3940 1243 3962 1273 ,

2416 1287 2477 1349 in
2514 1289 2738 1368 quibus
2784 1290 3164 1351 Dioecesibus
3194 1291 3315 1355 alia
3357 1293 3520 1373 viget
3568 1293 3962 1356 ecclesiastica

2414 1383 2750 1463 disciplina,
2782 1385 2880 1445 cui
2908 1385 3254 1465 Cappellani
3286 1389 3514 1451 nonita
3534 1387 3712 1451 facile
3732 1409 3794 1451 se
3822 1409 3968 1453 con-

2410 1477 2674 1539 formant
2700 1523 2717 1539 .
2768 1479 3078 1559 Denique,
3116 1501 3250 1541 cum
3280 1501 3400 1543 non
3442 1503 3634 1545 unum
3660 1531 3676 1559 ,
3708 1491 3770 1545 et
3800 1483 3962 1549 idem

2414 1573 2478 1633 in
2508 1575 2840 1637 Provinciis
2862 1575 3182 1639 Flandrise
3210 1577 3290 1639 sit
3324 1579 3570 1655 idioma,
3606 1581 3830 1645 Milites
3852 1583 3970 1665 ipsi

2414 1665 2650 1729 diverso
2684 1667 2970 1731 idiomate
2996 1669 3364 1749 loquuntur,
3410 1691 3486 1733 ex
3526 1693 3650 1755 quo
3690 1677 3968 1755 sequitur

2412 1759 2576 1839 quod
2602 1761 2874 1841 proprios
2902 1762 3158 1824 debeant
3188 1763 3410 1827 babere
3444 1765 3842 1847 Cappellanos
3862 1771 3972 1851 ju-

2414 1855 2746 1917 risdictioni
2788 1865 3020 1919 tantum
3062 1857 3328 1939 Delegati
3370 1861 3666 1943 subjectos
3692 1907 3710 1937 ‚
3752 1883 3832 1925 ne
3872 1863 3968 1927 di-

2416 1949 2610 2011 missis
2636 1949 3014 2031 Cappellanis
3038 1971 3074 2013 a
3096 1951 3380 2033 Delegato
3396 1957 3766 2035 approbatis,
3790 1957 3968 2021 detur

2414 2063 2584 2105 casus
2610 2089 2626 2117 ,
2678 2045 2840 2123 quod
2868 2045 3090 2109 Milites
3116 2057 3360 2111 careant
3396 2049 3804 2131 Cappellano,
3836 2053 3966 2135 {qui

2414 2158 2594 2201 suum
2624 2141 2838 2203 calleat
2868 2141 3114 2205 idioma.
3472 2206 3476 2215 ,

2534 2235 2796 2295 Additur
2818 2281 2836 2309 ,
2870 2237 3034 2315 quod
3062 2257 3194 2299 san.
3228 2257 3408 2299 mem.
3444 2237 3718 2303 Clemens
3746 2241 3862 2305 XI.
3892 2243 3970 2307 ad

2416 2327 2764 2409 petitionem
2800 2331 3222 2413 Angustissimi
3248 2332 3642 2413 'Imperatoris
3680 2349 3790 2417 per
3828 2355 3968 2401 suas

2416 2423 2646 2485 litteras
2672 2425 3042 2505 Apostolicas
3063 2427 3126 2487 in
3159 2427 3352 2489 forma
3374 2427 3582 2489 Brevis
3610 2431 3698 2489 dia
3722 2435 3822 2491 28.
3852 2431 3970 2493 Ju-

2414 2520 2504 2577 m'i
2530 2522 2702 2579 1720.
2730 2520 3014 2581 concessit
3034 2521 3528 2583 Eminentissimo
3550 2524 3810 2585 Domino
3830 2525 3972 2587 Can-

2415 2613 2602 2673 dinali
2636 2613 2892 2695 Georgia
2926 2615 3218 2695 Spinulae
3240 2661 3256 2687 ,
3292 2625 3436 2677 tunc
3462 2617 3688 2679 Nuntio
3718 2621 3970 2699 Aposto-

2416 2705 2532 2767 lico
2558 2753 2572 2775 ,
2606 2715 2672 2767 ut
2698 2727 2805 2785 pro
2833 2707 3238 2781 Exercitibu5‚
3274 2709 3378 2789 qui
3413 2719 3576 2783 tunc,
3606 2719 3666 2773 et
3694 2731 3804 2791 pro
3828 2721 3970 2775 tem-

2414 2819 2560 2879 pore
2584 2801 2646 2861 in
2678 2801 3004 2865 Germania
3032 2803 3398 2877 consistent,
3434 2814 3538 2867 aut
3566 2805 3709 2867 inde
3731 2807 3796 2867 in
3816 2807 3970 2870 alias

2414 2895 2706 2975 Regiones
2730 2941 2748 2969 ,
2786 2897 3132 2959 Provincias
3158 2945 3176 2969 ‚
3208 2907 3268 2959 et
3311 2901 3518 2979 Regna
3540 2945 3558 2973 ,
3588 2909 3648 2961 et
3690 2901 3870 2963 etiam
3900 2901 3966 2965 in

2416 2991 2650 3051 Italiam
2682 3037 2698 3063 ,
2748 2999 2808 3053 et
2856 2991 3092 3053 Insulas
3136 2993 3474 3075 adjacentes
3518 2995 3918 3075 expedientur
3944 3043 3964 3069 ,

2418 3085 2782 3166 Cappellano
2816 3088 3032 3166 Major-i
3062 3088 3458 3150 Exercituum
3484 3090 3632 3152 dare
3658 3100 3850 3170 posset
3877 3092 3968 3156 fa-

2418 3178 2732 3250 cultatem,
2767 3190 2834 3240 ut
2878 3182 2958 3242 ab
3002 3180 3164 3260 ipso,
3196 3182 3294 3244 vel
3324 3182 3464 3244 aliis
3496 3182 3918 3248 Sacerdotibus
3946 3232 3966 3262 ,

2414 3272 2494 3334 ab
2524 3272 2730 3352 aliquo
2758 3274 3086 3336 Ordinatio
3120 3276 3472 3358 approbatis
3494 3326 3512 3348 ‚
3542 3286 3604 3338 et
3642 3278 3722 3341 ab
3756 3280 3966 3344 eodem

2416 3366 2778 3446 Cappellano
2808 3370 3022 3450 Majori
3052 3370 3550 3452 subdelegandis,
3582 3372 3970 3436 administra-

2415 3470 2626 3522 rentur
2652 3462 3058 3538 Sacramenta,
3084 3474 3142 3526 et
3164 3466 3340 3544 plura
3368 3464 3488 3526 alia
3512 3478 3964 3548 peragerentur,

2416 3556 2634 3618 additis
2656 3556 2752 3618 his
2778 3558 2980 3618 verbis
3004 3578 3021 3618 :
3060 3558 3328 3620 Volumus
3348 3570 3562 3630 antem,
3592 3572 3658 3620 ut
3679 3564 3730 3622 ia·
3760 3560 3970 3624 Sacer-

2414 3654 2560 3712 dotes
2578 3700 2592 3720 ,
2616 3672 2750 3728 qnos
2774 3654 2918 3712 idem
2958 3652 3344 3732 Cappettanus
3380 3654 3586 3732 Major*
3616 3676 3722 3736 pro
3753 3656 3972 3720 Sacra-

2416 3748 2614 3804 mentia
2642 3748 2814 3804 ctiam
2850 3746 3286 3806 Parochialibus
3306 3795 3320 3818 ‚
3356 3748 3656 3810 Militibus
3680 3796 3698 3824 ,
3728 3754 3972 3832 aliisquo

2416 3838 2680 3898 Per-sonis
2710 3884 2724 3910 ,
2776 3842 3214 3918 quibuscumque
3258 3844 3536 3902 dictorum
3588 3842 3972 3906 Exci-citatam

2418 3934 2814 3994 ministrandis
2838 3982 2852 4004 ‚
2876 3946 2940 3994 ut
2962 3924 3316 4014 procf'.·.·rtw··,¹
3340 3936 3686 4016 deputandos
3711 3940 3968 4016 duxerit,

2414 4030 2740 4088 nullatenus
2772 4048 2876 4106 pro
2922 4030 3122 4088 eisdem
3156 4028 3546 4092 sacramentis
3583 4052 3644 4092 eo
3688 4044 3926 4114 tempore
3948 4084 3966 4109 ,
4000 4081 4003 4085 «

2418 4124 2596 4200 iisqne
2634 4122 2930 4182 Militibus
2954 4168 2970 4196 ,
3002 4134 3052 4182 et
3100 4122 3360 4184 Per-sonis
3386 4126 3662 4204 praefatis
3686 4174 3704 4198 ,
3741 4130 3846 4206 qni
3870 4176 3888 4200 ,
3919 4138 3972 4190 ct

2355 4286 2356 4289 Ἴ
2416 4218 2690 4294 quamdiu
2720 4220 2780 4274 in
2818 4218 3118 4296 praesidiis
3139 4218 3276 4298 ficis
3296 4266 3310 4288 ,
3340 4220 3746 4298 stabilitasque
3788 4224 3972 4284 consi-

2416 4320 2558 4370 stent
2582 4354 2598 4380 ,
2624 4314 2716 4368 scd
2740 4310 2966 4386 quando
2988 4312 3298 4370 dumtaxat
3330 4312 3642 4374 Exercitus
3666 4316 3968 4394 praedicti,

2416 4406 2528 4464 sive
2562 4402 2826 4482 Leqiones
2852 4452 2866 4472 ,
2898 4406 3100 4482 quibus
3127 4406 3446 4466 inserviunt
3476 4456 3488 4476 ,
3524 4408 3590 4468 in
3618 4412 3840 4470 actuali
3864 4428 3970 4470 ccc-

2412 4500 2690 4578 peditionc
2712 4498 3062 4576 reperient-ur
3084 4544 3100 4568 ,
3140 4508 3242 4558 ant
3274 4501 3338 4558 in
3366 4504 3734 4580 temporaneis
3778 4504 3966 4566 hiber-

2416 4596 2506 4652 nis
2534 4642 2550 4662 ,
2588 4594 2672 4652 cel
2700 4594 2924 4650 aestivis
2948 4594 3286 4652 stationibus
3314 4594 3748 4670 detinebuntur,
3776 4600 3964 4662 admi-

2414 4686 2726 4748 nistrandis
2750 4730 2766 4756 ,
2798 4686 3056 4762 deputati
3082 4688 3508 4766 intelliyantnr.

2536 4779 2646 4840 His
2672 4779 2970 4840 stantibus
2998 4780 3352 4860 quaeritur:

2532 4872 2628 4932 An
2644 4919 2660 4942 ‚
2684 4882 2734 4932 ct
2764 4872 3034 4952 quomodo
3060 4876 3134 4934 sit
3158 4874 3566 4954 providendam
3594 4878 3658 4938 in
3684 4896 3820 4942 casu
3844 4888 3950 4942 etc.

2518 5065 2638 5118 Nun
2670 5062 2766 5114 tuit
2796 5064 3090 5134 proposita.
