4393 6299
940 493 1046 545 ⁴3⁶

753 663 915 706 aomo
940 652 989 703 si
1015 646 1218 706 celebra
1242 691 1257 714 ‚
1286 662 1314 702 c
1338 644 1614 719 fervor-oso
1632 639 1784 699 nella
1812 638 2220 717 predicaziom,
2248 640 2298 693 ri

752 742 1080 802 illuminato
1098 741 1251 800 nella
1277 737 1590 806 scolastica,
1625 754 1653 793 c
1681 735 1925 803 morale,
1954 752 1983 791 c
2003 736 2054 790 si
2078 732 2294 792 carica-

718 826 725 833 ’
755 835 868 894 tivo
886 826 1021 894 ncil'
1041 836 1331 911 inscqnarc
1354 877 1370 900 ‚
1402 830 1467 889 cd
1496 830 1728 888 istruirc
1753 827 1886 905 oqui
1910 836 2055 885 sorec
2089 825 2151 883 di
2171 844 2296 901 per-

750 946 903 996 sono:
925 926 1147 988 Laomic
1164 926 1389 1004 quando
1413 925 1471 983 la
1487 941 1699 982 somma
1716 921 2002 997 bcniynitci
2015 919 2146 979 dcll'
2162 918 2214 977 E
2223 917 2296 976 E.

764 1020 885 1082 VV.
913 1023 993 1080 mi
1013 1020 1246 1080 conceda
1265 1039 1345 1078 un
1369 1017 1456 1077 tal
1474 1035 1657 1084 noma,
1682 1019 1849 1073 verra
1871 1032 1909 1073 a
1932 1013 2193 1073 donar-mi
2220 1031 2303 1071 un

754 1119 1074 1177 isti-omento
1098 1115 1147 1174 il
1176 1115 1280 1192 piu
1303 1122 1458 1182 atto,
1502 1111 1567 1170 cd
1607 1110 1654 1169 il
1689 1111 1796 1188 piis
1829 1116 2174 1186 opportuno,
2206 1108 2302 1166 cha

752 1213 811 1271 io
844 1229 1007 1291 possa
1038 1209 1349 1269 desiderare
1376 1225 1475 1284 per
1501 1204 1834 1283 adoperarlo
1876 1204 1937 1259 in
1974 1212 2114 1261 tuuc
2140 1188 2302 1260 leoc-

755 1322 1012 1366 corrcnzc
1031 1303 1152 1363 alla
1175 1303 1396 1361 coltura
1424 1299 1513 1357 dcl
1532 1299 1643 1356 mio
1673 1295 1859 1364 Clcro,
1886 1315 1913 1355 c
1940 1297 2030 1356 dcl
2055 1297 2171 1353 mio
2190 1292 2303 1353 Po-

750 1400 918 1479 polo‚
948 1397 1046 1456 sed
1072 1440 1088 1466 ‚
1120 1402 1187 1455 ut
1229 1394 1293 1454 in
1326 1390 1678 1453 memoriam
1712 1392 2076 1451 reducantur
2097 1433 2114 1461 ‚
2145 1407 2304 1468 quae

754 1512 792 1555 a
829 1492 961 1552 Sac.
994 1488 1261 1551 Concilio
1287 1485 1652 1549 Tridentino
1674 1530 1692 1555 ‚
1722 1493 1780 1544 et
1812 1483 2008 1545 Sacris
2033 1482 2298 1545 Canoni-

756 1586 870 1647 bus
894 1592 1114 1646 statuta
1145 1592 1316 1643 sunt.

875 1678 1161 1756 Adeoque
1194 1694 1356 1736 nunc
1382 1672 1698 1754 quaeritur
1723 1692 1738 1732 :

871 1773 967 1832 An
992 1772 1182 1851 petitis
1207 1772 1282 1830 sit
1307 1769 1670 1830 annuendum
1700 1769 1764 1827 in
1786 1786 1920 1828 casu
1948 1776 2051 1826 otc.

863 1963 1014 2015 Sacra
1041 1962 1239 2028 congr.
1268 1923 1546 2029 respondit
1565 1978 1577 2008 z

935 2048 1211 2116 Negaeive.

1097 2268 1458 2345 QUAESTIO
1517 2268 1950 2331 cccxxxtx.

829 2486 902 2547 In
929 2484 1122 2549 Causa
1145 2485 1422 2549 Fir-mana
1458 2487 1919 2550 Renunciationis
1946 2536 1962 2559 ‚
1992 2488 2082 2549 dio
2114 2491 2207 2548 17.

1342 2578 1500 2642 Iulii
1549 2586 1724 2643 1723.

758 2740 1063 2857 Thomas
1088 2796 1164 2857 de
1191 2797 1434 2857 Adamis
1459 2844 1476 2867 ‚
1520 2798 1625 2877 qui
1678 2798 2006 2859 solemnem
2055 2796 2294 2859 Profes-

750 2889 982 2949 siunem
997 2888 1278 2950 emiserat
1296 2888 1358 2949 iu
1378 2890 1848 2971 Congregatione
1862 2891 2304 2954 Canonioorum

752 2982 1248 3051 Lateranensium
1271 3029 1289 3057 ‚
1319 2984 1433 3046 sibi
1467 2985 1759 3070 resignari
1800 2986 2065 3047 obtinuit
2115 2987 2305 3047 Paro-

750 3074 1009 3139 chialem
1031 3077 1357 3140 Ecclesiam
1379 3078 1442 3138 S.
1476 3078 1684 3140 Sabini
1717 3080 1779 3140 in
1811 3080 2075 3141 Dioecesi
2098 3079 2304 3161 Spole-

752 3177 919 3245 tana‚
948 3182 1009 3235 et
1028 3173 1454 3254 possessionem
1473 3173 1668 3237 dictae
1686 3168 2053 3239 Parochialis
2074 3175 2303 3256 ingres-

753 3284 856 3328 sus
875 3274 965 3330 est
990 3285 1145 3329 anno
1175 3267 1407 3328 Domni
1451 3270 1625 3329 1717.
1663 3279 1898 3332 servata
1926 3271 1990 3332 in
2016 3270 2302 3332 omnibus

753 3361 950 3424 forma
977 3361 1199 3426 decreti
1237 3361 1382 3424 editi
1411 3382 1448 3424 a
1473 3363 1605 3426 Sac.
1640 3364 2113 3447 congregatione
2154 3364 2300 3444 Epi-

753 3473 1094 3534 scoporum,
1122 3466 1183 3517 et
1209 3455 1603 3537 Regularium
1633 3459 1722 3519 dic
1751 3463 1846 3520 18.
1875 3458 2095 3521 Martii
2123 3444 2302 3520 1671.

756 3554 817 3610 et
835 3548 1152 3629 approbati
1182 3565 1219 3610 a
1244 3549 1552 3612 Clemente
1578 3552 1743 3633 Papa
1788 3552 1870 3615 X.
1918 3559 1978 3615 et
2025 3554 2299 3635 impressi

756 3642 910 3719 apud
950 3640 1260 3704 monacale.
1309 3645 1376 3703 in
1419 3644 1677 3725 Appcnd.
1728 3646 1804 3708 ad
1842 3647 2074 3725 formul.
2132 3648 2300 3728 ἱεραὶ.

754 3745 941 3814 praee.
970 3744 1103 3796 tom.
1135 3740 1193 3797 1.
1217 3736 1323 3816 toz.
1353 3741 1495 3798 3η.

878 3828 1107 3891 Exorta
1130 3829 1387 3914 subinde
1413 3833 1817 3896 controversia
1867 3832 2024 3896 inter
2057 3836 2255 3916 ipsum
2282 3881 2301 3908 ,

760 3929 822 3984 et
838 3941 979 3984 suos
1011 3942 1330 4004 germanos
1354 3923 1571 3988 fratres
1591 3971 1608 3999 ‚
1639 3935 1760 3989 tam
1792 3946 1973 4008 super
2000 3929 2302 3992 delatione

762 4016 905 4078 habi
914 4027 1007 4079 tus
1018 4016 1335 4100 Regularis
1351 4020 1840 4102 Congregatiouis
1857 4023 2068 4085 Latera
2076 4024 2299 4098 nensis,

763 4129 949 4191 quam
982 4130 1163 4191 super
1209 4131 1476 4192 regressu
1507 4159 1524 4186 ‚
1563 4134 1666 4176 seu
1712 4117 2178 4197 reintegratione
2224 4120 2316 4183 ad·

761 4205 920 4266 bona
945 4206 1317 4279 renunciata,
1338 4207 1646 4270 occasione
1665 4208 2053 4271 Professionis
2074 4213 2138 4273 in
2159 4213 2310 4274 Con-

763 4299 1108 4380 gregatione
1156 4300 1540 4362 lateranensi
1569 4346 1587 4370 ,
1634 4303 1777 4366 hina
1816 4304 1999 4368 dubia
2056 4306 2300 4369 fuerunt

763 4391 1067 4471 proposita
1091 4392 1156 4452 in
1183 4391 1653 4473 Congregatione
1672 4395 1881 4459 habita
1904 4398 2002 4460 die
2024 4404 2122 4461 25.
2159 4400 2302 4481 Maji

765 4490 939 4547 1722.
979 4493 1039 4547 et
1082 4485 1346 4565 primurn
1385 4485 1501 4548 fuit
1526 4536 1540 4558 ,
1584 4510 1663 4550 an
1703 4490 1938 4553 Thomas
1971 4495 2036 4554 dc
2067 4493 2305 4556 Adamis

761 4589 1018 4641 matur
1060 4580 1272 4656 deferre
1306 4565 1573 4641 habitum‘
1609 4582 1946 4661 Reqularcm
1985 4586 2304 4666 Conqrcqa-

761 4676 929 4736 tionis
952 4671 1350 4735 Laterancnsir
1372 4722 1388 4746 ‚
1432 4686 1547 4736 tam
1590 4679 1656 4737 in
1696 4678 2098 4742 Functionibus
2136 4685 2306 4743 cccle-

759 4770 1002 4829 siasticis
1028 4814 1044 4838 ‚
1087 4787 1260 4846 quam
1307 4779 1479 4830 extra
1508 4770 1818 4834 Ecclesiam
1846 4821 1860 4843 ,
1912 4786 1962 4835 ct
2012 4778 2305 4855 respectiva

761 4863 960 4923 habero
981 4861 1212 4922 Socium
1239 4862 1577 4941 Regularcm
1602 4866 1782 4928 dictae
1805 4865 2266 4948 Conqrcqationis
2283 4894 2307 4940 ,-

761 4963 820 5014 et
845 4955 1172 5014 secuudum
1195 4999 1212 5026 ‚
1247 4975 1326 5017 an
1347 4957 1521 5016 cidem
1547 4957 1786 5020 Thomac
1806 4961 1870 5020 dc
1894 4962 2132 5023 Adamis
2161 4983 2308 5025 com·-

747 5057 903 5128 pctae
922 5067 1218 5126 rcqrcssus,
1231 5068 1329 5110 scu
1345 5052 1710 5130 reinleqralio
1726 5056 1801 5114 ad
1824 5056 1963 5117 bona
1983 5059 2311 5118 renuntiata

758 5143 1036 5205 occasione
1057 5143 1419 5220 Professionis
1444 5148 1509 5204 in
1529 5147 1677 5208 dicta
1701 5148 2137 5228 Conqreyationc
2147 5149 2310 5213 Lato-

758 5237 990 5295 rancnsi
1014 5238 1077 5294 in
1097 5255 1233 5296 casu
1251 5246 1352 5297 etc.
1379 5239 1532 5299 etad
1551 5239 1811 5319 primum
1841 5261 2192 5322 responsum
2221 5255 2308 5307 est

1970 482 2411 551 oufesrtorffis
2448 480 2805 535 cmomcffi

2410 654 2482 694 ne
2517 631 2814 697 retinendi
2841 629 3067 696 socium
3093 649 3106 688 ε
3151 632 3360 693 Toxlus
3385 632 3532 691 caim
3551 634 3617 690 in
3650 649 3780 708 car·
3808 627 3957 707 quod

2411 731 2517 791 Dei
2541 731 2817 791 Timorem
2843 731 2908 790 dc
2928 740 3083 790 statu
3105 714 3516 789 monachorum
3533 773 3546 793 ,
3577 737 3626 786 ct
3660 725 3955 785 Decretum

2411 825 2625 886 Sacrae
2655 823 2702 885 C
2702 825 3114 903 onqrcqationis
3151 823 3363 882 editum
3409 840 3560 881 anno
3611 824 3780 879 1671.
3832 836 3956 878 non

2413 918 2827 1002 praescribunt
2847 916 3119 979 absolute
3142 961 3160 987 ‚
3188 924 3247 975 et
3288 912 3639 993 simpliciter
3668 910 3955 973 retentio÷

2412 1033 2546 1074 nem
2570 1011 2723 1074 Socii
2744 1002 2768 1084 ,⁷
2794 1011 2895 1073 sed
2919 1029 3059 1071 cum
3087 1006 3529 1069 modificatione
3552 1051 3570 1078 ‚
3603 1008 3654 1065 si
3681 1003 3957 1066 commoda

2409 1109 2535 1189 ficri
2555 1110 2724 1187 possit
2752 1154 2768 1176 ,
2798 1115 2857 1167 et
2882 1106 2957 1166 ad
2986 1103 3312 1164 secundum
3340 1099 3564 1162 dictum
3589 1107 3706 1171 est,
3740 1119 3955 1177 compc-

2411 1215 2519 1263 tcrc
2552 1203 2700 1262 dicto
2735 1201 2783 1261 T
2780 1202 2970 1261 homae
2997 1200 3062 1258 dc
3089 1196 3324 1257 Adamis
3361 1214 3667 1273 repressum
3691 1241 3707 1263 ,
3735 1214 3829 1254 scu
3863 1213 3954 1253 rc-

2410 1298 2838 1375 intcyrationcm
2889 1295 2965 1356 ad
3012 1296 3152 1353 bona
3201 1292 3531 1352 renuntiata
3565 1288 3751 1367 quoad
3788 1305 3955 1347 asum

2411 1403 2666 1462 tantum,
2701 1392 3060 1472 jussumque
3106 1385 3221 1447 fuit
3245 1433 3261 1457 ‚
3287 1385 3448 1466 quod
3491 1403 3670 1446 causa
3697 1381 3957 1462 amplius

2409 1506 2528 1547 non
2560 1493 3024 1566 proponeretur.
3119 1508 3128 1525 κ

2527 1579 2870 1641 Terminata
2901 1577 3012 1639 hac
3033 1574 3315 1637 instantia
3340 1618 3357 1645 ,
3390 1572 3511 1635 alia
3539 1581 3813 1652 promota
3843 1569 3957 1633 fuit

2408 1694 2443 1738 a
2471 1693 2645 1753 saepe
2674 1680 3002 1734 memerato
3031 1671 3259 1731 Thema
3285 1671 3360 1732 de
3389 1666 3636 1731 Adamis
3672 1666 3959 1728 adversus

2410 1787 2549 1829 suos
2575 1768 2791 1829 fratres
2813 1785 2990 1845 super
3013 1764 3374 1843 pertinentia
3400 1762 3675 1824 videlicet
3696 1758 3961 1841 proprie·

2413 1862 2552 1924 tatis
2580 1910 2595 1931 ,
2652 1881 2756 1922 seu
2803 1859 3056 1923 dominii
3113 1859 3414 1920 honorum
3442 1903 3458 1929 ,
3506 1875 3687 1935 super
3736 1853 3962 1934 quibus

2415 1975 2589 2018 usum
2615 1955 2878 2018 obtinuit
2895 1954 2974 2017 ab
2995 1954 3104 2014 hac
3126 1954 3256 2015 Sao.
3284 1942 3501 2032 Congr.
3533 1958 3593 2012 et
3613 1949 3677 2010 in
3702 1947 3963 2025 scriptu-

2414 2071 2480 2113 ra
2513 2071 2618 2131 per
2649 2067 2866 2110 manus
2891 2046 3367 2110 circumferenda
3396 2043 3725 2117 contendit,
3750 2042 3845 2103 vel
3881 2042 3961 2103 ad

2410 2165 2473 2206 se
2494 2191 2510 2217 ,
2538 2144 2631 2206 vel
2664 2144 2740 2206 ad
2767 2162 2938 2205 suam
2970 2141 3296 2204 Ecclesiam
3333 2137 3748 2202 parochialem
3796 2136 3964 2199 dela-

2412 2249 2532 2302 tam
2560 2238 2745 2300 fuisse
2771 2236 2991 2298 dictam
3023 2236 3318 2296 bonorum
3350 2232 3802 2314 proprietatem.
3840 2239 3902 2292 et
3925 2248 3963 2291 e

2412 2343 2617 2396 eontra
2641 2332 2904 2414 ejusdem
2930 2330 3201 2412 germani
3234 2329 3452 2391 fratres
3470 2329 3533 2388 in
3562 2326 3685 2389 alia
3710 2324 3964 2404 scriptu·

2414 2449 2479 2490 ra
2528 2447 2633 2509 per
2674 2424 3140 2506 manus-pariter
3179 2420 3657 2485 circumferenda
3684 2427 3963 2500 praeten-

2411 2525 2601 2594 dunt,
2631 2521 3058 2603 proprietatem
3083 2517 3244 2599 apud
3271 2536 3334 2578 se
3380 2534 3694 2578 remanere
3735 2513 3960 2575 debere

2415 2619 2476 2680 in
2510 2619 2632 2679 vim
2674 2613 3146 2678 renunciationis
3175 2631 3212 2674 a
3239 2612 3469 2672 Thema
3496 2610 3746 2671 emissae
3792 2626 3964 2669 occa-

2411 2713 2579 2773 sione
2603 2709 2916 2792 religiosae
2945 2705 3336 2769 professionis
3365 2749 3381 2775 ‚
3413 2703 3832 2781 itaut'pactum
3864 2719 3964 2762 re·

2413 2824 2650 2887 gressus
2675 2805 2932 2867 ad.bona
2960 2800 3197 2882 operari
3224 2797 3469 2879 quidem
3489 2797 3727 2869 valeat,
3758 2794 3961 2875 quoad

2413 2919 2612 2972 nsum,
2633 2900 2738 2961 sed
2760 2895 3197 2979 praejudicium
3225 2893 3444 2953 afferre
3471 2908 3592 2952 non
3619 2889 3801 2968 pooeit
3831 2907 3966 2968 pro·

2415 2994 2650 3075 prietati
2670 2995 2798 3073 jam
2818 2991 2894 3053 ad
2918 2991 3075 3069 ipsos
3094 2988 3327 3051 delatae
3351 2988 3415 3047 in
3436 2983 3746 3065 sequelam
3769 2981 3964 3044 dictae

2414 3086 2890 3152 renunciationis
2910 3126 2927 3143 .

2533 3182 2691 3258 Quia
2711 3199 2855 3244 vero
2868 3180 3006 3260 jure
3022 3176 3196 3256 spolii
3222 3175 3469 3237 Camera
3492 3171 3832 3253 Apostoliea
3849 3170 3967 3233 ali-

2417 3297 2601 3360 quam
2628 3276 2854 3338 habere
2906 3279 3094 3353 potest
3139 3267 3618 3349 praetensienem
3636 3312 3654 3338 ,
3682 3265 3826 3327 hinc
3849 3273 3963 3339 est,

2416 3374 2579 3454 quod
2612 3370 2845 3432 ratione
2872 3365 3048 3429 officii
3072 3383 3292 3444 operae
3319 3361 3582 3443 pretium
3608 3379 3735 3422 esse
3756 3376 3969 3421 censeo

2415 3465 2726 3547 sequentia
2749 3482 2931 3541 super
2956 3459 3199 3530 addere,
3217 3456 3305 3518 uti
3330 3455 3612 3518 omnibus
3634 3453 3969 3532 adaequate

2417 3560 2493 3621 de
2518 3577 2684 3620 more
2703 3552 3066 3637 ponderatis,
3095 3560 3292 3612 tutum
3316 3550 3394 3610 ab
3414 3548 3526 3609 hac
3548 3547 3679 3610 Sac.
3702 3546 3970 3626 Congre-

2416 3653 2660 3737 gatione
2681 3650 2825 3712 ferri
2856 3648 3040 3730 possit
3061 3644 3391 3728 judicium.

2534 3748 2715 3807 Juxta
2739 3741 3126 3822 receptiorem
3146 3736 3499 3800 sententiam
3525 3734 3859 3816 Religiosus
3877 3735 3959 3796 ad

2418 3840 2838 3920 Episcopatum
2865 3843 3172 3916 promotus
3195 3841 3464 3893 remanet
3485 3828 3807 3891 obstrictus
3823 3837 3965 3891 voto

2418 3932 2815 4015 Paupertatis‚
2849 3939 2908 3990 et
2938 3926 3252 4010 proprium
3305 3925 3530 3987 habere
3554 3940 3675 3984 non
3717 3931 3908 4003 potest
3937 3968 3958 3995 ,

2406 4030 2590 4108 juaeta
2622 4026 2830 4086 Divum
2878 4022 2931 4082 T
2926 4024 3146 4084 hamam
3172 4019 3332 4096 infra
3380 4017 3730 4097 referendum
3774 4020 3833 4075 2.
3898 4020 3968 4077 2.

2418 4133 2632 4203 quaest.
2671 4125 2806 4182 185.
2834 4128 2951 4180 art.
2983 4122 3043 4178 8.
3079 4116 3155 4176 ad
3184 4119 3241 4175 3.
3282 4111 3442 4173 unde
3467 4110 3605 4172 licet
3649 4118 3963 4190 paternam

2416 4215 2679 4278 vindicet
2701 4210 3130 4274 haereditatem
3137 4209 3312 4288 juxta
3332 4202 3575 4264 Teoetum
3593 4206 3659 4262 in
3680 4200 3826 4263 Can.
3850 4212 3966 4263 sta-

2415 4321 2599 4370 tutum
2621 4313 2715 4368 18.
2749 4313 2963 4383 quaest.
2994 4307 3049 4362 1.
3077 4299 3190 4371 ibi,
3213 4309 3490 4359 statutum
3508 4307 3586 4356 cst
3604 4307 3705 4357 clc.
3732 4306 3797 4355 ut
3825 4295 3962 4357 Mo-

2413 4405 2645 4470 nachus,
2698 4420 2859 4478 quem
2901 4398 3173 4458 canonica
3213 4394 3402 4453 electio
3429 4412 3465 4452 a
3507 4390 3660 4469 Juqo
3709 4391 3960 4467 Requlac

2413 4496 2763 4557 Monaslicac
2798 4491 3161 4570 Prosasionis
3183 4488 3449 4556 absolvit,
3482 4495 3533 4544 ct
3580 4503 3743 4549 sacra
3774 4482 3958 4545 Ordi-

2411 4595 2570 4652 natio
2600 4592 2663 4649 dc
2687 4586 2972 4650 Monacho
3009 4585 3347 4664 Episcopum
3377 4581 3517 4658 facit
3538 4623 3555 4651 ,
3585 4580 3734 4638 velut
3785 4580 3964 4656 lcqiti·

2416 4705 2536 4744 mus
2563 4686 2748 4743 haeres
2776 4692 3068 4760 paternam
3085 4677 3196 4736 sibi
3208 4675 3603 4735 haereditatem
3622 4681 3808 4750 postea
3825 4671 3961 4749 jura

2415 4779 2744 4839 vindicandi
2765 4783 3083 4855 potestatem
3102 4771 3386 4836 obtineat:
3418 4767 3530 4828 hoc
3554 4773 3748 4827 tamon
3775 4763 3955 4827 intel-

2421 4871 2626 4952 ligitur
2655 4868 2854 4950 quoad
2886 4886 3089 4935 usum,
3115 4883 3235 4925 non
3268 4862 3468 4942 quoad
3509 4859 3958 4940 proprietatem,

2418 4974 2477 5026 et
2503 4961 2838 5024 dominium
2856 5006 2871 5032 ,
2924 4977 3060 5020 cum
3113 4956 3259 5017 haec
3308 4955 3382 5015 ad
3434 4967 3602 5014 suam
3635 4951 3961 5014 Ecclesiam

2418 5057 2790 5130 deferantur,
2825 5054 2911 5115 uti
2937 5052 3227 5132 ponderat
3260 5048 3436 5108 Divus
3463 5046 3698 5106 Thomas
3726 5048 3841 5107 loco
3877 5049 3963 5107 ci-

2412 5163 2551 5224 tata,
2583 5151 2692 5224 ibi,
2722 5150 3022 5231 proprium
3043 5155 3230 5206 autem
3255 5144 3414 5202 nullo
3436 5142 3593 5200 modo
3619 5141 3817 5200 habero
3841 5160 3964 5218 pos-

2419 5259 2548 5307 sunt
2563 5269 2583 5314 ,·
2609 5267 2720 5306 non
2747 5247 2895 5306 enim
2909 5252 3205 5323 paternam
3228 5237 3619 5298 haereditatem
3641 5235 3752 5293 sibi
3771 5236 3962 5294 vindi·

761 5329 837 5388 ad
869 5339 1101 5388 mcumm
1130 5376 1143 5397 .
1174 5348 1333 5410 quae
1355 5328 1471 5391 fnit
1498 5381 1511 5400 ,
1548 5335 1708 5412 quod
1745 5336 2004 5397 deferret
2033 5337 2306 5399 habitum
2416 5352 2547 5402 cant
2567 5343 2732 5419 quasi
2753 5339 3068 5418 propriam,
3092 5336 3183 5395 sed
3202 5334 3366 5412 quasi
3397 5329 3674 5389 Ecclesiae
3693 5331 3958 5400 debitam.

753 5422 931 5502 juxta
958 5423 1198 5485 solitum
1222 5470 1238 5499 ,
1269 5436 1330 5487 et
1359 5436 1506 5487 esset
1542 5440 1852 5509 exemptus
1880 5433 1956 5493 ab
1988 5433 2303 5514 obligatio-

2422 5445 2480 5495 et
2505 5434 2647 5496 haec
2668 5452 2901 5512 semper
2935 5428 3048 5490 fuit
3069 5424 3359 5488 sententia
3385 5423 3601 5484 Curiae
3631 5424 3958 5497 Romanae,
