4393 6299
923 515 1032 567 886

743 686 999 750 spanae3
1020 683 1287 746 ,cumque
1324 662 1479 725 datis
1508 680 1543 724 a
1575 663 1734 743 Rege
1766 658 1984 729 litteris
2016 659 2092 721 ad
2119 656 2288 720 Emi-

746 756 1166 825 nentissimum
1223 760 1295 832 D.
1359 754 1741 820 cardinalem
1795 754 1869 818 de
1921 754 2240 835 Aquaviva
2271 799 2288 826 ‚

1946 502 2394 575 QtJ.-EST10NES
2431 502 2790 557 CANONICAE

2400 657 2581 718 dralis
2612 654 2891 718 canonici
2919 700 2936 724 ,
2965 660 3015 712 et
3046 650 3268 724 λιστον,
3298 659 3349 711 st
3379 648 3660 728 Maqs’stri
3688 659 3822 711 actu
3847 649 3950 709 do·

2400 761 2575 812 centes
2624 752 2689 810 in
2736 746 2985 825 Collcqio
3026 745 3328 824 aqyrcqari
3366 745 3580 824 possint
3626 744 3701 805 ad
3749 764 3950 806 novam

743 855 976 920 fuerint
1000 855 1079 917 ab
1104 851 1447 916 Eminentia
1468 851 1589 912 Sua
1619 848 2003 912 Sanctissimo
2031 847 2289 910 Domino
2408 844 2841 906 Universitatom
2865 859 2986 902 una
3030 858 3158 900 cum
3190 837 3461 917 qradibus
3491 881 3508 909 ,
3562 855 3698 916 quos
3725 839 3789 898 in
3817 839 3953 899 aliis

743 951 961 1012 Nostro
1007 967 1209 1029 preces
1254 945 1561 1006 exhibitae
1586 990 1604 1017 ,
1653 951 1781 1005 tum
1833 961 1942 1023 pro
1993 940 2291 1003 erectione
2410 937 2885 999 Universitatibus
2912 941 3236 1014 receperunt
3262 933 3328 990 in
3356 950 3491 991 casu
3519 941 3622 991 stc.

748 1042 995 1124 Collegii
1040 1044 1106 1104 in
1155 1039 1614 1103 Universitatem
1633 1084 1650 1111 ,
1698 1047 1824 1099 tum
1873 1055 1980 1116 pro
2014 1035 2298 1098 facultate

750 1137 1091 1201 conferendi
1125 1136 1347 1218 gradus
1382 1133 1727 1196 Doctorales
1749 1178 1766 1205 ‚
1797 1133 1974 1215 juxta
2001 1150 2106 1203 ea,
2138 1148 2297 1210 quae

749 1234 814 1296 iu
850 1231 1263 1313 superioribus
1301 1229 1457 1291 dicta
1496 1236 1669 1296 sunt.
1710 1237 1770 1288 et
1811 1227 2025 1298 etiam,
2071 1232 2139 1286 ut
2174 1222 2296 1285 eri-

749 1327 977 1410 gendae
1001 1323 1388 1388 Universitati
1411 1321 1722 1404 aggregari
1748 1321 1989 1383 valeant
2012 1317 2294 1391 Praelati,

749 1419 1034 1484 Canonici
1055 1416 1449 1492 Cathedralis,
1473 1419 1686 1480 Rector
1708 1414 1957 1496 Collegii
1973 1460 1990 1487 ,
2012 1423 2073 1477 et
2090 1413 2297 1476 Scien-

751 1515 974 1579 tiarum
1003 1514 1070 1577 in
1107 1533 1179 1577 eo
1212 1511 1578 1575 Professores
1604 1530 1742 1573 cum
1786 1508 2119 1573 retentione
2155 1528 2297 1591 gra·

751 1609 975 1682 duum,
1011 1626 1163 1690 quos
1202 1606 1315 1688 ipsi
1359 1606 1424 1668 in
1465 1604 1602 1668 aliis
1631 1603 2135 1668 Universitatibus
2168 1605 2299 1685 Jam

751 1712 1147 1784 receperunt,
1191 1699 1441 1762 fuerunt
1489 1719 1526 1762 a
1568 1699 1894 1762 Sanctitate
1934 1699 2056 1760 Sua
2099 1717 2302 1779 preces

752 1816 865 1878 pro
894 1804 1033 1876 voto
1075 1794 1358 1857 remissae
1394 1794 1470 1856 ad
1516 1792 1674 1856 banc
1714 1795 1846 1856 Sac.
1881 1791 2304 1874 Congregatio-

760 1910 919 1953 nem.

871 1982 1049 2044 Petiit
1081 1981 1481 2063 portugalliae
1523 1983 1648 2043 Rex
1690 2000 1724 2041 a
1766 1999 1895 2042 san.
1950 2000 2127 2041 mem.
2165 1979 2298 2040 Cle-

755 2091 953 2138 mente
989 2078 1097 2138 xt.
1131 2086 1197 2138 ut
1224 2076 1592 2159 Dignitates.
1624 2075 1941 2145 Canonici,
1971 2085 2029 2137 et
2059 2073 2293 2135 Benefi-

754 2171 894 2234 ciati
936 2191 1126 2233 novae
1156 2170 1654 2252 Metropolita‘nae
1682 2169 2107 2232 Patriarchalis
2139 2169 2302 2231 Ulix-

756 2267 988 2327 bonen.
1023 2266 1422 2328 Occidentalis
1446 2310 1465 2340 ,
1512 2276 1633 2327 tam
1675 2273 2013 2346 praesentes
2040 2310 2057 2336 ‚
2112 2281 2300 2344 quam

754 2359 988 2434 futuri,
1022 2359 1129 2441 qui
1161 2361 1456 2422 Lauream
1488 2360 1862 2421 Doctoralem
1894 2358 2156 2439 recipere
2176 2356 2303 2419 vel-

754 2454 924 2529 lent,
956 2453 1051 2517 vel
1076 2454 1146 2516 iu·
1169 2455 1299 2518 Sac.
1335 2454 1692 2537 Theologia,
1728 2453 1821 2516 vel
1845 2454 1907 2515 in
1934 2453 2083 2515 Jure
2107 2452 2303 2515 Cano·

755 2547 893 2609 nico
914 2593 932 2621 ,
964 2567 1084 2610 non
1120 2556 1466 2610 tenerentur
1489 2548 1806 2610 Civitatem
1843 2555 2043 2628 petere
2068 2546 2304 2608 Conim-

758 2641 1092 2703 bricensem
1116 2686 1134 2714 ,
1168 2641 1230 2702 in
1252 2661 1377 2722 qua
1401 2642 1603 2705 existit
1625 2640 2017 2714 Universitas,
2045 2640 2147 2703 sed
2170 2659 2305 2721 gra·

761 2737 906 2796 dum
945 2736 1479 2809 Baccalaureatus,
1530 2746 1589 2799 et
1634 2737 2026 2809 Doctoratus,
2071 2745 2192 2797 tam
2241 2734 2305 2794 in

759 2832 890 2893 Sac.
925 2829 1252 2912 Theologia
1277 2876 1295 2904 ,
1340 2831 1525 2912 quam
1568 2832 1628 2891 in
1656 2835 1795 2911 jure
1825 2830 2125 2906 Canonico
2156 2830 2306 2891 reci-

764 2945 905 3005 pere
939 2934 1173 3004 possent
1198 2944 1233 2985 a
1263 2925 1605 2987 Patriarcha
1639 2927 1702 2986 in
1737 2925 1992 2988 Civitate
2033 2923 2309 2987 Ulixibo-

764 3040 905 3082 nen.
941 3018 1306 3081 Occidentali
1335 3065 1352 3092 ‚
1381 3028 1440 3082 et
1469 3021 1630 3101 quod
1661 3019 1747 3081 sic
1771 3019 1952 3082 creati
1986 3019 2311 3081 Baccalau-

766 3113 876 3187 rei,
907 3124 965 3176 et
994 3115 1276 3175 Doctores
1302 3112 1553 3195 perinde
1577 3114 1969 3186 haberentur,
2001 3132 2071 3176 ac
2095 3113 2143 3174 si
2173 3113 2311 3174 Bac·

763 3209 1172 3269 calaureatum
1195 3252 1213 3279 ,
1243 3217 1304 3269 et
1329 3209 1685 3270 Doctoratus
1705 3208 2060 3289 recepissent
2090 3207 2154 3267 in
2184 3206 2314 3288 ipsa

771 3304 813 3364 U
824 3302 1167 3367 niversitate
1192 3301 1689 3364 Conimbricensi.

884 3395 1195 3458 Petitionis
1214 3416 1464 3457 examen
1488 3397 1605 3459 fuit
1625 3397 1699 3459 ad
1725 3397 1882 3459 hanc
1901 3396 2142 3459 Sacram
2163 3395 2313 3457 Con·

767 3489 1174 3572 gregationem
1202 3490 1514 3552 remissum
1542 3537 1560 3565 ,
1589 3512 1747 3573 quae
1777 3490 2008 3553 censuit
2034 3509 2311 3553 annuen-

768 3587 913 3648 ‹tum
941 3604 1066 3646 esse
1093 3585 1292 3666 petitis
1318 3632 1333 3656 ‚
1366 3585 1449 3648 ita
1480 3594 1714 3661 tamen,
1747 3594 1815 3649 ut
1840 3587 2065 3668 gradus
2091 3586 2315 3648 Bacca-

772 3682 1076 3742 laureatus
1100 3726 1115 3752 ,
1161 3691 1219 3742 et
1269 3683 1621 3743 Doctoratus
1646 3681 2023 3745 conferretur
2067 3682 2147 3741 ab
2184 3680 2317 3760 ipso

770 3775 1118 3837 I'atriarcha
1148 3794 1258 3857 pro
1287 3786 1553 3856 tempore
1573 3821 1590 3849 ,
1621 3794 1727 3838 seu
1758 3776 1838 3837 ab
1855 3775 1980 3837 alio
2007 3775 2069 3836 in
2101 3773 2317 3857 Digni·

775 3880 893 3931 tate
914 3870 1321 3932 Ecclesiastica
1350 3870 1672 3933 constituto
1697 3916 1715 3945 ,
1744 3878 1804 3932 et
1832 3870 1912 3931 ab
1937 3869 2146 3931 eodem
2171 3869 2317 3930 sub·

771 3965 1124 4046 delegando,
1147 3974 1207 4026 et
1231 3964 1391 4045 quod
1421 3966 1644 4047 gradus
1661 3963 1948 4046 praedicti
1975 3964 2322 4026 nullatenus

772 4061 1189 4122 conferrentur
1211 4059 1323 4122 nisi
1349 4060 1848 4123 Baccalaureandi
1869 4069 1927 4121 et
1954 4057 2318 4121 Doctorandi

778 4162 944 4216 tanto
978 4163 1245 4234 tempore
1270 4154 1635 4215 studuissent
1660 4202 1677 4226 ,
1711 4160 2007 4235 quantum
2037 4161 2187 4215 esset
2214 4170 2321 4214 ne-

775 4248 1095 4310 cessarium
1120 4294 1137 4321 ‚
1171 4260 1239 4310 ut
1265 4248 1817 4322 Baccalaureatum‚
1850 4258 1908 4310 et
1936 4251 2322 4310 Doctoratum

776 4340 1050 4403 obtinere
1079 4351 1314 4422 possent
1341 4341 1406 4402 in
1439 4340 1839 4403 Universitate
1866 4340 2321 4404 conimbricen-

778 4434 827 4496 si
856 4482 873 4506 ,
904 4444 962 4496 et
984 4436 1146 4515 quod
1166 4454 1419 4496 examen
1445 4435 1653 4496 eodem
1678 4434 1856 4496 modo
1882 4433 2075 4505 fieret,
2101 4443 2319 4494 etcum

776 4531 986 4594 eodem
1034 4533 1233 4611 rigore
1257 4574 1273 4602 ,
1311 4548 1434 4610 quo
1476 4528 1556 4591 fit.
1577 4529 1639 4589 in
1689 4528 1843 4590 dicta
1882 4527 2322 4599 Universitate,

784 4626 871 4689 uti
894 4625 1198 4707 colligitur
1225 4644 1300 4686 ex
1321 4625 1572 4686 Decreto
1589 4623 1751 4684 edito
1768 4624 1857 4683 dio
1879 4628 1936 4684 8.
1962 4621 2123 4682 Jutii
2148 4618 2323 4683 1719.

2514 1096 2668 1151 Sacra
2695 1097 2891 1166 Congr.
2921 1095 3009 1148 die
3032 1093 3122 1145 23.
3153 1092 3275 1162 Maii
3309 1092 3465 1144 1723.
3496 1092 3809 1162 respondit:

2583 1182 2953 1255 Affirmau've.

2819 1331 3177 1410 QUAESTIO
3217 1330 3531 1394 CCLVIII.

2545 1524 2617 1585 In
2644 1522 2840 1588 cama
2881 1522 3171 1585 Verulana
3195 1568 3213 1592 ,
3246 1521 3334 1581 die
3361 1525 3420 1582 2.
3452 1519 3613 1600 Maji
3643 1525 3815 1583 1722.

2409 1641 2598 1760 Bon.
2635 1716 2811 1759 mem.
2863 1697 2936 1758 R.
2970 1697 3038 1757 P.
3071 1696 3145 1757 D.
3192 1693 3546 1757 Dominicus
3568 1694 3791 1758 Zaulus
3812 1696 3962 1777 Epi-

2409 1812 2622 1872 scopus
2640 1791 3008 1865 verulanus,
3028 1790 3173 1852 dum
3190 1788 3594 1852 visitationem
3613 1810 3764 1852 anno
3780 1797 3955 1855 1690.

2412 1888 2679 1968 expleret
2710 1885 3058 1947 Monasterii
3097 1883 3457 1946 Monialium
3485 1885 3547 1945 S.
3579 1884 3832 1947 Ioannis
3857 1888 3966 1950 Ba·

2411 1983 2626 2064 ptistae
2640 1983 2863 2043 Terrae
2886 1980 3109 2042 Babuci
3142 1979 3201 2039 in
3227 1998 3333 2040 sua
3358 1979 3669 2041 Verulana
3696 1980 3962 2043 Dioecesi

2412 2075 2721 2137 existentis
2747 2123 2764 2146 ,
2799 2073 3062 2136 decrevit
3088 2119 3105 2146 ‚
3150 2073 3311 2154 quod
3340 2074 3548 2135 Tubae
3596 2074 3829 2156 ligneae
3858 2094 3966 2156 ap·

2413 2177 2778 2251 ponerentur
2820 2169 2882 2230 in
2915 2166 3226 2229 nonnullis
3263 2167 3539 2230 fenestris
3573 2168 3716 2231 dicti
3747 2171 3963 2232 Mona-

2411 2263 2575 2326 sterii
2606 2310 2624 2337 ,
2664 2284 2736 2325 ne
2763 2262 3057 2324 Moniales
3085 2261 3378 2342 respicere
3423 2271 3660 2342 possent
3688 2263 3753 2324 in
3790 2265 3967 2327 aedes

2411 2358 2801 2431 viduorum,
2830 2365 2890 2420 et
2929 2377 3004 2419 ne
3030 2355 3230 2417 Vicini
3269 2356 3331 2417 in
3362 2357 3797 2419 Monasterium
3824 2378 3965 2439 pro-

2408 2462 2673 2532 spectum
2693 2451 2920 2513 habere
2947 2450 3220 2512 valerent
3241 2474 3258 2524 ς
3282 2458 3822 2531 temperamentum
3849 2453 3962 2515 boc

2411 2546 2634 2608 etenim
2663 2546 2972 2607 Tubarum
3008 2543 3345 2627 lignearum
3371 2552 3661 2606 consonat
3700 2546 3967 2608 Decretis

2413 2640 2544 2702 Sac.
2593 2638 3085 2721 Congregationis
3109 2638 3541 2718 Episcopnrum
3568 2684 3585 2711 ‚
3618 2647 3677 2701 et
3708 2639 3968 2722 Regula-

2415 2735 2576 2796 rium
2603 2734 2778 2796 editis
2804 2734 2920 2796 sub
2946 2732 3237 2813 Gregorio
3279 2733 3455 2794 XIII.
3489 2742 3547 2794 et
3577 2732 3782 2796 relatis
3808 2737 3967 2816 apud

2416 2829 2727 2909 Piqnatell.
2760 2830 2998 2889 consult.
3033 2832 3168 2888 187.
3203 2837 3353 2887 tom:
3371 2833 3429 2888 9.
3462 2835 3750 2890 consonat
3767 2829 3967 2910 praxi,

2418 2922 2493 2984 de
2521 2942 2641 3003 qua
2671 2921 2913 3002 Sperell.
2942 2923 3106 2983 decis.
3125 2926 3222 2982 58.
3239 2923 3341 2981 sub
3361 2941 3425 2983 n.
3455 2927 3517 2982 8.
3545 2930 3604 2984 et
3624 2922 3969 2985 admittitur

2417 3015 2639 3078 nedum
2674 3014 2738 3075 in
2788 3013 3169 3075 Monasteriis
3212 3014 3612 3089 Montanum,
3655 3017 3756 3077 sed
3784 3016 3968 3078 etiam

2417 3108 2484 3170 in
2532 3106 2911 3170 Monasteriis
2939 3106 3380 3189 Religiosorum
3407 3153 3425 3182 ‚
3460 3109 3639 3189 juxta
3670 3129 3874 3174 casum
3904 3110 3967 3172 in

2419 3203 2549 3266 Sac.
2609 3201 3080 3283 Congregatione
3146 3201 3576 3283 Episcoporum
3637 3205 3970 3266 resolutum

2422 3299 2513 3358 dic
2544 3300 2640 3357 13.
2674 3296 2923 3374 Auyusti
2958 3299 3133 3355 1717.
3163 3296 3238 3355 de
3264 3313 3388 3375 quo
3416 3295 3488 3356 D.
3518 3296 3745 3377 Ursaya
3768 3300 3834 3357 in
3854 3303 3974 3360 suis

2423 3393 2648 3470 decept.
2685 3400 2816 3450 tom.
2855 3394 2915 3449 2.
2955 3400 3107 3468 part.
3133 3394 3192 3449 2.
3226 3391 3452 3470 discept.
3489 3396 3547 3455 6.
3575 3411 3675 3471 por
3707 3403 3901 3454 totam.

2541 3485 2858 3546 Decretum
2892 3483 3176 3563 praedicti
3210 3486 3282 3546 R.
3318 3484 3383 3544 P.
3417 3487 3489 3545 D.
3523 3486 3598 3547 de
3627 3488 3831 3549 Zaulis
3857 3488 3977 3552 fuit

2420 3577 2759 3641 executioni
2785 3578 3135 3639 mandatum
3163 3622 3180 3650 ,
3211 3577 3312 3639 sed
3337 3598 3473 3639 cum
3501 3581 3709 3643 Tubae
3738 3582 3976 3663 ligneae

2424 3691 2469 3733 e.
2489 3670 2766 3733 fenestris
2785 3671 3119 3733 exciderint
3145 3715 3164 3744 ,
3209 3690 3316 3731 nec
3350 3671 3411 3731 in
3441 3690 3617 3734 suum
3647 3674 3845 3736 locum
3883 3697 3980 3739 re-

2427 3766 2653 3847 positae
2684 3765 2950 3836 fuerint,
2989 3775 3320 3845 exortaque
3346 3765 3605 3828 subinde
3633 3768 3710 3829 sit
3737 3750 4019 3832 contro-⁰

2431 3860 2622 3921 versia
2651 3878 2786 3921 cum
2820 3857 2942 3919 illis
2962 3860 3035 3919 de
3065 3858 3261 3920 Ressis
3288 3905 3303 3931 ,
3336 3859 3440 3938 qni
3470 3861 3726 3922 Domum
3756 3864 3982 3927 babent

2425 3973 2461 4015 e
2486 3962 2801 4034 conspectu
2843 3953 3193 4014 Monasterii
3234 3972 3416 4033 super
3447 3956 3780 4018 retentione
3814 3958 3980 4020 fene·

2426 4056 2690 4110 stratum
2738 4048 2801 4107 in
2848 4047 3264 4125 superioribus
3306 4046 3518 4108 domus
3565 4052 3983 4115 mansionibus

2428 4140 2850 4214 existentium3
2880 4140 3252 4203 contendunt
3277 4141 3499 4202 etenim
3520 4162 3584 4204 se
3612 4144 3799 4208 dictas
3822 4147 3982 4209 fene-

2430 4245 2583 4299 stras
2627 4235 2886 4295 retinere
2913 4253 3082 4315 posse
3106 4279 3124 4307 ,
3162 4234 3487 4297 dummodo
3513 4238 3722 4300 Tubae
3749 4240 3985 4321 ligneae

2430 4328 2727 4407 collapsae
2757 4346 2792 4388 e
2822 4326 3100 4389 fenestris
3142 4327 3492 4390 Monasterii
3524 4331 3883 4396 Monialium
3914 4337 3977 4398 in

2430 4442 2608 4485 suum
2640 4422 2837 4483 locum
2868 4420 3088 4482 iterum
3117 4431 3490 4501 reponantur
3517 4470 3534 4497 ‚
3562 4427 3902 4506 quaeritur:

2552 4518 2601 4576 I.
2646 4514 2740 4575 Aa
2769 4513 2957 4575 Tubas
2997 4516 3210 4592 liqnoac
3228 4516 3378 4576 alias
3405 4521 3691 4596 appositae
3715 4567 3731 4590 ,
3762 4532 3814 4581 ct
3849 4542 3985 4583 mox

2433 4613 2711 4688 collapsae
2736 4655 2752 4678 ‚
2789 4626 2825 4668 a
2852 4607 3108 4684 fenestris
3140 4607 3493 4670 Martialium
3537 4611 3885 4676 Monastm'i
3911 4616 3983 4677 S.

783 4724 881 4782 lib.
915 4726 1012 4781 69.
1050 4720 1263 4780 Decret.
1288 4738 1422 4799 paq.
1453 4723 1588 4779 350.
1615 4718 1776 4798 quod
1800 4716 1915 4777 fuit
1941 4737 1975 4778 a
2005 4716 2331 4779 Sanctitate
2436 4705 2679 4766 Jossnm'S
2713 4701 3008 4782 ΒαΡῑίθῑαθ
3034 4700 3086 4761 T
3081 4720 3239 4762 0²7¹ssss
3262 4700 3485 4764 Babuci
3509 4751 3525 4775 ‚
3555 4707 3621 4765 de
3641 4710 3844 4786 quibus
3869 4713 3994 4790 aqi-

780 4817 902 4878 Sua
919 4814 1341 4877 confirmatum
1368 4832 1474 4893 per
1494 4812 1723 4875 litteras
1742 4811 2108 4893 Apostolicas
2128 4811 2190 4873 in
2214 4811 2330 4873 for-

785 4932 880 4973 ma
915 4910 1143 4971 Brevis.

902 5005 1014 5066 His
1040 5003 1368 5075 stantibus,
1395 5002 1743 5082 quaeritur:

2440 4810 2538 4859 tur
2565 4843 2580 4868 ,
2612 4800 2727 4857 sint
2757 4795 2958 4857 eisdem
2993 4796 3249 4873 fenestris
3276 4800 3618 4877 reponendae
3636 4845 3655 4873 ,
3696 4812 3747 4861 et
3789 4815 3990 4882 quate-

2440 4912 2546 4954 nus
2574 4891 2930 4970 affirmative.-

2564 4987 2642 5046 tt.
2681 4985 2778 5043 An
2807 4986 2870 5043 in
2908 4985 3188 5064 superiori
3215 4982 3659 5063 Appartamento
3683 4986 3897 5049 Domus
3925 4993 3994 5052 de

900 5100 993 5157 A„
1022 5100 1095 5157 ,ει
1124 5098 1424 5157 comitium
1450 5095 1823 5157 sanctissimo
1860 5096 2097 5155 Domino
2125 5094 2337 5157 Now-0
2443 5081 2628 5140 Bessis
2653 5079 2874 5139 licitum
2897 5079 2970 5135 sit
2995 5077 3195 5136 eisdem
3228 5079 3466 5137 retinere
3491 5080 3759 5155 fenestras
3782 5082 3993 5143 haben·-

777 5194 1181 5275 praestamlum
1201 5210 1304 5271 pro
1321 5194 1588 5250 erectione
1619 5188 1859 5269 coueqii
1885 5193 1948 5250 in
1983 5190 2338 5250 Universita-

786 5298 925 5359 tem,
954 5296 1005 5345 et
1032 5286 1304 5363 [aculeato
1331 5285 1648 5362 conserendi
1674 5285 1885 5363 qradus
1914 5284 2234 5345 Doctoralcs
2264 5283 2341 5343 ad

783 5384 971 5441 instar
1003 5379 1402 5442 Universitatis
1435 5378 1504 5439 S.
1541 5378 1826 5439 Dominici
1855 5378 2083 5440 Insulae
2118 5376 2337 5457 Hispa-

786 5494 891 5537 nas
916 5522 934 5547 ,
965 5493 1060 5536 nec
1089 5494 1201 5536 non
1224 5492 1332 5556 pro
1352 5475 1547 5553 qratia
1571 5520 1587 5543 ,
1619 5485 1682 5534 ut
1715 5472 1977 5535 Praelata*
1999 5522 2016 5544 ,
2042 5484 2094 5534 et
2131 5470 2339 5535 Cathe-

2447 5185 2523 5235 tss
2545 5183 2888 5253 prospectum
2910 5173 2973 5230 in
2999 5172 3152 5230 viam
3172 5171 3456 5250 publicam
3476 5174 3538 5232 in
3569 5193 3706 5234 casu
3725 5185 3828 5237 otc.

2559 5396 2710 5447 Sacra
2736 5392 2933 5458 congr.
2963 5390 3049 5443 die
3080 5392 3161 5441 17.
3187 5392 3312 5443 Julii
3345 5391 3481 5441 1723
3530 5393 3837 5460 respondit:

2630 5480 2762 5535 Fiat
2789 5494 3033 5531 accessus
3052 5495 3155 5548 per
3179 5478 3247 5531 D.
3277 5478 3651 5531 secretarium.
