<?xml version="1.0" encoding="UTF-8"?>
<!DOCTYPE html PUBLIC "-//W3C//DTD XHTML 1.0 Transitional//EN"
    "http://www.w3.org/TR/xhtml1/DTD/xhtml1-transitional.dtd">
<html xmlns="http://www.w3.org/1999/xhtml" xml:lang="en" lang="en">
 <head>
  <title>
</title>
<meta http-equiv="Content-Type" content="text/html;charset=utf-8" />
  <meta name='ocr-system' content='tesseract 3.04.00' />
  <meta name='ocr-capabilities' content='ocr_page ocr_carea ocr_par ocr_line ocrx_word'/>
</head>
<body>
  <div class='ocr_page' id='page_1' title='image "benedictixivpon01xivgoog_0553.png"; bbox 0 0 4393 6299; ppageno 0'>
   <div class='ocr_carea' id='block_1_1' title="bbox 1634 522 2430 591">
    <p class='ocr_par' dir='ltr' id='par_1_1' title="bbox 1634 522 2430 591">
     <span class='ocr_line' id='line_1_1' title="bbox 1634 522 2430 591; baseline -0.01 -13"><span class='ocrx_word' id='word_1_1' title='bbox 1634 522 1681 591; x_wconf 85' lang='lat' dir='ltr'><strong>Q</strong></span> <span class='ocrx_word' id='word_1_2' title='bbox 1708 524 1751 577; x_wconf 85' lang='grc' dir='ltr'>υ</span> <span class='ocrx_word' id='word_1_3' title='bbox 1777 523 1835 575; x_wconf 62' lang='lat' dir='ltr'><strong>as</strong></span> <span class='ocrx_word' id='word_1_4' title='bbox 1862 524 1895 572; x_wconf 90' lang='lat' dir='ltr'><strong>s</strong></span> <span class='ocrx_word' id='word_1_5' title='bbox 1924 523 1969 576; x_wconf 83' lang='grc' dir='ltr'>τ</span> <span class='ocrx_word' id='word_1_6' title='bbox 2000 522 2095 575; x_wconf 86' lang='lat'><strong>10</strong></span> <span class='ocrx_word' id='word_1_7' title='bbox 2157 522 2430 575; x_wconf 55' lang='lat' dir='ltr'><strong>ccccxx.</strong></span> 
     </span>
    </p>
   </div>
   <div class='ocr_carea' id='block_1_2' title="bbox 403 672 1960 3122">
    <p class='ocr_par' dir='ltr' id='par_1_2' title="bbox 409 672 1960 1116">
     <span class='ocr_line' id='line_1_2' title="bbox 410 672 1952 757; baseline 0.001 -20"><span class='ocrx_word' id='word_1_8' title='bbox 410 674 514 757; x_wconf 83' lang='lat' dir='ltr'><strong>jus</strong></span> <span class='ocrx_word' id='word_1_9' title='bbox 539 673 883 756; x_wconf 85' lang='lat' dir='ltr'><strong>exemplum</strong></span> <span class='ocrx_word' id='word_1_10' title='bbox 906 679 1112 755; x_wconf 80' lang='lat' dir='ltr'><strong>utpote</strong></span> <span class='ocrx_word' id='word_1_11' title='bbox 1137 672 1379 736; x_wconf 86' lang='lat' dir='ltr'><strong>sibimet</strong></span> <span class='ocrx_word' id='word_1_12' title='bbox 1411 672 1745 738; x_wconf 77' lang='lat' dir='ltr'><strong>favorabile</strong></span> <span class='ocrx_word' id='word_1_13' title='bbox 1760 724 1787 747; x_wconf 59' lang='lat'>‚</span> <span class='ocrx_word' id='word_1_14' title='bbox 1820 694 1952 738; x_wconf 88' lang='lat' dir='ltr'><strong>cae-</strong></span> 
     </span>
     <span class='ocr_line' id='line_1_3' title="bbox 419 766 1954 852; baseline -0.002 -19"><span class='ocrx_word' id='word_1_15' title='bbox 419 770 533 833; x_wconf 82' lang='lat' dir='ltr'><strong>teri</strong></span> <span class='ocrx_word' id='word_1_16' title='bbox 562 768 847 832; x_wconf 89' lang='lat' dir='ltr'><strong>Canonici</strong></span> <span class='ocrx_word' id='word_1_17' title='bbox 872 769 1100 849; x_wconf 81' lang='lat' dir='ltr'><strong>absque</strong></span> <span class='ocrx_word' id='word_1_18' title='bbox 1121 767 1252 830; x_wconf 88' lang='lat' dir='ltr'><strong>ulla</strong></span> <span class='ocrx_word' id='word_1_19' title='bbox 1274 766 1394 831; x_wconf 90' lang='lat' dir='ltr'><strong>alia</strong></span> <span class='ocrx_word' id='word_1_20' title='bbox 1422 768 1708 852; x_wconf 77' lang='lat' dir='ltr'><strong>indagine</strong></span> <span class='ocrx_word' id='word_1_21' title='bbox 1729 769 1793 831; x_wconf 89' lang='lat' dir='ltr'><strong>in</strong></span> <span class='ocrx_word' id='word_1_22' title='bbox 1824 770 1954 832; x_wconf 81' lang='lat' dir='ltr'><strong>exi-</strong></span> 
     </span>
     <span class='ocr_line' id='line_1_4' title="bbox 415 861 1956 946; baseline 0.003 -22"><span class='ocrx_word' id='word_1_23' title='bbox 415 863 611 946; x_wconf 75' lang='lat' dir='ltr'><strong>gendo</strong></span> <span class='ocrx_word' id='word_1_24' title='bbox 636 863 821 926; x_wconf 89' lang='lat' dir='ltr'><strong>secuti</strong></span> <span class='ocrx_word' id='word_1_25' title='bbox 850 871 1014 938; x_wconf 83' lang='lat' dir='ltr'><strong>sunt3</strong></span> <span class='ocrx_word' id='word_1_26' title='bbox 1039 861 1102 923; x_wconf 94' lang='lat' dir='ltr'><strong>in</strong></span> <span class='ocrx_word' id='word_1_27' title='bbox 1128 881 1250 943; x_wconf 92' lang='lat' dir='ltr'><strong>quo</strong></span> <span class='ocrx_word' id='word_1_28' title='bbox 1278 882 1485 926; x_wconf 87' lang='lat' dir='ltr'><strong>rerum</strong></span> <span class='ocrx_word' id='word_1_29' title='bbox 1509 865 1772 928; x_wconf 84' lang='lat' dir='ltr'><strong>themate</strong></span> <span class='ocrx_word' id='word_1_30' title='bbox 1812 885 1956 928; x_wconf 87' lang='lat' dir='ltr'><strong>con-</strong></span> 
     </span>
     <span class='ocr_line' id='line_1_5' title="bbox 414 956 1960 1040; baseline 0.003 -20"><span class='ocrx_word' id='word_1_31' title='bbox 414 956 646 1030; x_wconf 87' lang='lat' dir='ltr'><strong>cludit,</strong></span> <span class='ocrx_word' id='word_1_32' title='bbox 678 957 1008 1020; x_wconf 88' lang='lat' dir='ltr'><strong>Canonicos</strong></span> <span class='ocrx_word' id='word_1_33' title='bbox 1028 957 1215 1019; x_wconf 82' lang='lat' dir='ltr'><strong>eximi</strong></span> <span class='ocrx_word' id='word_1_34' title='bbox 1245 977 1364 1020; x_wconf 92' lang='lat' dir='ltr'><strong>non</strong></span> <span class='ocrx_word' id='word_1_35' title='bbox 1396 977 1565 1040; x_wconf 85' lang='lat' dir='ltr'><strong>posse</strong></span> <span class='ocrx_word' id='word_1_36' title='bbox 1602 979 1637 1023; x_wconf 89' lang='lat' dir='ltr'><strong>a</strong></span> <span class='ocrx_word' id='word_1_37' title='bbox 1661 958 1960 1024; x_wconf 88' lang='lat' dir='ltr'><strong>solutione</strong></span> 
     </span>
     <span class='ocr_line' id='line_1_6' title="bbox 409 1046 1365 1116; baseline 0.002 -2"><span class='ocrx_word' id='word_1_38' title='bbox 409 1046 613 1115; x_wconf 81' lang='lat' dir='ltr'><strong>Taxae</strong></span> <span class='ocrx_word' id='word_1_39' title='bbox 632 1054 708 1114; x_wconf 81' lang='lat' dir='ltr'><strong>ad</strong></span> <span class='ocrx_word' id='word_1_40' title='bbox 729 1072 987 1116; x_wconf 66' lang='lat' dir='ltr'><strong>nmmum</strong></span> <span class='ocrx_word' id='word_1_41' title='bbox 1019 1055 1164 1114; x_wconf 75' lang='lat' dir='ltr'><strong>anni</strong></span> <span class='ocrx_word' id='word_1_42' title='bbox 1191 1056 1365 1115; x_wconf 92' lang='grc'><strong>1685.</strong></span> 
     </span>
    </p>

    <p class='ocr_par' dir='ltr' id='par_1_3' title="bbox 403 1146 1956 3122">
     <span class='ocr_line' id='line_1_7' title="bbox 529 1146 1953 1227; baseline 0.001 -20"><span class='ocrx_word' id='word_1_43' title='bbox 529 1146 651 1208; x_wconf 90' lang='lat' dir='ltr'><strong>Nec</strong></span> <span class='ocrx_word' id='word_1_44' title='bbox 679 1146 837 1208; x_wconf 87' lang='lat' dir='ltr'><strong>idem</strong></span> <span class='ocrx_word' id='word_1_45' title='bbox 866 1148 1224 1208; x_wconf 88' lang='lat' dir='ltr'><strong>Procurator</strong></span> <span class='ocrx_word' id='word_1_46' title='bbox 1246 1155 1435 1227; x_wconf 89' lang='lat' dir='ltr'><strong>putat,</strong></span> <span class='ocrx_word' id='word_1_47' title='bbox 1464 1167 1609 1210; x_wconf 91' lang='lat' dir='ltr'><strong>suae</strong></span> <span class='ocrx_word' id='word_1_48' title='bbox 1636 1148 1953 1212; x_wconf 85' lang='lat' dir='ltr'><strong>intentioni</strong></span> 
     </span>
     <span class='ocr_line' id='line_1_8' title="bbox 413 1240 1951 1321; baseline 0.001 -21"><span class='ocrx_word' id='word_1_49' title='bbox 413 1240 623 1302; x_wconf 82' lang='lat' dir='ltr'><strong>obesse</strong></span> <span class='ocrx_word' id='word_1_50' title='bbox 659 1258 865 1320; x_wconf 86' lang='lat' dir='ltr'><strong>posse,</strong></span> <span class='ocrx_word' id='word_1_51' title='bbox 915 1241 1077 1321; x_wconf 89' lang='lat' dir='ltr'><strong>quod</strong></span> <span class='ocrx_word' id='word_1_52' title='bbox 1120 1241 1524 1303; x_wconf 82' lang='lat' dir='ltr'>Seminarium</span> <span class='ocrx_word' id='word_1_53' title='bbox 1570 1261 1731 1303; x_wconf 90' lang='lat' dir='ltr'><strong>anno</strong></span> <span class='ocrx_word' id='word_1_54' title='bbox 1779 1246 1951 1303; x_wconf 62' lang='grc'><strong>1694.</strong></span> 
     </span>
     <span class='ocr_line' id='line_1_9' title="bbox 412 1335 1955 1418; baseline 0.001 -22"><span class='ocrx_word' id='word_1_55' title='bbox 412 1343 656 1398; x_wconf 88' lang='lat' dir='ltr'><strong>nactum</strong></span> <span class='ocrx_word' id='word_1_56' title='bbox 673 1335 751 1397; x_wconf 89' lang='lat' dir='ltr'><strong>sit</strong></span> <span class='ocrx_word' id='word_1_57' title='bbox 766 1336 1189 1416; x_wconf 88' lang='lat' dir='ltr'><strong>possessionem</strong></span> <span class='ocrx_word' id='word_1_58' title='bbox 1211 1336 1517 1418; x_wconf 87' lang='lat' dir='ltr'><strong>cujusdam</strong></span> <span class='ocrx_word' id='word_1_59' title='bbox 1542 1336 1831 1418; x_wconf 89' lang='lat' dir='ltr'><strong>simplicis</strong></span> <span class='ocrx_word' id='word_1_60' title='bbox 1853 1337 1955 1397; x_wconf 84' lang='lat' dir='ltr'><strong>Be-</strong></span> 
     </span>
     <span class='ocr_line' id='line_1_10' title="bbox 413 1429 1955 1511; baseline 0.001 -20"><span class='ocrx_word' id='word_1_61' title='bbox 413 1429 615 1491; x_wconf 88' lang='lat' dir='ltr'><strong>neficii</strong></span> <span class='ocrx_word' id='word_1_62' title='bbox 643 1429 822 1493; x_wconf 88' lang='lat' dir='ltr'><strong>erecti</strong></span> <span class='ocrx_word' id='word_1_63' title='bbox 868 1431 931 1492; x_wconf 93' lang='lat' dir='ltr'><strong>in</strong></span> <span class='ocrx_word' id='word_1_64' title='bbox 955 1430 1218 1493; x_wconf 86' lang='lat' dir='ltr'><strong>Ecclesia</strong></span> <span class='ocrx_word' id='word_1_65' title='bbox 1253 1432 1313 1492; x_wconf 90' lang='lat' dir='ltr'><strong>S.</strong></span> <span class='ocrx_word' id='word_1_66' title='bbox 1352 1432 1611 1494; x_wconf 87' lang='lat' dir='ltr'><strong>Caesarii</strong></span> <span class='ocrx_word' id='word_1_67' title='bbox 1643 1478 1662 1506; x_wconf 90' lang='lat'><strong>,</strong></span> <span class='ocrx_word' id='word_1_68' title='bbox 1701 1440 1760 1493; x_wconf 89' lang='lat' dir='ltr'><strong>et</strong></span> <span class='ocrx_word' id='word_1_69' title='bbox 1785 1433 1955 1511; x_wconf 87' lang='lat' dir='ltr'><strong>cujus</strong></span> 
     </span>
     <span class='ocr_line' id='line_1_11' title="bbox 403 1524 1944 1589; baseline 0 -3"><span class='ocrx_word' id='word_1_70' title='bbox 403 1524 592 1586; x_wconf 80' lang='lat' dir='ltr'><strong>annui</strong></span> <span class='ocrx_word' id='word_1_71' title='bbox 622 1524 850 1587; x_wconf 90' lang='lat' dir='ltr'><strong>reditus</strong></span> <span class='ocrx_word' id='word_1_72' title='bbox 879 1525 1196 1588; x_wconf 87' lang='lat' dir='ltr'><strong>ascendere</strong></span> <span class='ocrx_word' id='word_1_73' title='bbox 1222 1526 1505 1589; x_wconf 88' lang='lat' dir='ltr'><strong>dicuntur</strong></span> <span class='ocrx_word' id='word_1_74' title='bbox 1528 1527 1605 1588; x_wconf 90' lang='lat' dir='ltr'><strong>ad</strong></span> <span class='ocrx_word' id='word_1_75' title='bbox 1639 1535 1801 1589; x_wconf 87' lang='lat' dir='ltr'><strong>scuta</strong></span> <span class='ocrx_word' id='word_1_76' title='bbox 1847 1531 1944 1587; x_wconf 87' lang='grc'><strong>60.</strong></span> 
     </span>
     <span class='ocr_line' id='line_1_12' title="bbox 408 1620 1953 1703; baseline 0.003 -23"><span class='ocrx_word' id='word_1_77' title='bbox 408 1625 646 1699; x_wconf 87' lang='lat' dir='ltr'><strong>praeter</strong></span> <span class='ocrx_word' id='word_1_78' title='bbox 677 1620 895 1683; x_wconf 86' lang='lat' dir='ltr'><strong>etenim</strong></span> <span class='ocrx_word' id='word_1_79' title='bbox 921 1630 1184 1695; x_wconf 87' lang='lat' dir='ltr'><strong>caetera,</strong></span> <span class='ocrx_word' id='word_1_80' title='bbox 1211 1640 1368 1703; x_wconf 89' lang='lat' dir='ltr'><strong>quae</strong></span> <span class='ocrx_word' id='word_1_81' title='bbox 1394 1621 1458 1681; x_wconf 94' lang='lat' dir='ltr'><strong>in</strong></span> <span class='ocrx_word' id='word_1_82' title='bbox 1499 1623 1628 1703; x_wconf 87' lang='lat' dir='ltr'><strong>ejus</strong></span> <span class='ocrx_word' id='word_1_83' title='bbox 1658 1621 1953 1701; x_wconf 86' lang='lat' dir='ltr'><strong>scriptura</strong></span> 
     </span>
     <span class='ocr_line' id='line_1_13' title="bbox 407 1710 1949 1796; baseline 0.003 -24"><span class='ocrx_word' id='word_1_84' title='bbox 407 1710 526 1794; x_wconf 82' lang='lat' dir='ltr'><strong>legi</strong></span> <span class='ocrx_word' id='word_1_85' title='bbox 549 1722 812 1793; x_wconf 76' lang='lat' dir='ltr'><strong>possunt,</strong></span> <span class='ocrx_word' id='word_1_86' title='bbox 842 1713 963 1776; x_wconf 92' lang='lat' dir='ltr'><strong>duo</strong></span> <span class='ocrx_word' id='word_1_87' title='bbox 985 1714 1269 1777; x_wconf 88' lang='lat' dir='ltr'><strong>videntur</strong></span> <span class='ocrx_word' id='word_1_88' title='bbox 1289 1714 1722 1796; x_wconf 80' lang='lat' dir='ltr'><strong>ponderatione</strong></span> <span class='ocrx_word' id='word_1_89' title='bbox 1744 1714 1949 1794; x_wconf 75' lang='lat' dir='ltr'><strong>digna3</strong></span> 
     </span>
     <span class='ocr_line' id='line_1_14' title="bbox 414 1799 1948 1888; baseline -0.001 -18"><span class='ocrx_word' id='word_1_90' title='bbox 414 1799 675 1870; x_wconf 89' lang='lat' dir='ltr'><strong>alterum</strong></span> <span class='ocrx_word' id='word_1_91' title='bbox 698 1853 716 1881; x_wconf 94' lang='lat'>,</span> <span class='ocrx_word' id='word_1_92' title='bbox 747 1807 910 1888; x_wconf 88' lang='lat' dir='ltr'><strong>quod</strong></span> <span class='ocrx_word' id='word_1_93' title='bbox 938 1807 1168 1870; x_wconf 83' lang='lat' dir='ltr'><strong>fabrica</strong></span> <span class='ocrx_word' id='word_1_94' title='bbox 1213 1808 1534 1871; x_wconf 88' lang='lat' dir='ltr'><strong>Seminarii</strong></span> <span class='ocrx_word' id='word_1_95' title='bbox 1580 1808 1948 1871; x_wconf 82' lang='lat' dir='ltr'><strong>Praenestini</strong></span> 
     </span>
     <span class='ocr_line' id='line_1_15' title="bbox 410 1898 1949 1984; baseline 0.001 -23"><span class='ocrx_word' id='word_1_96' title='bbox 410 1898 559 1961; x_wconf 87' lang='lat' dir='ltr'><strong>adeo</strong></span> <span class='ocrx_word' id='word_1_97' title='bbox 598 1910 849 1982; x_wconf 82' lang='lat' dir='ltr'><strong>angusta</strong></span> <span class='ocrx_word' id='word_1_98' title='bbox 879 1907 1007 1975; x_wconf 86' lang='lat' dir='ltr'><strong>est,</strong></span> <span class='ocrx_word' id='word_1_99' title='bbox 1057 1909 1125 1963; x_wconf 90' lang='lat' dir='ltr'><strong>ut</strong></span> <span class='ocrx_word' id='word_1_100' title='bbox 1167 1901 1413 1964; x_wconf 86' lang='lat' dir='ltr'><strong>Alumni</strong></span> <span class='ocrx_word' id='word_1_101' title='bbox 1457 1901 1799 1984; x_wconf 85' lang='lat' dir='ltr'><strong>Cappellam</strong></span> <span class='ocrx_word' id='word_1_102' title='bbox 1833 1922 1949 1964; x_wconf 90' lang='lat' dir='ltr'><strong>non</strong></span> 
     </span>
     <span class='ocr_line' id='line_1_16' title="bbox 408 1993 1955 2077; baseline 0.002 -22"><span class='ocrx_word' id='word_1_103' title='bbox 408 1993 673 2056; x_wconf 84' lang='lat' dir='ltr'><strong>habeant</strong></span> <span class='ocrx_word' id='word_1_104' title='bbox 700 2040 717 2068; x_wconf 90' lang='lat'><strong><em>‚</em></strong></span> <span class='ocrx_word' id='word_1_105' title='bbox 749 2002 954 2057; x_wconf 82' lang='lat' dir='ltr'><strong>etune</strong></span> <span class='ocrx_word' id='word_1_106' title='bbox 978 2042 995 2071; x_wconf 92' lang='lat'><strong>,</strong></span> <span class='ocrx_word' id='word_1_107' title='bbox 1021 1996 1350 2077; x_wconf 84' lang='lat' dir='ltr'><strong>eademque</strong></span> <span class='ocrx_word' id='word_1_108' title='bbox 1397 1997 1627 2059; x_wconf 82' lang='lat' dir='ltr'><strong>mansio</strong></span> <span class='ocrx_word' id='word_1_109' title='bbox 1665 1996 1955 2058; x_wconf 81' lang='lat' dir='ltr'><strong>inserviat</strong></span> 
     </span>
     <span class='ocr_line' id='line_1_17' title="bbox 415 2088 1956 2173; baseline 0.003 -24"><span class='ocrx_word' id='word_1_110' title='bbox 415 2107 527 2169; x_wconf 88' lang='lat' dir='ltr'><strong>pro</strong></span> <span class='ocrx_word' id='word_1_111' title='bbox 551 2088 885 2153; x_wconf 83' lang='lat' dir='ltr'><strong>Refectorio</strong></span> <span class='ocrx_word' id='word_1_112' title='bbox 906 2137 926 2165; x_wconf 90' lang='lat'><em>‚</em></span> <span class='ocrx_word' id='word_1_113' title='bbox 962 2100 1022 2153; x_wconf 94' lang='lat' dir='ltr'><strong>et</strong></span> <span class='ocrx_word' id='word_1_114' title='bbox 1044 2111 1155 2172; x_wconf 86' lang='lat' dir='ltr'><strong>pro</strong></span> <span class='ocrx_word' id='word_1_115' title='bbox 1190 2090 1439 2167; x_wconf 88' lang='lat' dir='ltr'><strong>Schola;</strong></span> <span class='ocrx_word' id='word_1_116' title='bbox 1468 2092 1726 2155; x_wconf 88' lang='lat' dir='ltr'><strong>alterum</strong></span> <span class='ocrx_word' id='word_1_117' title='bbox 1747 2136 1766 2165; x_wconf 91' lang='lat'>,</span> <span class='ocrx_word' id='word_1_118' title='bbox 1791 2091 1956 2173; x_wconf 90' lang='lat' dir='ltr'><strong>quod</strong></span> 
     </span>
     <span class='ocr_line' id='line_1_18' title="bbox 409 2184 1953 2268; baseline 0.002 -25"><span class='ocrx_word' id='word_1_119' title='bbox 409 2184 474 2245; x_wconf 91' lang='lat' dir='ltr'><strong>in</strong></span> <span class='ocrx_word' id='word_1_120' title='bbox 505 2184 1078 2248; x_wconf 56' lang='lat' dir='ltr'><strong>eodelnsseminario</strong></span> <span class='ocrx_word' id='word_1_121' title='bbox 1108 2194 1331 2268; x_wconf 87' lang='lat' dir='ltr'><strong>septem</strong></span> <span class='ocrx_word' id='word_1_122' title='bbox 1373 2194 1608 2248; x_wconf 87' lang='lat' dir='ltr'><strong>tantum</strong></span> <span class='ocrx_word' id='word_1_123' title='bbox 1651 2185 1953 2267; x_wconf 87' lang='lat' dir='ltr'><strong>recipiun-</strong></span> 
     </span>
     <span class='ocr_line' id='line_1_19' title="bbox 411 2278 1955 2362; baseline 0.003 -25"><span class='ocrx_word' id='word_1_124' title='bbox 411 2283 551 2353; x_wconf 80' lang='lat' dir='ltr'><strong>tur,</strong></span> <span class='ocrx_word' id='word_1_125' title='bbox 587 2286 646 2340; x_wconf 92' lang='lat' dir='ltr'><strong>et</strong></span> <span class='ocrx_word' id='word_1_126' title='bbox 680 2278 863 2360; x_wconf 90' lang='lat' dir='ltr'><strong>recipi</strong></span> <span class='ocrx_word' id='word_1_127' title='bbox 893 2290 1142 2362; x_wconf 87' lang='lat' dir='ltr'><strong>possunt</strong></span> <span class='ocrx_word' id='word_1_128' title='bbox 1174 2280 1420 2343; x_wconf 84' lang='lat' dir='ltr'><strong>Alumni</strong></span> <span class='ocrx_word' id='word_1_129' title='bbox 1447 2328 1465 2352; x_wconf 90' lang='lat'><em>‚</em></span> <span class='ocrx_word' id='word_1_130' title='bbox 1498 2281 1632 2342; x_wconf 87' lang='lat' dir='ltr'><strong>licet</strong></span> <span class='ocrx_word' id='word_1_131' title='bbox 1660 2280 1955 2342; x_wconf 86' lang='lat' dir='ltr'><strong>Dioeeesis</strong></span> 
     </span>
     <span class='ocr_line' id='line_1_20' title="bbox 408 2371 1953 2456; baseline 0.002 -22"><span class='ocrx_word' id='word_1_132' title='bbox 408 2371 490 2434; x_wconf 90' lang='lat' dir='ltr'><strong>sit</strong></span> <span class='ocrx_word' id='word_1_133' title='bbox 515 2372 714 2454; x_wconf 88' lang='lat' dir='ltr'><strong>ampla</strong></span> <span class='ocrx_word' id='word_1_134' title='bbox 738 2420 756 2446; x_wconf 87' lang='lat'>‚</span> <span class='ocrx_word' id='word_1_135' title='bbox 793 2383 852 2436; x_wconf 92' lang='lat' dir='ltr'><strong>et</strong></span> <span class='ocrx_word' id='word_1_136' title='bbox 874 2375 939 2436; x_wconf 92' lang='lat' dir='ltr'><strong>in</strong></span> <span class='ocrx_word' id='word_1_137' title='bbox 970 2394 1041 2438; x_wconf 88' lang='lat' dir='ltr'><strong>ea</strong></span> <span class='ocrx_word' id='word_1_138' title='bbox 1086 2384 1480 2438; x_wconf 87' lang='lat' dir='ltr'><strong>numerentur</strong></span> <span class='ocrx_word' id='word_1_139' title='bbox 1522 2374 1801 2438; x_wconf 85' lang='lat' dir='ltr'><strong>tredecim</strong></span> <span class='ocrx_word' id='word_1_140' title='bbox 1830 2374 1953 2456; x_wconf 90' lang='lat' dir='ltr'><strong>Op-</strong></span> 
     </span>
     <span class='ocr_line' id='line_1_21' title="bbox 409 2467 1954 2553; baseline 0.003 -25"><span class='ocrx_word' id='word_1_141' title='bbox 409 2467 552 2548; x_wconf 91' lang='lat' dir='ltr'><strong>pida</strong></span> <span class='ocrx_word' id='word_1_142' title='bbox 576 2514 593 2542; x_wconf 90' lang='lat'><strong><em>‚</em></strong></span> <span class='ocrx_word' id='word_1_143' title='bbox 631 2469 697 2530; x_wconf 87' lang='lat' dir='ltr'><strong>in</strong></span> <span class='ocrx_word' id='word_1_144' title='bbox 728 2489 990 2550; x_wconf 89' lang='lat' dir='ltr'><strong>quorum</strong></span> <span class='ocrx_word' id='word_1_145' title='bbox 1023 2471 1331 2533; x_wconf 88' lang='lat' dir='ltr'><strong>nonnullis</strong></span> <span class='ocrx_word' id='word_1_146' title='bbox 1372 2479 1634 2553; x_wconf 89' lang='lat' dir='ltr'><strong>quatuor</strong></span> <span class='ocrx_word' id='word_1_147' title='bbox 1661 2469 1863 2543; x_wconf 86' lang='lat' dir='ltr'><strong>mille,</strong></span> <span class='ocrx_word' id='word_1_148' title='bbox 1893 2476 1954 2532; x_wconf 92' lang='lat' dir='ltr'><strong>et</strong></span> 
     </span>
     <span class='ocr_line' id='line_1_22' title="bbox 417 2562 1956 2648; baseline 0.003 -26"><span class='ocrx_word' id='word_1_149' title='bbox 417 2562 482 2622; x_wconf 94' lang='lat' dir='ltr'><strong>in</strong></span> <span class='ocrx_word' id='word_1_150' title='bbox 504 2562 641 2624; x_wconf 88' lang='lat' dir='ltr'><strong>aliis</strong></span> <span class='ocrx_word' id='word_1_151' title='bbox 691 2572 810 2626; x_wconf 87' lang='lat' dir='ltr'><strong>tres</strong></span> <span class='ocrx_word' id='word_1_152' title='bbox 832 2564 1000 2628; x_wconf 86' lang='lat' dir='ltr'><strong>mille</strong></span> <span class='ocrx_word' id='word_1_153' title='bbox 1025 2566 1299 2628; x_wconf 90' lang='lat' dir='ltr'><strong>homines</strong></span> <span class='ocrx_word' id='word_1_154' title='bbox 1320 2566 1575 2648; x_wconf 85' lang='lat' dir='ltr'><strong>degunt;</strong></span> <span class='ocrx_word' id='word_1_155' title='bbox 1616 2585 1738 2646; x_wconf 88' lang='lat' dir='ltr'><strong>quo</strong></span> <span class='ocrx_word' id='word_1_156' title='bbox 1761 2572 1956 2626; x_wconf 86' lang='lat' dir='ltr'><strong>stante</strong></span> 
     </span>
     <span class='ocr_line' id='line_1_23' title="bbox 418 2656 1950 2742; baseline 0.001 -25"><span class='ocrx_word' id='word_1_157' title='bbox 418 2656 613 2720; x_wconf 80' lang='lat' dir='ltr'><strong>factus</strong></span> <span class='ocrx_word' id='word_1_158' title='bbox 635 2658 753 2720; x_wconf 87' lang='lat' dir='ltr'><strong>dici</strong></span> <span class='ocrx_word' id='word_1_159' title='bbox 785 2659 995 2742; x_wconf 87' lang='lat' dir='ltr'><strong>nequit</strong></span> <span class='ocrx_word' id='word_1_160' title='bbox 1029 2679 1199 2723; x_wconf 88' lang='lat' dir='ltr'><strong>casus</strong></span> <span class='ocrx_word' id='word_1_161' title='bbox 1232 2659 1598 2722; x_wconf 86' lang='lat' dir='ltr'><strong>remissionis</strong></span> <span class='ocrx_word' id='word_1_162' title='bbox 1626 2660 1691 2720; x_wconf 92' lang='lat' dir='ltr'><strong>in</strong></span> <span class='ocrx_word' id='word_1_163' title='bbox 1720 2666 1909 2720; x_wconf 88' lang='lat' dir='ltr'><strong>totum</strong></span> <span class='ocrx_word' id='word_1_164' title='bbox 1931 2703 1950 2733; x_wconf 88' lang='lat'>,</span> 
     </span>
     <span class='ocr_line' id='line_1_24' title="bbox 410 2751 1950 2835; baseline 0.002 -22"><span class='ocrx_word' id='word_1_165' title='bbox 410 2751 508 2813; x_wconf 83' lang='lat' dir='ltr'><strong>vel</strong></span> <span class='ocrx_word' id='word_1_166' title='bbox 538 2771 647 2833; x_wconf 89' lang='lat' dir='ltr'><strong>pro</strong></span> <span class='ocrx_word' id='word_1_167' title='bbox 678 2761 846 2834; x_wconf 87' lang='lat' dir='ltr'><strong>parte</strong></span> <span class='ocrx_word' id='word_1_168' title='bbox 875 2754 1167 2835; x_wconf 84' lang='lat' dir='ltr'><strong>portionis</strong></span> <span class='ocrx_word' id='word_1_169' title='bbox 1192 2774 1228 2816; x_wconf 91' lang='lat' dir='ltr'><strong>a</strong></span> <span class='ocrx_word' id='word_1_170' title='bbox 1257 2753 1567 2816; x_wconf 88' lang='lat' dir='ltr'><strong>Beneficiis</strong></span> <span class='ocrx_word' id='word_1_171' title='bbox 1590 2752 1910 2816; x_wconf 88' lang='lat' dir='ltr'><strong>solvendae</strong></span> <span class='ocrx_word' id='word_1_172' title='bbox 1932 2800 1950 2828; x_wconf 86' lang='lat'>,</span> 
     </span>
     <span class='ocr_line' id='line_1_25' title="bbox 412 2848 1954 2928; baseline 0.002 -21"><span class='ocrx_word' id='word_1_173' title='bbox 412 2865 492 2908; x_wconf 23' lang='lat' dir='ltr'><strong>rex</strong></span> <span class='ocrx_word' id='word_1_174' title='bbox 521 2866 644 2928; x_wconf 91' lang='lat' dir='ltr'><strong>quo</strong></span> <span class='ocrx_word' id='word_1_175' title='bbox 675 2867 780 2928; x_wconf 90' lang='lat' dir='ltr'><strong>per</strong></span> <span class='ocrx_word' id='word_1_176' title='bbox 818 2849 1071 2911; x_wconf 83' lang='lat' dir='ltr'><strong>uniones</strong></span> <span class='ocrx_word' id='word_1_177' title='bbox 1096 2850 1370 2911; x_wconf 79' lang='lat' dir='ltr'><strong>effectum</strong></span> <span class='ocrx_word' id='word_1_178' title='bbox 1418 2849 1658 2911; x_wconf 88' lang='lat' dir='ltr'><strong>sortitas</strong></span> <span class='ocrx_word' id='word_1_179' title='bbox 1683 2848 1954 2910; x_wconf 90' lang='lat' dir='ltr'><strong>Semina-</strong></span> 
     </span>
     <span class='ocr_line' id='line_1_26' title="bbox 409 2936 1951 3025; baseline 0.002 -24"><span class='ocrx_word' id='word_1_180' title='bbox 409 2940 573 3002; x_wconf 89' lang='lat' dir='ltr'><strong>rium</strong></span> <span class='ocrx_word' id='word_1_181' title='bbox 598 2940 663 3003; x_wconf 89' lang='lat' dir='ltr'><strong>in</strong></span> <span class='ocrx_word' id='word_1_182' title='bbox 699 2936 922 3017; x_wconf 87' lang='lat' dir='ltr'><strong>totum,</strong></span> <span class='ocrx_word' id='word_1_183' title='bbox 953 2942 1049 3005; x_wconf 85' lang='lat' dir='ltr'><strong>vel</strong></span> <span class='ocrx_word' id='word_1_184' title='bbox 1075 2944 1140 3005; x_wconf 92' lang='lat' dir='ltr'><strong>in</strong></span> <span class='ocrx_word' id='word_1_185' title='bbox 1186 2954 1360 3025; x_wconf 84' lang='lat' dir='ltr'><strong>parte</strong></span> <span class='ocrx_word' id='word_1_186' title='bbox 1385 2944 1656 3007; x_wconf 90' lang='lat' dir='ltr'><strong>dotatum</strong></span> <span class='ocrx_word' id='word_1_187' title='bbox 1687 2942 1951 3024; x_wconf 84' lang='lat' dir='ltr'><strong>reperia-</strong></span> 
     </span>
     <span class='ocr_line' id='line_1_27' title="bbox 409 3038 1696 3122; baseline 0.001 -25"><span class='ocrx_word' id='word_1_188' title='bbox 409 3044 540 3112; x_wconf 86' lang='lat' dir='ltr'><strong>tur,</strong></span> <span class='ocrx_word' id='word_1_189' title='bbox 557 3038 738 3117; x_wconf 67' lang='lat' dir='ltr'><strong>juxta</strong></span> <span class='ocrx_word' id='word_1_190' title='bbox 763 3058 889 3122; x_wconf 74' lang='lat' dir='ltr'><strong>cap.</strong></span> <span class='ocrx_word' id='word_1_191' title='bbox 923 3044 1018 3102; x_wconf 85' lang='lat'><strong>18.</strong></span> <span class='ocrx_word' id='word_1_192' title='bbox 1043 3059 1172 3102; x_wconf 71' lang='lat' dir='ltr'><strong>seu.</strong></span> <span class='ocrx_word' id='word_1_193' title='bbox 1208 3045 1307 3103; x_wconf 84' lang='lat'><strong>23.</strong></span> <span class='ocrx_word' id='word_1_194' title='bbox 1344 3041 1409 3102; x_wconf 78' lang='lat' dir='ltr'><strong>do</strong></span> <span class='ocrx_word' id='word_1_195' title='bbox 1449 3039 1696 3117; x_wconf 70' lang='lat' dir='ltr'><strong>Reform.</strong></span> 
     </span>
    </p>
   </div>
   <div class='ocr_carea' id='block_1_3' title="bbox 3320 521 3425 574">
    <p class='ocr_par' dir='ltr' id='par_1_4' title="bbox 3320 521 3425 574">
     <span class='ocr_line' id='line_1_28' title="bbox 3320 521 3425 574; baseline 0.01 -1"><span class='ocrx_word' id='word_1_196' title='bbox 3320 521 3425 574; x_wconf 64' lang='lat'><strong>188</strong></span> 
     </span>
    </p>
   </div>
   <div class='ocr_carea' id='block_1_4' title="bbox 2056 672 3610 2438">
    <p class='ocr_par' dir='ltr' id='par_1_5' title="bbox 2059 672 3610 2076">
     <span class='ocr_line' id='line_1_29' title="bbox 2176 672 3608 757; baseline 0.002 -21"><span class='ocrx_word' id='word_1_197' title='bbox 2176 675 2254 736; x_wconf 86' lang='lat' dir='ltr'><strong>Et</strong></span> <span class='ocrx_word' id='word_1_198' title='bbox 2272 674 2418 757; x_wconf 88' lang='lat' dir='ltr'><strong>quia</strong></span> <span class='ocrx_word' id='word_1_199' title='bbox 2439 693 2476 737; x_wconf 87' lang='lat' dir='ltr'><strong>a</strong></span> <span class='ocrx_word' id='word_1_200' title='bbox 2492 672 2808 737; x_wconf 83' lang='lat' dir='ltr'><strong>Canonicis</strong></span> <span class='ocrx_word' id='word_1_201' title='bbox 2828 673 3279 737; x_wconf 81' lang='lat' dir='ltr'><strong>recurrentibus</strong></span> <span class='ocrx_word' id='word_1_202' title='bbox 3296 678 3608 755; x_wconf 81' lang='lat' dir='ltr'><strong>praetendi</strong></span> 
     </span>
     <span class='ocr_line' id='line_1_30' title="bbox 2063 766 3609 847; baseline 0.004 -20"><span class='ocrx_word' id='word_1_203' title='bbox 2063 774 2295 847; x_wconf 79' lang='lat' dir='ltr'><strong>potest,</strong></span> <span class='ocrx_word' id='word_1_204' title='bbox 2337 787 2433 842; x_wconf 87' lang='lat' dir='ltr'><strong>se,</strong></span> <span class='ocrx_word' id='word_1_205' title='bbox 2461 774 2523 830; x_wconf 90' lang='lat' dir='ltr'><strong>et</strong></span> <span class='ocrx_word' id='word_1_206' title='bbox 2551 786 2673 829; x_wconf 87' lang='lat' dir='ltr'><strong>non</strong></span> <span class='ocrx_word' id='word_1_207' title='bbox 2703 766 2854 830; x_wconf 88' lang='lat' dir='ltr'><strong>alios</strong></span> <span class='ocrx_word' id='word_1_208' title='bbox 2880 766 3176 830; x_wconf 86' lang='lat' dir='ltr'><strong>Dioecesis</strong></span> <span class='ocrx_word' id='word_1_209' title='bbox 3218 768 3609 833; x_wconf 84' lang='lat' dir='ltr'><strong>Beneficiatos</strong></span> 
     </span>
     <span class='ocr_line' id='line_1_31' title="bbox 2066 861 3610 947; baseline 0.002 -22"><span class='ocrx_word' id='word_1_210' title='bbox 2066 865 2268 926; x_wconf 87' lang='lat' dir='ltr'><strong>Taxae</strong></span> <span class='ocrx_word' id='word_1_211' title='bbox 2295 862 2763 925; x_wconf 90' lang='lat' dir='ltr'><strong>diminutionem</strong></span> <span class='ocrx_word' id='word_1_212' title='bbox 2785 861 3059 924; x_wconf 86' lang='lat' dir='ltr'><strong>obtinere</strong></span> <span class='ocrx_word' id='word_1_213' title='bbox 3099 862 3319 926; x_wconf 88' lang='lat' dir='ltr'><strong>debere</strong></span> <span class='ocrx_word' id='word_1_214' title='bbox 3341 909 3361 939; x_wconf 86' lang='lat'><strong><em>‚</em></strong></span> <span class='ocrx_word' id='word_1_215' title='bbox 3389 885 3464 927; x_wconf 82' lang='lat' dir='ltr'><strong>ex</strong></span> <span class='ocrx_word' id='word_1_216' title='bbox 3485 885 3610 947; x_wconf 86' lang='lat' dir='ltr'><strong>quo</strong></span> 
     </span>
     <span class='ocr_line' id='line_1_32' title="bbox 2067 954 3605 1036; baseline 0.002 -16"><span class='ocrx_word' id='word_1_217' title='bbox 2067 955 2434 1020; x_wconf 86' lang='lat' dir='ltr'><strong>Beneficium</strong></span> <span class='ocrx_word' id='word_1_218' title='bbox 2455 954 2656 1018; x_wconf 83' lang='lat' dir='ltr'><strong>Sancti</strong></span> <span class='ocrx_word' id='word_1_219' title='bbox 2691 954 2951 1017; x_wconf 86' lang='lat' dir='ltr'><strong>Caesarii</strong></span> <span class='ocrx_word' id='word_1_220' title='bbox 2976 956 3218 1018; x_wconf 90' lang='lat' dir='ltr'><strong>unitum</strong></span> <span class='ocrx_word' id='word_1_221' title='bbox 3245 957 3605 1036; x_wconf 77' lang='lat' dir='ltr'><strong>seminario,</strong></span> 
     </span>
     <span class='ocr_line' id='line_1_33' title="bbox 2065 1049 3610 1134; baseline 0.001 -20"><span class='ocrx_word' id='word_1_222' title='bbox 2065 1060 2196 1114; x_wconf 90' lang='lat' dir='ltr'><strong>erat</strong></span> <span class='ocrx_word' id='word_1_223' title='bbox 2222 1052 2298 1112; x_wconf 93' lang='lat' dir='ltr'><strong>de</strong></span> <span class='ocrx_word' id='word_1_224' title='bbox 2325 1049 2725 1129; x_wconf 87' lang='lat' dir='ltr'><strong>pertinentiis,</strong></span> <span class='ocrx_word' id='word_1_225' title='bbox 2755 1057 2814 1111; x_wconf 89' lang='lat' dir='ltr'><strong>et</strong></span> <span class='ocrx_word' id='word_1_226' title='bbox 2828 1050 3073 1132; x_wconf 88' lang='lat' dir='ltr'><strong>juribus</strong></span> <span class='ocrx_word' id='word_1_227' title='bbox 3099 1050 3382 1132; x_wconf 88' lang='lat' dir='ltr'><strong>Capituli,</strong></span> <span class='ocrx_word' id='word_1_228' title='bbox 3412 1052 3610 1134; x_wconf 84' lang='lat' dir='ltr'><strong>provi-</strong></span> 
     </span>
     <span class='ocr_line' id='line_1_34' title="bbox 2063 1145 3610 1226; baseline 0.002 -19"><span class='ocrx_word' id='word_1_229' title='bbox 2063 1147 2261 1207; x_wconf 89' lang='lat' dir='ltr'><strong>siones</strong></span> <span class='ocrx_word' id='word_1_230' title='bbox 2303 1145 2660 1226; x_wconf 88' lang='lat' dir='ltr'><strong>apostolicae</strong></span> <span class='ocrx_word' id='word_1_231' title='bbox 2686 1149 2764 1208; x_wconf 91' lang='lat' dir='ltr'><strong>ab</strong></span> <span class='ocrx_word' id='word_1_232' title='bbox 2787 1147 2994 1209; x_wconf 87' lang='lat' dir='ltr'><strong>eodem</strong></span> <span class='ocrx_word' id='word_1_233' title='bbox 3024 1147 3417 1209; x_wconf 72' lang='lat' dir='ltr'><strong>Procurator-e</strong></span> <span class='ocrx_word' id='word_1_234' title='bbox 3442 1147 3610 1210; x_wconf 80' lang='lat' dir='ltr'><strong>exhi-</strong></span> 
     </span>
     <span class='ocr_line' id='line_1_35' title="bbox 2061 1240 3606 1322; baseline 0.001 -19"><span class='ocrx_word' id='word_1_235' title='bbox 2061 1242 2283 1304; x_wconf 84' lang='lat' dir='ltr'><strong>bentur</strong></span> <span class='ocrx_word' id='word_1_236' title='bbox 2300 1288 2318 1316; x_wconf 94' lang='lat'>,</span> <span class='ocrx_word' id='word_1_237' title='bbox 2344 1262 2420 1303; x_wconf 84' lang='lat' dir='ltr'><strong>ex</strong></span> <span class='ocrx_word' id='word_1_238' title='bbox 2444 1241 2666 1321; x_wconf 90' lang='lat' dir='ltr'><strong>quibus</strong></span> <span class='ocrx_word' id='word_1_239' title='bbox 2693 1241 2877 1304; x_wconf 83' lang='lat' dir='ltr'><strong>infert</strong></span> <span class='ocrx_word' id='word_1_240' title='bbox 2903 1240 3268 1302; x_wconf 83' lang='lat' dir='ltr'><strong>Beneficium</strong></span> <span class='ocrx_word' id='word_1_241' title='bbox 3291 1260 3606 1322; x_wconf 85' lang='lat' dir='ltr'><strong>nunquam</strong></span> 
     </span>
     <span class='ocr_line' id='line_1_36' title="bbox 2062 1333 3605 1417; baseline 0.001 -21"><span class='ocrx_word' id='word_1_242' title='bbox 2062 1333 2246 1396; x_wconf 83' lang='lat' dir='ltr'><strong>fuisse</strong></span> <span class='ocrx_word' id='word_1_243' title='bbox 2267 1334 2342 1396; x_wconf 90' lang='lat' dir='ltr'><strong>de</strong></span> <span class='ocrx_word' id='word_1_244' title='bbox 2374 1335 2618 1417; x_wconf 86' lang='lat' dir='ltr'><strong>juribus</strong></span> <span class='ocrx_word' id='word_1_245' title='bbox 2638 1335 2923 1416; x_wconf 86' lang='lat' dir='ltr'><strong>praedicti</strong></span> <span class='ocrx_word' id='word_1_246' title='bbox 2946 1334 3203 1415; x_wconf 86' lang='lat' dir='ltr'><strong>Capituli</strong></span> <span class='ocrx_word' id='word_1_247' title='bbox 3232 1382 3248 1405; x_wconf 92' lang='lat'><strong><em>,</em></strong></span> <span class='ocrx_word' id='word_1_248' title='bbox 3281 1336 3509 1415; x_wconf 87' lang='lat' dir='ltr'><strong>absque</strong></span> <span class='ocrx_word' id='word_1_249' title='bbox 3534 1356 3605 1398; x_wconf 93' lang='lat' dir='ltr'><strong>eo</strong></span> 
     </span>
     <span class='ocr_line' id='line_1_37' title="bbox 2063 1427 3601 1509; baseline 0.002 -21"><span class='ocrx_word' id='word_1_250' title='bbox 2063 1427 2227 1508; x_wconf 90' lang='lat' dir='ltr'><strong>quod</strong></span> <span class='ocrx_word' id='word_1_251' title='bbox 2252 1428 2345 1490; x_wconf 85' lang='lat' dir='ltr'><strong>vis</strong></span> <span class='ocrx_word' id='word_1_252' title='bbox 2370 1427 2497 1491; x_wconf 89' lang='lat' dir='ltr'><strong>ulla</strong></span> <span class='ocrx_word' id='word_1_253' title='bbox 2529 1428 2664 1491; x_wconf 89' lang='lat' dir='ltr'><strong>fieri</strong></span> <span class='ocrx_word' id='word_1_254' title='bbox 2697 1429 2880 1509; x_wconf 90' lang='lat' dir='ltr'><strong>possit</strong></span> <span class='ocrx_word' id='word_1_255' title='bbox 2920 1428 2984 1489; x_wconf 93' lang='lat' dir='ltr'><strong>in</strong></span> <span class='ocrx_word' id='word_1_256' title='bbox 3017 1428 3280 1509; x_wconf 89' lang='lat' dir='ltr'><strong>quodam</strong></span> <span class='ocrx_word' id='word_1_257' title='bbox 3326 1428 3562 1491; x_wconf 87' lang='lat' dir='ltr'><strong>decreto</strong></span> <span class='ocrx_word' id='word_1_258' title='bbox 3584 1477 3601 1502; x_wconf 85' lang='lat'>‚</span> 
     </span>
     <span class='ocr_line' id='line_1_38' title="bbox 2063 1523 3606 1604; baseline 0.002 -22"><span class='ocrx_word' id='word_1_259' title='bbox 2063 1523 2227 1603; x_wconf 90' lang='lat' dir='ltr'><strong>quod</strong></span> <span class='ocrx_word' id='word_1_260' title='bbox 2250 1523 2609 1604; x_wconf 86' lang='lat' dir='ltr'><strong>supponitur</strong></span> <span class='ocrx_word' id='word_1_261' title='bbox 2631 1523 2862 1585; x_wconf 92' lang='lat' dir='ltr'><strong>editum</strong></span> <span class='ocrx_word' id='word_1_262' title='bbox 2882 1543 3034 1586; x_wconf 79' lang='lat' dir='ltr'><strong>anno</strong></span> <span class='ocrx_word' id='word_1_263' title='bbox 3055 1527 3228 1583; x_wconf 85' lang='grc'><strong>1587.</strong></span> <span class='ocrx_word' id='word_1_264' title='bbox 3245 1542 3281 1585; x_wconf 90' lang='lat' dir='ltr'><strong>a</strong></span> <span class='ocrx_word' id='word_1_265' title='bbox 3301 1523 3606 1587; x_wconf 88' lang='lat' dir='ltr'><strong>Cardinali</strong></span> 
     </span>
     <span class='ocr_line' id='line_1_39' title="bbox 2061 1616 3604 1699; baseline 0.001 -21"><span class='ocrx_word' id='word_1_266' title='bbox 2061 1618 2265 1680; x_wconf 86' lang='lat' dir='ltr'><strong>Marco</strong></span> <span class='ocrx_word' id='word_1_267' title='bbox 2285 1617 2548 1679; x_wconf 80' lang='lat' dir='ltr'><strong>Antonio</strong></span> <span class='ocrx_word' id='word_1_268' title='bbox 2569 1616 2863 1679; x_wconf 88' lang='lat' dir='ltr'><strong>Columna</strong></span> <span class='ocrx_word' id='word_1_269' title='bbox 2880 1616 3172 1699; x_wconf 86' lang='lat' dir='ltr'><strong>Episcopo</strong></span> <span class='ocrx_word' id='word_1_270' title='bbox 3194 1617 3604 1693; x_wconf 84' lang='lat' dir='ltr'><strong>Praenestino,</strong></span> 
     </span>
     <span class='ocr_line' id='line_1_40' title="bbox 2063 1711 3607 1794; baseline 0.002 -22"><span class='ocrx_word' id='word_1_271' title='bbox 2063 1712 2122 1773; x_wconf 92' lang='lat' dir='ltr'><strong>in</strong></span> <span class='ocrx_word' id='word_1_272' title='bbox 2156 1713 2682 1794; x_wconf 67' lang='lat' dir='ltr'><strong>quo3praedictum</strong></span> <span class='ocrx_word' id='word_1_273' title='bbox 2732 1711 3100 1775; x_wconf 84' lang='lat' dir='ltr'><strong>Beneficium</strong></span> <span class='ocrx_word' id='word_1_274' title='bbox 3151 1712 3353 1775; x_wconf 85' lang='lat' dir='ltr'><strong>univit</strong></span> <span class='ocrx_word' id='word_1_275' title='bbox 3399 1711 3607 1775; x_wconf 81' lang='lat' dir='ltr'><strong>favore</strong></span> 
     </span>
     <span class='ocr_line' id='line_1_41' title="bbox 2059 1806 3609 1888; baseline 0.002 -20"><span class='ocrx_word' id='word_1_276' title='bbox 2059 1808 2300 1871; x_wconf 87' lang='lat' dir='ltr'><strong>Mensae</strong></span> <span class='ocrx_word' id='word_1_277' title='bbox 2317 1806 2700 1888; x_wconf 79' lang='lat' dir='ltr'><strong>capitularis,</strong></span> <span class='ocrx_word' id='word_1_278' title='bbox 2720 1826 2860 1869; x_wconf 87' lang='lat' dir='ltr'><strong>cum</strong></span> <span class='ocrx_word' id='word_1_279' title='bbox 2881 1806 3029 1869; x_wconf 91' lang='lat' dir='ltr'><strong>unio</strong></span> <span class='ocrx_word' id='word_1_280' title='bbox 3056 1806 3242 1870; x_wconf 80' lang='lat' dir='ltr'><strong>fuerit</strong></span> <span class='ocrx_word' id='word_1_281' title='bbox 3268 1806 3609 1871; x_wconf 78' lang='lat' dir='ltr'><strong>ineffectua-</strong></span> 
     </span>
     <span class='ocr_line' id='line_1_42' title="bbox 2063 1899 3606 1982; baseline 0 -20"><span class='ocrx_word' id='word_1_282' title='bbox 2063 1909 2143 1974; x_wconf 88' lang='lat' dir='ltr'><strong>ta,</strong></span> <span class='ocrx_word' id='word_1_283' title='bbox 2168 1909 2228 1963; x_wconf 91' lang='lat' dir='ltr'><strong>et</strong></span> <span class='ocrx_word' id='word_1_284' title='bbox 2247 1910 2380 1982; x_wconf 91' lang='lat' dir='ltr'><strong>post</strong></span> <span class='ocrx_word' id='word_1_285' title='bbox 2399 1900 2619 1963; x_wconf 89' lang='lat' dir='ltr'><strong>dictam</strong></span> <span class='ocrx_word' id='word_1_286' title='bbox 2636 1900 2923 1963; x_wconf 90' lang='lat' dir='ltr'><strong>unionem</strong></span> <span class='ocrx_word' id='word_1_287' title='bbox 2941 1899 3309 1962; x_wconf 86' lang='lat' dir='ltr'><strong>Beneficium</strong></span> <span class='ocrx_word' id='word_1_288' title='bbox 3328 1899 3606 1964; x_wconf 88' lang='lat' dir='ltr'><strong>habitum</strong></span> 
     </span>
     <span class='ocr_line' id='line_1_43' title="bbox 2059 1993 3231 2076; baseline -0.002 -19"><span class='ocrx_word' id='word_1_289' title='bbox 2059 1995 2247 2058; x_wconf 82' lang='lat' dir='ltr'><strong>fuerit</strong></span> <span class='ocrx_word' id='word_1_290' title='bbox 2275 2005 2562 2076; x_wconf 88' lang='lat' dir='ltr'><strong>tanquam</strong></span> <span class='ocrx_word' id='word_1_291' title='bbox 2596 1994 2826 2058; x_wconf 89' lang='lat' dir='ltr'><strong>liberae</strong></span> <span class='ocrx_word' id='word_1_292' title='bbox 2852 1993 3231 2057; x_wconf 88' lang='lat' dir='ltr'><strong>Collationis.</strong></span> 
     </span>
    </p>

    <p class='ocr_par' dir='ltr' id='par_1_6' title="bbox 2177 2089 3026 2171">
     <span class='ocr_line' id='line_1_44' title="bbox 2177 2089 3026 2171; baseline -0.001 -19"><span class='ocrx_word' id='word_1_293' title='bbox 2177 2089 2294 2152; x_wconf 84' lang='lat' dir='ltr'><strong>His</strong></span> <span class='ocrx_word' id='word_1_294' title='bbox 2321 2089 2651 2164; x_wconf 85' lang='lat' dir='ltr'><strong>stantibus,</strong></span> <span class='ocrx_word' id='word_1_295' title='bbox 2679 2090 3026 2171; x_wconf 86' lang='lat' dir='ltr'><strong>quaeritur:</strong></span> 
     </span>
    </p>

    <p class='ocr_par' dir='ltr' id='par_1_7' title="bbox 2056 2180 3608 2438">
     <span class='ocr_line' id='line_1_45' title="bbox 2176 2180 3608 2264; baseline 0 -19"><span class='ocrx_word' id='word_1_296' title='bbox 2176 2184 2305 2257; x_wconf 77' lang='lat' dir='ltr'><strong>An,</strong></span> <span class='ocrx_word' id='word_1_297' title='bbox 2332 2195 2385 2247; x_wconf 80' lang='lat' dir='ltr'><strong>et</strong></span> <span class='ocrx_word' id='word_1_298' title='bbox 2414 2188 2477 2246; x_wconf 75' lang='lat' dir='ltr'><strong>in</strong></span> <span class='ocrx_word' id='word_1_299' title='bbox 2497 2205 2612 2264; x_wconf 77' lang='lat' dir='ltr'><strong>qua</strong></span> <span class='ocrx_word' id='word_1_300' title='bbox 2641 2203 2864 2245; x_wconf 76' lang='lat' dir='ltr'><strong>summa</strong></span> <span class='ocrx_word' id='word_1_301' title='bbox 2895 2182 3063 2245; x_wconf 69' lang='lat' dir='ltr'><strong>Tama</strong></span> <span class='ocrx_word' id='word_1_302' title='bbox 3086 2180 3404 2245; x_wconf 71' lang='lat' dir='ltr'><strong>seminarii</strong></span> <span class='ocrx_word' id='word_1_303' title='bbox 3422 2202 3462 2246; x_wconf 80' lang='lat' dir='ltr'><strong>a</strong></span> <span class='ocrx_word' id='word_1_304' title='bbox 3488 2180 3608 2245; x_wconf 78' lang='lat' dir='ltr'><strong>Ga-</strong></span> 
     </span>
     <span class='ocr_line' id='line_1_46' title="bbox 2056 2276 3605 2361; baseline -0.001 -21"><span class='ocrx_word' id='word_1_305' title='bbox 2056 2282 2264 2361; x_wconf 69' lang='grc' dir='ltr'><em>ρίτυῑο,</em></span> <span class='ocrx_word' id='word_1_306' title='bbox 2294 2291 2345 2340; x_wconf 76' lang='lat' dir='ltr'><strong>ct</strong></span> <span class='ocrx_word' id='word_1_307' title='bbox 2375 2279 2678 2341; x_wconf 74' lang='lat' dir='ltr'><strong>canonicis</strong></span> <span class='ocrx_word' id='word_1_308' title='bbox 2703 2277 3062 2341; x_wconf 75' lang='lat' dir='ltr'><strong>Cathedralis</strong></span> <span class='ocrx_word' id='word_1_309' title='bbox 3090 2276 3489 2340; x_wconf 75' lang='lat' dir='ltr'><strong>Praenestinae</strong></span> <span class='ocrx_word' id='word_1_310' title='bbox 3509 2278 3605 2339; x_wconf 79' lang='lat' dir='ltr'><strong>de-</strong></span> 
     </span>
     <span class='ocr_line' id='line_1_47' title="bbox 2060 2377 2643 2438; baseline -0.003 -2"><span class='ocrx_word' id='word_1_311' title='bbox 2060 2377 2259 2438; x_wconf 76' lang='lat' dir='ltr'><strong>beatur</strong></span> <span class='ocrx_word' id='word_1_312' title='bbox 2285 2378 2351 2435; x_wconf 77' lang='lat' dir='ltr'><strong>in</strong></span> <span class='ocrx_word' id='word_1_313' title='bbox 2377 2395 2512 2436; x_wconf 74' lang='lat' dir='ltr'><strong>casu</strong></span> <span class='ocrx_word' id='word_1_314' title='bbox 2541 2385 2643 2436; x_wconf 78' lang='lat' dir='ltr'><strong>otc.</strong></span> 
     </span>
    </p>
   </div>
   <div class='ocr_carea' id='block_1_5' title="bbox 2051 2562 3609 2974">
    <p class='ocr_par' dir='ltr' id='par_1_8' title="bbox 2051 2562 3609 2974">
     <span class='ocr_line' id='line_1_48' title="bbox 2165 2562 3567 2637; baseline -0.007 -14"><span class='ocrx_word' id='word_1_315' title='bbox 2165 2572 2318 2623; x_wconf 78' lang='lat' dir='ltr'><strong>Sacra</strong></span> <span class='ocrx_word' id='word_1_316' title='bbox 2347 2570 2544 2637; x_wconf 83' lang='lat' dir='ltr'><strong>Congr.</strong></span> <span class='ocrx_word' id='word_1_317' title='bbox 2576 2567 2666 2620; x_wconf 83' lang='lat' dir='ltr'><strong>die</strong></span> <span class='ocrx_word' id='word_1_318' title='bbox 2695 2565 2783 2619; x_wconf 74' lang='lat'><strong>29.</strong></span> <span class='ocrx_word' id='word_1_319' title='bbox 2815 2564 3046 2619; x_wconf 63' lang='lat' dir='ltr'><strong>januarii</strong></span> <span class='ocrx_word' id='word_1_320' title='bbox 3079 2563 3234 2617; x_wconf 69' lang='lat'>¹7²⁸.</span> <span class='ocrx_word' id='word_1_321' title='bbox 3263 2562 3567 2632; x_wconf 80' lang='lat' dir='ltr'><strong>respondit:</strong></span> 
     </span>
     <span class='ocr_line' id='line_1_49' title="bbox 2242 2650 3604 2720; baseline -0.005 -11"><span class='ocrx_word' id='word_1_322' title='bbox 2242 2656 2439 2709; x_wconf 75' lang='lat' dir='ltr'><strong>Dilata</strong></span> <span class='ocrx_word' id='word_1_323' title='bbox 2459 2694 2476 2719; x_wconf 83' lang='lat'>‚</span> <span class='ocrx_word' id='word_1_324' title='bbox 2513 2666 2565 2708; x_wconf 78' lang='lat' dir='ltr'><strong>ee</strong></span> <span class='ocrx_word' id='word_1_325' title='bbox 2591 2654 2667 2707; x_wconf 81' lang='lat' dir='ltr'><strong>ad</strong></span> <span class='ocrx_word' id='word_1_326' title='bbox 2691 2652 3198 2706; x_wconf 60' lang='lat' dir='ltr'><strong>Eminentia-simum</strong></span> <span class='ocrx_word' id='word_1_327' title='bbox 3223 2650 3604 2720; x_wconf 74' lang='lat' dir='ltr'><strong>praefi-ceum,</strong></span> 
     </span>
     <span class='ocr_line' id='line_1_50' title="bbox 2056 2737 3607 2812; baseline -0.001 -17"><span class='ocrx_word' id='word_1_328' title='bbox 2056 2744 2155 2811; x_wconf 80' lang='lat' dir='ltr'><strong>qui</strong></span> <span class='ocrx_word' id='word_1_329' title='bbox 2172 2746 2422 2798; x_wconf 77' lang='lat' dir='ltr'><strong>Peritum</strong></span> <span class='ocrx_word' id='word_1_330' title='bbox 2439 2744 2608 2812; x_wconf 75' lang='lat' dir='ltr'><strong>eligat</strong></span> <span class='ocrx_word' id='word_1_331' title='bbox 2633 2742 2709 2795; x_wconf 84' lang='lat' dir='ltr'><strong>ad</strong></span> <span class='ocrx_word' id='word_1_332' title='bbox 2733 2737 3279 2811; x_wconf 70' lang='lat' dir='ltr'><strong>ffctumfirmandi</strong></span> <span class='ocrx_word' id='word_1_333' title='bbox 3294 2751 3498 2794; x_wconf 67' lang='lat' dir='ltr'><strong>statum</strong></span> <span class='ocrx_word' id='word_1_334' title='bbox 3518 2757 3607 2794; x_wconf 68' lang='lat' dir='ltr'><strong>ue·</strong></span> 
     </span>
     <span class='ocr_line' id='line_1_51' title="bbox 2051 2827 3609 2902; baseline -0.004 -16"><span class='ocrx_word' id='word_1_335' title='bbox 2051 2850 2156 2902; x_wconf 83' lang='lat' dir='ltr'><strong>per</strong></span> <span class='ocrx_word' id='word_1_336' title='bbox 2173 2831 2351 2886; x_wconf 68' lang='lat' dir='ltr'><strong>reditu</strong></span> <span class='ocrx_word' id='word_1_337' title='bbox 2370 2831 2822 2899; x_wconf 76' lang='lat' dir='ltr'><strong>Canonicaeuum,</strong></span> <span class='ocrx_word' id='word_1_338' title='bbox 2845 2828 3102 2884; x_wconf 62' lang='lat' dir='ltr'><strong>detractis</strong></span> <span class='ocrx_word' id='word_1_339' title='bbox 3120 2827 3609 2893; x_wconf 66' lang='lat' dir='ltr'><strong>diaen&#39;buet&#39;om&#39;bus,</strong></span> 
     </span>
     <span class='ocr_line' id='line_1_52' title="bbox 2057 2919 2558 2974; baseline -0.002 0"><span class='ocrx_word' id='word_1_340' title='bbox 2057 2933 2109 2974; x_wconf 73' lang='lat' dir='ltr'><strong>ee</strong></span> <span class='ocrx_word' id='word_1_341' title='bbox 2126 2921 2257 2974; x_wconf 73' lang='lat' dir='ltr'><strong>aliis</strong></span> <span class='ocrx_word' id='word_1_342' title='bbox 2281 2919 2558 2974; x_wconf 77' lang='lat' dir='ltr'><strong>oneribus.</strong></span> 
     </span>
    </p>
   </div>
   <div class='ocr_carea' id='block_1_6' title="bbox 1630 3703 2384 3763">
    <p class='ocr_par' dir='ltr' id='par_1_9' title="bbox 1630 3703 2384 3763">
     <span class='ocr_line' id='line_1_53' title="bbox 1630 3703 2384 3763; baseline -0.008 -2"><span class='ocrx_word' id='word_1_343' title='bbox 1630 3708 1811 3763; x_wconf 73' lang='lat' dir='ltr'><strong>Flms</strong></span> <span class='ocrx_word' id='word_1_344' title='bbox 1853 3706 2080 3759; x_wconf 73' lang='lat' dir='ltr'><strong>PmMAE</strong></span> <span class='ocrx_word' id='word_1_345' title='bbox 2118 3703 2354 3759; x_wconf 75' lang='lat' dir='ltr'><strong>PARTts</strong></span> <span class='ocrx_word' id='word_1_346' title='bbox 2370 3743 2384 3756; x_wconf 90' lang='lat'><strong>.</strong></span> 
     </span>
    </p>
   </div>
   <div class='ocr_carea' id='block_1_7' title="bbox 795 5608 1487 5664">
    <p class='ocr_par' dir='ltr' id='par_1_10' title="bbox 795 5608 1487 5664">
     <span class='ocr_line' id='line_1_54' title="bbox 795 5608 1487 5664; baseline 0 -3"><span class='ocrx_word' id='word_1_347' title='bbox 795 5621 1000 5661; x_wconf 67' lang='lat' dir='ltr'><strong>nunno.</strong></span> <span class='ocrx_word' id='word_1_348' title='bbox 1045 5620 1152 5660; x_wconf 73' lang='lat' dir='ltr'><strong>xiv.</strong></span> <span class='ocrx_word' id='word_1_349' title='bbox 1193 5620 1337 5663; x_wconf 68' lang='lat' dir='ltr'><strong>ron.</strong></span> <span class='ocrx_word' id='word_1_350' title='bbox 1379 5608 1487 5664; x_wconf 82' lang='lat' dir='ltr'><strong>xlt.</strong></span> 
     </span>
    </p>
   </div>
  </div>
 </body>
</html>
