4393 6299
952 434 1033 497 ,ae
1965 434 2414 502 ouffisrtonns
2454 434 2815 491 CANONtCAE

777 586 1035 652 subditus
1059 635 1073 657 ‚
1126 608 1268 667 quae
1313 572 1389 648 est
1435 609 1466 646 a
1502 585 1559 648 la
1596 595 1884 666 quaranta
1928 596 2159 666 quattro
2193 609 2226 645 1)
2269 589 2333 647 in
2442 580 2546 648 ctis
2575 589 2946 652 Eminentiss.
3002 588 3260 677 Dominis
3293 589 3426 649 meis
3467 588 3636 666 hujus
3669 584 4004 650 Testamenti

778 682 943 742 Bau.
970 703 1147 762 parvo
1176 703 1301 744 san.
1330 702 1491 742 mem.
1522 681 1838 742 Innocentii
1873 681 2010 741 XII.

898 777 1162 838 Tandem
1194 797 1329 837 cum
1358 776 1573 838 debeat
1607 776 1828 837 Orator
1868 777 1942 838 ad
1973 775 2187 837 Sacros
2215 775 2332 837 Or-

780 869 952 932 dines
975 870 1295 931 ascendere.
1322 915 1337 941 ,
1389 878 1446 931 et
1476 870 1554 930 sit
1583 879 1846 931 arctatus
1888 871 1967 930 ab
2003 869 2329 949 Archipre-

703 1037 709 1047 .
776 963 1089 1044 sbyteratu
1119 1008 1135 1035 ,
1184 982 1365 1044 quem
1413 962 1686 1036 obtinet,
1741 961 2166 1024 testimoniales
2212 981 2332 1022 000

775 1056 1019 1117 exbibet
1048 1056 1277 1118 litteras
1307 1077 1518 1118 eorum
1546 1057 2040 1130 ordinariorum,
2077 1056 2140 1117 in
2176 1076 2330 1138 quo-

776 1169 912 1211 rum
943 1151 1326 1212 Dioecesibus
1357 1161 1522 1213 tanto
1550 1162 1815 1232 tempore
1845 1172 2074 1213 moram
2105 1151 2328 1225 traxit,

779 1252 844 1302 ut
871 1243 1079 1325 aliquo
1101 1245 1365 1325 potuerit
1394 1245 1824 1324 impedimento
1860 1246 2149 1307 canonico
2178 1245 2331 1306 irre·

777 1328 876 1398 tiri
907 1384 923 1410 ,
955 1348 1022 1399 ut
1047 1338 1106 1398 in
1136 1339 1315 1401 citata
1352 1339 1528 1401 Bulla
1559 1341 1989 1423 praescribitur
2017 1362 2033 1414 ;
2071 1358 2334 1420 cumque

718 1471 725 1483 .
774 1431 902 1511 ipse
937 1441 1181 1511 paratus
1211 1433 1282 1493 sit
1312 1432 1499 1493 vitam
1525 1479 1541 1505 ,
1572 1444 1631 1495 et
1671 1453 1867 1495 mores
1892 1481 1908 1507 ,
1948 1453 2179 1495 necnon
2215 1434 2329 1494 Ba-

776 1524 1061 1604 ptismum
1081 1572 1095 1594 ‚
1125 1535 1184 1585 et
1215 1524 1749 1588 Confirmationem
1781 1529 2041 1609 probare
2071 1546 2177 1608 per
2218 1528 2331 1587 Te-

773 1628 889 1679 stes
920 1619 1038 1680 lide
1071 1620 1317 1702 dignos,
1348 1621 1678 1695 videndum
1706 1631 1793 1683 est
1822 1667 1839 1696 ,
1885 1641 1965 1684 an
1996 1622 2059 1684 id
2094 1621 2331 1684 admitti

775 1712 992 1774 valeat.

898 1808 1188 1890 Exemplo
1225 1811 1354 1891 ejus
1383 1855 1401 1883 ,
1440 1810 1606 1891 quod
1638 1810 1857 1893 passim
1888 1810 2222 1892 praticatur
2266 1810 2329 1872 in

774 1902 1091 1963 Tribunali
1136 1904 1557 1966 Sanctissimae
1599 1905 2061 1986 Inquisitionis,
2097 1905 2159 1965 in
2209 1924 2332 1985 quo

771 2008 1165 2058 concurrente
1215 1997 1428 2059 morali
1485 1996 1968 2079 impossibilitate
2025 1998 2327 2078 probandi

778 2089 1115 2151 libertatem
1161 2092 1363 2153 Status
1390 2096 1589 2173 quoad
1638 2093 1876 2174 aliquos
1902 2138 1919 2166 ,
1957 2095 2065 2174 qui
2113 2093 2330 2157 volunt

774 2185 1164 2246 Matrimonia
1188 2187 1481 2268 copulari,
1509 2188 1851 2250 admittitur
1876 2188 2172 2253 libertatis
2198 2208 2329 2270 pro·

773 2280 938 2340 batio
968 2301 1071 2360 per
1093 2283 1293 2343 Testes
1319 2329 1334 2355 ,
1367 2294 1424 2344 et
1454 2302 1560 2364 per
1581 2274 2145 2365 juramentumejus
2170 2332 2186 2355 ,
2220 2283 2327 2364 qui

772 2373 903 2435 vult
937 2374 1394 2436 Matrimonium
1418 2369 1775 2438 contrahere
1803 2424 1820 2448 ,
1859 2376 2137 2439 intimata
2183 2396 2327 2458 poe-

770 2488 989 2530 narum
1016 2471 1483 2532 comminatione
1509 2472 1798 2533 adversus
1824 2471 2202 2554 l’olygamos.
2267 2534 2270 2537 ,

888 2564 1108 2626 Omnia
1143 2562 1347 2647 itaque
1383 2566 1444 2626 in
1486 2585 1678 2627 110010
1726 2565 2064 2648 colligendo
2088 2612 2106 2642 ,
2144 2586 2332 2648 quae-

772 2659 929 2720 ritur
2211 2722 2214 2725 .

892 2754 941 2814 1.
975 2754 1068 2812 An
1108 2753 1323 2815 Orator
1351 2758 1425 2816 sit
1458 2757 1800 2837 irreqularis
1828 2803 1845 2828 ,
1879 2776 1954 2817 ex
1977 2777 2086 2837 quo
2119 2755 2329 2839 Bapti-

765 2866 953 2906 smum
979 2850 1050 2909 ab
1075 2849 1377 2912 Haeretico
1404 2854 1629 2931 recepit.
2028 2844 2029 2847 ¹

890 2943 972 3004 11.
1008 2942 1101 3003 An
1124 2947 1462 3024 irre-putaris
1489 2947 1585 3016 sit,
1618 2938 1693 3006 ea:
1721 2965 1831 3026 quo
1857 2957 2028 3008 natus
2052 2960 2130 3009 est
2150 2969 2188 3010 a
2220 2948 2335 3012 Pa·

771 3040 1023 3099 rentibus
1041 3040 1333 3100 haereticis
1349 3086 1365 3113 ,
1388 3052 1437 3100 et
1468 3052 1743 3119 quatenus
1767 3042 2133 3124 affirmative:

895 3134 1006 3195 111.
1035 3134 1130 3194 An
1153 3137 1205 3196 ei
1225 3137 1297 3196 sit
1320 3136 1665 3222 indulqenda
1691 3136 2051 3218 dispensatio-

891 3230 999 3290 tv.
1034 3232 1126 3290 An
1170 3233 1502 3293 remanserit
1550 3251 1845 3313 suspensus
1884 3253 1919 3294 a
1956 3243 2336 3315 susceptorum

668 3353 675 3356 -
776 3322 1061 3384 Ordinum
1089 3329 1446 3402 executione,
1485 3347 1560 3389 ex
1594 3347 1705 3406 quo
1745 3349 1830 3388 eos
1857 3331 2060 3409 recepit
2093 3331 2216 3390 sine
2242 3329 2332 3390 di—

770 3422 1045 3480 missoriis
1072 3424 1297 3502 proprii
1340 3422 1645 3505 Episcopi,
1688 3433 2041 3503 etquatenus
2070 3424 2332 3505 offirma·

773 3516 906 3573 tire:

892 3609 968 3668 V.
1008 3609 1103 3667 An
1135 3609 1265 3672 haec
1295 3615 1668 3693 suspensionis
1702 3634 1880 3693 poena
1918 3616 1983 3676 de
2023 3617 2203 3677 medio
2233 3618 2336 3677 tol-

775 3704 938 3765 tenda
979 3706 1051 3763 sit
1098 3725 1198 3787 per
1235 3710 1599 3786 apostolicam
1650 3709 2116 3789 dispensationem
2146 3760 2161 3781 ‚
2222 3732 2336 3773 non

772 3797 1021 3858 obstante
1044 3800 1190 3878 quod
1212 3803 1305 3859 sui
1335 3799 1643 3863 Ordinarii
1663 3824 1953 3864 consensus
1982 3807 2225 3887 deficiat.

894 3894 1001 3954 Vl.
1043 3895 1134 3953 An
1158 3898 1415 3975 probatio
1442 3897 1507 3957 de
1539 3897 1667 3958 Vita
1692 3947 1706 3969 ‚
1731 3911 1780 3959 et
1808 3902 2078 3971 inor-ibus,
2122 3921 2334 3963 necnon

771 3985 1080 4066 Baptismi,
1112 4000 1160 4048 ct
1188 3989 1649 4070 Confirmationis
1667 3993 1795 4073 fieri
1811 3996 1983 4074 possit
2003 4015 2102 4075 per
2130 3995 2331 4069 Testes,

768 4082 1149 4161 deficientibus
1182 4083 1414 4145 Litteris
1455 4085 1942 4149 Testimonialibus
1972 4080 2333 4153 'Ordinario-

767 4195 921 4249 rum,
940 4175 1121 4254 juxta
1139 4182 1493 4260 praescripta
1516 4182 1578 4239 in
1606 4181 1790 4244 Bulla
1813 4182 2248 4264 Speculatores.

879 4369 1017 4420 Sacr.
1051 4370 1254 4431 Conar.
1284 4371 1589 4438 respondit:

953 4455 1048 4507 Ad
1072 4457 1344 4520 Primum,
1373 4470 1425 4510 et
1446 4458 1740 4511 secandum
1789 4463 2053 4530 negative.
2081 4463 2178 4516 Ad
2208 4468 2332 4520 Ter·

770 4542 905 4595 tium
928 4543 1064 4597 satis
1083 4544 1391 4612 prove'sum.
1422 4546 1518 4599 Ad
1548 4551 1836 4615 Quartum,
1880 4565 1933 4602 et
1965 4552 2224 4618 Quintum
2252 4553 2332 4625 qs-

746 4628 1065 4701 firmatis-e.
1098 4632 1192 4685 Ad
1209 4647 1425 4685 sexeum
1450 4635 1628 4688 dilata
1646 4673 1661 4702 ,
1689 4651 1742 4690 ee
1764 4638 1840 4690 ad
1862 4652 2108 4692 mentem.

1228 4784 1590 4858 QUAESTIO
1634 4787 1870 4851 XXXI.

947 4943 1015 5004 In
1051 4909 1240 5005 causa
1266 4944 1525 5028 Romana
1552 4948 1641 5010 die
1663 4952 1761 5009 21.
1785 4948 1947 5029 Maji
1971 4957 2145 5014 1718.

768 5065 1020 5180 Clarae
1047 5119 1374 5181 Memoriae
1401 5121 1739 5185 Cardinalis
1788 5124 2090 5190 Corradus
2124 5127 2185 5189 in
2216 5148 2327 5191 suo

769 5213 1148 5272 Testamento
1177 5213 1330 5275 facto
1378 5216 1476 5277 die
1511 5223 1570 5276 7.
1623 5216 1898 5281 ,13003111
1944 5221 2090 5283 3001
2145 5227 2320 5284 1666.

768 5306 852 5366 sic
880 5305 1193 5384 disposuit.

887 5400 1154 5480 Amplius
1180 5401 1430 5481 dispono,
1462 5405 1610 5483 quod
1632 5393 2016 5469 instituantur
2040 5430 2077 5471 a
2100 5412 2326 5489 praedi·

2450 683 2865 746 Executoribm
2887 686 3032 747 duae
3054 683 3463 765 cappellaniae
3480 701 3607 743 cum
3626 686 3787 742 onere
3806 685 4005 762 sinqu-

2445 779 2515 840 lis
2561 777 2989 853 Sacerdotibus,
3047 782 3150 861 qui
3182 781 3318 840 illas
3359 797 3466 858 pro
3516 788 3754 858 tempore
3792 779 4005 841 obtine-

2444 875 2604 943 bunt,
2627 877 2946 937 celebrandi
2962 895 3063 963 per
3080 895 3135 964 se
3151 877 3298 955 ipsos
3318 873 3564 935 Missam
3584 873 3997 962 quotidianam,

2438 969 2626 1030 altera
2665 972 2876 1031 scilicet
2917 973 2979 1030 in
3007 971 3163 1031 dicta
3210 968 3465 1029 Ecclesia
3495 965 3741 1028 Sanctae
3769 968 4001 1032 Mariae

2446 1061 2850 1144 Transpontem
2890 1085 2994 1145 pro
3023 1063 3297 1145 suffraqio
3325 1063 3568 1123 Animae
3608 1081 3787 1132 meae,
3816 1064 4000 1125 altera

2442 1177 2569 1217 cero
2606 1161 2670 1217 in
2720 1159 2981 1220 Ecclesia
3035 1157 3242 1219 Sancti
3301 1154 3565 1235 Greqorii
3587 1177 3693 1237 pro
3730 1156 4001 1237 suffraqio

2442 1250 2786 1314 Animarum
2820 1251 3047 1322 Patris,
3075 1251 3328 1322 Matris,
3359 1249 3617 1322 Fratris,
3649 1261 3817 1328 atque
3845 1250 4002 1310 Atti·

2439 1349 2696 1407 nentium
2716 1395 2730 1417 ‚
2762 1357 2810 1407 et
2842 1347 3298 1426 Benefactorum,
3320 1364 3387 1406 ac
3432 1343 3838 1406 Familiarium
3859 1366 4006 1407 meo·

2442 1461 2571 1500 rum
2600 1443 2699 1502 hoc
2734 1442 2963 1513 ordine,
3015 1441 3268 1502 videlicet
3298 1440 3388 1500 die
3420 1437 3616 1500 Lunae
3641 1459 3748 1519 pro
3789 1439 4005 1502 Anima

2446 1534 2643 1596 Patris
2673 1539 2801 1609 mei,
2831 1536 2920 1597 die
2947 1535 3166 1597 Martis
3206 1554 3310 1615 pro
3338 1535 3535 1596 anima
3566 1534 3785 1596 Matris
3816 1553 4001 1607 meae,

2441 1631 2531 1691 die
2574 1631 2862 1692 Mercurii
2892 1650 3000 1711 pro
3045 1630 3257 1690 Anima
3289 1628 3517 1690 Fratris
3546 1631 3687 1699 mei,
3727 1629 3816 1689 die
3847 1627 4007 1690 Iocis

2440 1743 2542 1804 pro
2589 1724 2904 1789 Animabus
2944 1713 3410 1802 Benesactorum‚
3475 1724 3564 1783 die
3627 1721 3858 1783 Veneris
3904 1742 4007 1803 pro

2441 1817 2757 1878 Animabus
2786 1818 3168 1878 Attinentium
3193 1865 3210 1889 ,
3244 1827 3295 1878 et
3315 1818 3404 1876 die
3432 1815 3675 1879 Sabbati
3708 1836 3813 1896 pro
3862 1817 4010 1877 Ani-

2439 1915 2635 1974 mabus
2678 1911 3088 1974 Familiarium
3128 1922 3471 1985 nostrorum,
3516 1922 3686 1991 atque
3720 1913 3836 1972 istc
3858 1909 4014 1973 Ordo

2439 2009 2734 2067 successive
2778 2009 2843 2066 in
2865 2016 3197 2087 perpetuum
3229 2015 3499 2065 servetur.

2556 2098 2944 2181 Cappellania
2975 2100 3228 2162 fundata
3256 2100 3317 2160 in
3341 2098 3605 2161 Ecclesia
3628 2098 3835 2161 Sancti
3860 2099 4009 2162 Gre-

2439 2194 2618 2275 gorii,
2653 2196 2849 2257 tribus
2896 2195 2974 2257 ab
3007 2195 3152 2256 hinc
3186 2193 3394 2266 annis,
3438 2193 3728 2257 translata
3766 2194 3888 2257 fuit
3932 2195 4011 2257 ad

2439 2290 2762 2352 Ecclesiam
2820 2291 3177 2352 Sanctorum
3225 2288 3480 2352 Fabiani
3506 2335 3522 2362 ,
3570 2300 3630 2350 et
3662 2288 4008 2351 Sebastiani

2440 2394 2610 2445 extra
2640 2383 2877 2459 moenia
2911 2383 3122 2458 Urbis,
3166 2383 3487 2462 apostolica
3519 2384 3885 2446 auctoritate
3912 2383 4010 2446 in-

2445 2479 2820 2553 tercedente;
2851 2498 3111 2560 cumque
3138 2478 3374 2548 Abbas;
3408 2486 3466 2539 et
3496 2476 3785 2539 Monachi
3815 2477 4011 2541 dictae

2441 2563 2774 2647 Ecclesiae,
2810 2573 3047 2645 ordine,
3100 2593 3223 2655 quo
3253 2592 3471 2654 supra,
3508 2573 3720 2635 Missas
3753 2573 4014 2637 fecerint

2444 2669 2783 2743 celebrare,
2823 2665 2922 2733 sed
2971 2666 3485 2750 praetermiserint
3534 2666 4017 2732 celebrationem

2443 2763 2541 2823 die
2569 2764 2907 2835 Dominico,
2938 2761 3220 2824 dubitare
3247 2760 3640 2840 incoeperunt
3666 2773 3686 2833 ,·
3715 2780 3804 2846 an
3834 2762 4018 2825 adae·

2443 2866 2625 2939 quate
2651 2905 2664 2929 ,
2692 2868 2750 2920 et
2768 2859 3003 2940 integre
3028 2855 3427 2920 satisfecerint
3447 2854 3617 2918 oneri
3648 2874 3903 2918 annexo
3929 2856 4040 2937 di·⁹

2442 2961 2571 3014 ctae
2598 2952 3053 3033 Cappellaniae,
3106 2948 3438 3029 habitoque
3464 2967 3711 3010 recursu
3752 2950 3829 3012 ad
3864 2951 4022 3016 hanc

2442 3046 2683 3107 Sacram
2715 3043 3250 3127 Congregationem
3269 3088 3286 3117 ,
3313 3042 3669 3122 rescriptum
3697 3041 4023 3107 13111Εωί-

2442 3143 2767 3202 nentissimo
2791 3140 3109 3202 Protectori
3124 3185 3141 3212 ,
3171 3140 3274 3218 qui
3297 3138 3562 3217 diqnetur
3587 3135 3844 3200 Sacram
3875 3139 4023 3203 con-

2440 3237 2814 3314 qreqationem
2842 3233 3090 3298 Concilii
3115 3236 3455 3294 instructam
3477 3232 3732 3304 reddere,
3752 3244 3806 3294 et
3823 3245 4015 3299 votum

2442 3332 2684 3410 aperire.

2561 3423 3087 3485 Eminentissimus
3128 3423 3435 3485 Protector
3462 3423 3523 3484 in
3564 3441 3675 3484 sua
3713 3422 4016 3488 informa-

2444 3520 2606 3581 tione
2637 3520 2842 3590 sensit,
2875 3517 3203 3581 Monachos
3242 3537 3370 3579 esse
3415 3516 3714 3599 obligatos
3742 3518 3820 3581 ad
3854 3518 4016 3581 cele-

2447 3614 2782 3675 brationem
2813 3615 3031 3675 Missae
3079 3610 3258 3675 etiam
3290 3611 3388 3672 die
3416 3610 3736 3672 Dominio-o
3759 3661 3776 3683 ,
3812 3613 4016 3675 motus

2442 3727 2516 3769 ex
2569 3708 2773 3770 verbis
2821 3706 3187 3769 Fundatoris
3211 3751 3228 3779 ,
3279 3717 3339 3768 et
3386 3705 3695 3787 signanter
3747 3726 3826 3767 ex
3877 3705 4015 3782 his,

2441 3821 2599 3882 quae
2620 3811 2981 3882 sequuntur,
3008 3820 3134 3860 cum
3153 3801 3320 3860 'onere
3342 3799 3583 3877 sinqulis
3604 3796 4016 3861 Sacerdotibus

2442 3898 2543 3974 qui
2586 3898 2721 3956 illas
2764 3915 2868 3974 pro
2903 3904 3139 3974 tempore
3179 3894 3525 3962 obtinebunt,
3558 3893 3889 3953 celebrandi
3913 3914 4018 3975 per

2440 4010 2494 4050 se
2519 3993 2664 4069 ipsas
2711 3990 2958 4052 Missam
2989 3989 3415 4069 quotidianam.
3451 3986 3665 4060 Quoad
3713 3998 4015 4068 punctum

2442 4104 2616 4157 vero,
2635 4104 2714 4146 an
2737 4084 2837 4145 die
2860 4081 3175 4144 Dominico
3198 4080 3475 4143 Monacbi
3508 4079 3634 4142 sint
3655 4081 3916 4163 obligati
3937 4082 4018 4146 ad

2441 4180 2659 4241 Missae
2707 4177 3170 4259 applicationem
3198 4221 3215 4248 ,
3266 4175 3424 4236 idem
3472 4175 4015 4251 Eminentissimus

2440 4275 2778 4348 Protector,
2828 4272 3000 4333 docte
3033 4272 3106 4332 de
3136 4288 3303 4331 more
3326 4315 3342 4341 ,
3373 4268 3518 4330 hinc
3546 4268 3692 4331 inde
3736 4270 4016 4333 deductis

2441 4368 2805 4440 rationibus,
2829 4357 2989 4428 *dixit
3019 4411 3035 4438 ,
3069 4360 3394 4425 articulum
3443 4382 3568 4423 esse
3597 4362 3861 4425 dubium
3885 4411 3903 4437 ,
3952 4373 4016 4428 et

2440 4464 2587 4545 quia
2609 4462 2890 4526 Monachi
2911 4462 2973 4522 iu
2995 4458 3387 4543 praeteritum
3409 4458 3655 4519 Missam
3681 4458 3783 4521 die
3807 4459 4015 4521 Domi-

2442 4561 2578 4621 nico
2615 4578 2736 4620 non
2789 4556 3286 4623 celebraverant,
3319 4561 3382 4614 et
3420 4552 3648 4614 idcirco
3693 4553 4015 4618 instabant

2441 4675 2549 4735 pro
2572 4652 2953 4715 absolutione
2980 4698 2995 4720 ,
3027 4649 3186 4711 idem
3217 4646 3751 4709 Eminentissimus
3798 4647 4015 4713 Prote-

2438 4757 2567 4809 ctor
2597 4745 2925 4818 conclusit;
2955 4744 3120 4825 quod
3152 4742 3213 4803 in
3243 4761 3484 4804 omnem
3531 4760 3740 4803 casum
3789 4743 4012 4807 Mona-

2437 4844 2533 4905 0111
2565 4841 2795 4905 absolvi
2831 4851 3070 4923 possent
3094 4860 3232 4902 cum
3260 4837 3468 4919 aliqua
3495 4836 3665 4898 tenui
3702 4839 4010 4919 composi-

2438 4940 2602 5001 tione
2629 4935 3113 5019 praescribenda,
3149 4933 3247 4996 vel
3279 4934 3360 4995 ab
3383 4932 3497 4994 hac
3524 4931 3708 4994 Sacra
3736 4932 4011 5015 Congre-

2432 5033 2676 5116 gatione
2695 5077 2712 5106 ,
2741 5031 2833 5093 vel
2864 5032 2943 5093 ab
2970 5029 3162 5092 altera
3185 5027 3476 5090 Fabricae
3504 5024 3706 5088 Sancti
3744 5026 3934 5089 Petri.

2553 5129 2647 5189 Ex
2691 5127 2809 5200 his,
2863 5145 3021 5206 quae
3064 5124 3378 5202 hucusque
3427 5120 3584 5182 dicta
3634 5129 3814 5193 sunt,
3855 5123 4008 5186 satis

2434 5231 2641 5305 aperte
2688 5219 3059 5294 desumitur,
3096 5216 3509 5280 difficultatem
3555 5213 3890 5277 consistere
3933 5216 4004 5280 in

2435 5318 2580 5390 hoe,
2613 5335 2691 5378 30
2728 5313 3007 5377 Μο030111
3031 5319 3350 5375 teneantur
3378 5309 3625 5372 Missam
3658 5306 3760 5369 die
3785 5301 4005 5372 Domi-

2434 5410 2571 5473 nico
2603 5408 2932 5494 applicare.
