4393 6299
928 510 1035 563 340

1911 508 2357 576 QuAEsrtoNsss
2395 507 2751 563 css-omen

747 683 887 726 rum
911 662 1293 735 erectionem,
1323 659 1425 722 sed
1460 659 1675 722 timore
1693 678 1989 741 expensae
2013 678 2146 722 eam
2168 657 2287 720 non
2399 669 2486 721 est
2516 660 2649 723 rixa
2673 705 2690 732 ,
2726 659 2787 720 iu
2814 678 2970 740 qua,
3007 677 3145 720 cum
3173 658 3509 736 Canonicua
3558 657 3938 724 Palmam·

746 757 1135 842 complevisse
1159 799 1176 816 .

2399 755 2665 834 sclopum
2694 753 3008 834 accepisset
3034 798 3051 828 ,
3081 772 3261 834 quem
3289 752 3624 816 Canonicus
3649 753 3942 817 Giannel-

862 853 1012 913 Jura
1057 850 1206 912 hinc
1232 848 1375 910 inde
1405 846 1956 920 circumferuntur,
2011 847 2292 928 quocirca
2406 848 2500 909 lus
2526 869 2723 910 secum
2753 848 3087 919 detulerat,
3131 856 3191 908 et
3239 846 3302 909 in
3352 848 3578 928 angulo
3611 847 3945 910 Mansionis

749 944 1095 1025 quaeritur:

647 1119 648 1122 Ἴ
865 1039 916 1099 Ι.
939 1039 1035 1098 An
1053 1039 1404 1099 sustineatur·
1424 1038 1624 1097 erectio
1647 1032 2160 1115 cappellaniarum
2183 1035 2294 1097 Ca·

747 1135 1115 1192 nonicatuum
1145 1138 1601 1209 nuncupatorum
1628 1129 1698 1189 iu
1719 1147 1853 1189 casu
1883 1138 1985 1189 etc.
2019 1138 2069 1188 ct
2095 1136 2296 1208 quate-

747 1246 854 1285 nus
886 1225 1137 1303 ncqativc
1161 1242 1182 1283 .·

865 1318 946 1378 11.
977 1317 1073 1377 An
1114 1319 1254 1377 dicti
1287 1315 1628 1396 cappellani
1652 1315 1933 1378 Canonici
1981 1317 2299 1396 nuncupati

750 1424 1046 1475 tencantur
1064 1413 1355 1473 restituere
1375 1411 1596 1489 fructus
1620 1422 1924 1491 perceptos,
1950 1421 2000 1471 ct
2022 1420 2298 1490 quatenus

748 1507 1114 1587 affirmative:

866 1600 978 1661 111.
1009 1599 1107 1660 Au
1124 1643 1143 1674 ,
1169 1607 1222 1661 ct
1243 1618 1280 1661 u
1300 1618 1411 1678 quo
1439 1607 1675 1679 tempore
1700 1598 1766 1658 in
1791 1617 1926 1660 cusu
1953 1605 2056 1659 cte.

858 1791 1011 1844 Sacra
1037 1789 1234 1858 Congr.
1261 1787 1540 1856 respondit
1563 1807 1575 1838 ε

928 1876 1026 1930 Ad
1040 1875 1276 1945 primum
1303 1874 1547 1944 negative
1563 1915 1574 1929 .
1601 1874 1699 1928 Ad
1717 1874 2014 1929 seeundum
2038 1873 2303 1944 negative.

749 1962 844 2016 Aa
871 1963 1088 2015 tercium
1118 1962 1258 2015 satis
1288 1961 1565 2032 prouisum
1607 1962 1665 2014 in
1697 1962 1966 2027 secundo,
1994 1975 2046 2015 ee
2074 1962 2142 2014 ab
2170 1961 2305 2031 1⁵3⁰?-

742 2068 907 2121 scopo
934 2063 1245 2119 apponatur
1273 2052 1652 2112 oeconomus,
1690 2049 1788 2116 qui
1820 2050 2025 2103 reditur
2062 2049 2297 2102 admini-

741 2151 902 2205 stret,
942 2151 994 2191 ee
1030 2137 1170 2190 idem
1209 2137 1518 2207 Episcopus
1555 2137 1802 2190 inhibeat
1834 2137 2211 2206 cappellanis.
2240 2154 2307 2189 ne

751 2225 1014 2278 accedant
1038 2224 1114 2278 ad
1131 2224 1409 2277 servicium
1444 2225 1614 2278 Chort'
1628 2263 1642 2288 ,
1669 2236 1719 2276 et
1742 2225 2019 2277 scribatur
2041 2225 2304 2277 Eminen-

745 2314 951 2369 u'su'mo
969 2312 1404 2383 Aoehiepfecopo
1422 2315 1665 2366 Jaaeuen.
1680 2311 1851 2381 juxta
1872 2312 2302 2367 instructionem.

1176 2503 1536 2579 QUAESTto
1574 2504 1860 2568 CCLxu.

785 2723 858 2784 In
886 2720 1078 2785 Causa
1105 2721 1404 2800 Gujaccnsi
1429 2722 1887 2801 Irrcqularitatia
1910 2771 1927 2795 ,
1957 2735 2009 2786 ct
2043 2723 2260 2786 cmu-

1072 2850 1310 2901 rarum,
1338 2831 1428 2891 dic
1453 2836 1554 2893 23.
1587 2831 1747 2910 Maji
1780 2836 1955 2893 1⁷22.

750 2959 1039 3079 Joanues
1072 3016 1338 3097 Baptista
1371 3017 1747 3080 Palazzescus
1795 3018 2131 3081 Canonicus
2177 3020 2291 3082 Ca·

749 3108 1039 3174 thedralis
1061 3109 1358 3173 Ecclesiae
1382 3111 1653 3193 Caiacen.
1687 3111 1831 3174 huic
1855 3112 1989 3174 Sac.
2026 3112 2297 3196 Congre-

748 3204 974 3287 gationi
1002 3204 1363 3286 supplicavit
1405 3224 1520 3286 pro
1557 3205 2002 3287 dispensatione
2030 3207 2110 3269 ab
2135 3207 2292 3269 irre—

750 3297 1072 3377 gularitate
1121 3304 1427 3359 contracta
1475 3306 1718 3378 propter
1763 3298 2159 3361 homicidium
2186 3300 2300 3363 Ca-

750 3389 950 3464 nonici
972 3389 1250 3470 Pompilii
1277 3390 1607 3466 Giannelli,
1630 3383 1696 3454 et'
1712 3412 1825 3474 pro
1852 3392 2234 3456 absolutione
2262 3413 2299 3457 a

2403 943 2799 1023 deposuerat,
2831 952 2890 1005 et
2934 962 3073 1005 eum
3104 941 3420 1004 direxisset
3463 949 3674 1004 contra
3703 941 3943 1023 praedi·-

2402 1047 2564 1100 ctum
2603 1037 2989 1100 Giannellum
3016 1082 3034 1110 ‚
3092 1036 3198 1117 qui
3253 1055 3316 1097 se
3362 1045 3524 1097 retro
3556 1036 3943 1117 Lamperium

2403 1131 2846 1205 abscondebat,
2879 1140 3052 1210 capta
3078 1130 3321 1191 demum
3353 1130 3636 1210 temporis
3656 1136 3947 1210 opportu-

2403 1225 2591 1287 nitate
2613 1271 2630 1299 ,
2653 1225 2738 1286 sic
2757 1244 2896 1287 eum
2925 1224 3311 1298 exoneravit,
3342 1232 3411 1285 ut
3437 1243 3514 1285 ex
3542 1224 3660 1286 ictu
3691 1221 3948 1286 Canoni-

2403 1339 2507 1381 cus
2533 1319 2888 1381 Giannellus
2911 1319 2974 1380 in
2997 1318 3260 1381 foemore
3286 1320 3531 1380 dextero
3557 1363 3574 1391 ,
3597 1326 3657 1379 et
3682 1317 3747 1378 in
3771 1334 3951 1378 crure

2403 1413 2645 1475 sinistro
2670 1434 2806 1476 cum
2837 1432 3054 1495 magna
3082 1413 3396 1494 sanguinis
3426 1412 3739 1485 effusione,
3768 1418 3827 1472 et
3848 1429 3946 1471 os-

2271 1547 2279 1556 ·
2404 1507 2560 1569 sium
2588 1507 2850 1571 fractura
2879 1507 3237 1570 vulneratus
3260 1551 3279 1582 ,
3315 1508 3405 1568 dic
3439 1512 3538 1568 26.
3581 1505 3800 1568 Mensis
3831 1504 3947 1568 Dc-

2290 1596 2307 1612 *
2404 1603 2574 1663 ccmb.
2601 1622 2752 1664 anno
2783 1607 2957 1664 1717.
2993 1611 3265 1664 mortuus
3290 1601 3396 1663 sit.

2523 1695 2798 1757 liabetur
2834 1696 3129 1769 secundo,
3176 1694 3548 1777 praedictum
3578 1691 3946 1755 Canonicum

2407 1788 2810 1852 Palazzescum
2843 1789 3160 1872 evaginato
3205 1789 3362 1871 stylo
3389 1788 3638 1851 irruisse
3663 1787 3951 1849 adversus

2407 1882 2773 1944 Canonicum
2809 1882 3201 1945 Giannellum
3228 1927 3245 1955 ,
3292 1880 3397 1962 qui
3446 1901 3524 1942 ex
3576 1876 3949 1960 praecedenti

2410 1976 2661 2038 vulnere
2696 1975 2879 2057 sclopi
2912 1976 2974 2037 in
3009 1984 3168 2039 terra
3195 1976 3436 2057 jacebat
3458 2021 3476 2050 ,
3507 1982 3569 2037 et
3595 1973 3951 2056 impeditum

2409 2071 2593 2132 fuisse
2614 2090 2651 2134 a
2679 2070 3005 2133 Catharina
3040 2069 3236 2132 Matre
3258 2069 3594 2132 vulnerati.

2527 2164 2800 2226 liabetur
2829 2162 3005 2226 tertio
3036 2208 3054 2236 ,
3083 2161 3474 2243 compilatum
3502 2161 3685 2224 fuisse
3707 2179 3744 2223 a
3764 2157 3948 2223 Curia

2406 2257 2795 2320 ecclesiastica
2829 2275 3194 2338 processum,
3226 2256 3368 2318 etin
3396 2275 3468 2318 eo
3495 2257 3657 2319 ultra
3686 2252 3953 2318 Canoni-

2408 2373 2544 2415 cum
2564 2352 2949 2417 Giannellum
2975 2351 3159 2414 fuisse
3181 2350 3554 2413 examinatas
3581 2350 3948 2431 praedictam

2409 2447 2796 2510 Catharinam
2818 2446 2992 2508 occisi
3018 2447 3297 2516 Matrem,
3337 2464 3444 2506 nec
3476 2465 3596 2505 non
3628 2443 3945 2526 Angelam,

2409 2541 2705 2604 Helenam
2728 2587 2746 2616 ,
2776 2550 2835 2604 et
2860 2539 3142 2603 Fulviam
3174 2557 3407 2601 sorores
3438 2539 3826 2601 consobrinas
3852 2557 3954 2601 oc-

2408 2635 2547 2711 cisi,
2573 2645 2634 2698 et
2660 2656 2737 2698 ex
2766 2655 2976 2698 earum
3004 2633 3498 2717 dispositionibus
3528 2634 3591 2695 in
3619 2633 3956 2698 substantia

2408 2730 2828 2802 concordibus,
2858 2730 3180 2811 probatum
3211 2727 3393 2790 fuisse
3417 2727 3643 2789 factum
3661 2746 3842 2809 supra
3866 2746 3958 2790 rc-

2410 2824 2699 2886 censitum
2726 2870 2743 2899 ‚
2774 2832 2834 2886 et
2873 2843 2995 2885 non
3025 2822 3328 2884 modicum
3361 2821 3667 2882 accessisse
3692 2818 3957 2883 admini-

2410 2917 2616 2979 culum
2648 2937 2725 2979 ex
2771 2917 3014 2999 publica
3064 2935 3212 2978 voce
3237 2962 3254 2986 ,
3285 2923 3344 2976 et
3376 2914 3538 2977 fama
3562 2959 3581 2990 ,
3613 2922 3674 2977 et
3722 2912 3867 2996 fuga
3915 2932 3954 2978 a

2410 3011 2709 3073 Canonico
2750 3010 3099 3073 Palazzesco
3115 3014 3357 3088 arrepta
3383 3051 3400 3068 .

2526 3105 2800 3168 Habetur
2819 3112 3060 3186 quarto,
3091 3102 3497 3166 Palazzescum
3518 3119 3581 3164 se
3609 3100 3868 3165 subinde
3887 3100 3955 3164 in

2409 3200 2761 3262 Carceribus
2787 3197 3193 3271 constituisse,
3223 3206 3282 3259 et
3310 3196 3629 3259 deventum
3659 3195 3842 3258 fuisse
3869 3196 3949 3259 ad

2410 3296 2805 3377 receptionem
2833 3293 3123 3365 Testium‚
3149 3290 3414 3371 Angelae
3443 3289 3741 3364 videlicet,
3769 3289 3954 3353 Hele·

2408 3409 2544 3462 nae,
2569 3397 2628 3451 et
2652 3388 2924 3460 Fulviae‚
2953 3388 3029 3448 de
3050 3384 3337 3459 Novellis3
3367 3383 3692 3446 Catharina
3723 3384 3947 3446 etenim

755 3479 1057 3555 Censuris,
1077 3490 1136 3543 et
1163 3482 1346 3545 Sacra
1377 3483 1527 3546 baec
1547 3484 1941 3566 Congregatio
1959 3486 2049 3547 dic
2069 3490 2168 3548 28.
2196 3487 2301 3548 Fc-
2404 3485 2535 3564 jam
2554 3504 2589 3545 e
2609 3483 2763 3544 vivis
2779 3483 3107 3544 decesserat
3126 3480 3354 3560 absque
3372 3477 3499 3540 ulla
3518 3478 3610 3539 sui
3631 3477 3770 3539 dicti
3793 3496 3961 3540 revo-

756 3574 982 3634 bruarii
1000 3576 1260 3653 proximi
1278 3578 1576 3655 praeteriti
1595 3577 1901 3658 rescripsit
1936 3580 2136 3640 lectum
2151 3598 2302 3660 quo-

756 3667 834 3730 ad
873 3667 1380 3748 irregularitatem
1405 3714 1423 3743 ,
1470 3679 1531 3732 et
1568 3670 1767 3750 quoad
1817 3671 2256 3735 absolutionem
2279 3720 2298 3748 ,

757 3779 869 3840 pro
915 3759 1110 3841 gratia
1143 3760 1221 3824 ad
1270 3781 1376 3824 sex
1421 3782 1651 3827 menses
1696 3784 1834 3826 cum
1869 3766 2301 3844 reincidentia3

756 3871 1017 3932 cumque
1037 3861 1400 3917 memoratus
1417 3855 1753 3918 Canonicus
1774 3857 2148 3921 Palazzescus
2166 3879 2305 3940 sup-

755 3946 1068 4027 plicaverit
1095 3966 1204 4028 pro
1229 3948 1629 4030 descriptione
1669 3970 1813 4012 suae
1841 3950 2067 4014 Causae
2107 3953 2171 4014 in
2209 3952 2301 4014 fo-

757 4039 872 4114 lio,
899 4039 1255 4121 disputanda
1279 4061 1356 4103 ex
1378 4042 1610 4125 integro
1644 4055 2066 4125 proponuntur
2105 4047 2294 4110 dubia

755 4133 833 4195 ad
854 4132 1073 4195 calcem
1099 4134 1281 4214 hujus
1312 4136 1615 4197 restrictus
1656 4136 1969 4199 referenda
1993 4180 2009 4198 .

859 4227 1047 4288 Porro
1068 4227 1134 4288 in
1155 4247 1249 4300 eo,
1275 4229 1435 4308 quod
1454 4230 1666 4291 attinet
1683 4231 1756 4291 ad
1778 4241 2028 4293 mortem
2051 4231 2305 4295 Canoni-

759 4318 811 4380 ci
838 4319 1113 4400 Pompilii
1141 4318 1469 4395 Giannelli,
1498 4330 1557 4384 et
1582 4330 1772 4383 totum
1801 4323 2051 4406 hujusce
2077 4324 2305 4388 Causae

761 4431 1097 4494 processum
1123 4460 1140 4484 ,
1166 4414 1461 4476 nonnulla
1488 4416 1567 4477 ab
1615 4416 1906 4497 Episcopo
1955 4417 2304 4481 referuntur

757 4506 824 4568 in
846 4526 954 4569 sua
984 4507 1442 4581 informatione,
1479 4528 1635 4589 quae
1662 4528 1881 4590 operae
1924 4511 2183 4591 pretium
2215 4522 2304 4576 est

759 4599 884 4663 EE.
918 4600 1051 4663 VV.
1104 4621 1406 4683 exponere
1429 4648 1446 4674 ,
1475 4622 1613 4664 cum
1657 4605 1786 4686 ejus
1839 4603 2186 4667 informatio
2236 4606 2300 4667 in

757 4694 1052 4775 scriptura
1073 4703 1317 4758 exarata
1339 4715 1448 4777 pro
1467 4696 1767 4759 Canonico
1787 4696 2155 4761 Palazzeschi
2179 4719 2302 4761 non

760 4786 945 4850 fuerit
991 4788 1263 4852 exhibita
1283 4834 1300 4864 ,
1355 4789 1459 4852 sed
1513 4798 1675 4854 extet
1720 4790 1879 4854 inter
1910 4801 2042 4856 acta
2095 4793 2301 4857 Secre-

762 4882 981 4944 tariae.

879 4975 1154 5037 liabetur
1179 4975 1385 5057 itaque
1412 4977 1607 5058 primo
1641 4977 1707 5040 in
1755 4978 1911 5042 dicta
1947 4980 2298 5059 Relatione,

763 5070 923 5150 quod
948 5070 1344 5132 existentibus
1364 5072 1454 5133 dic
1484 5078 1541 5132 3.
1570 5071 1879 5135 Decembris
1909 5079 2081 5137 1717.
2108 5076 2173 5137 ἰιι
2201 5097 2302 5140 eo·

759 5163 896 5224 dem
926 5163 1190 5245 ejusdem
1222 5163 1436 5225 domus
1468 5165 1750 5227 cubiculo
1770 5167 2090 5230 Canonicis
2117 5171 2296 5232 Pom-

2408 3581 2661 3649 catione,
2693 3576 2790 3639 vel
2812 3575 3237 3644 diminutione,
3262 3572 3711 3653 praedictasque
3737 3571 3958 3635 Mulie-
4025 3576 4046 3596 ⁹

2410 3692 2504 3734 res
2533 3672 2595 3732 in
2640 3670 2956 3752 repetitivo
2982 3688 3121 3731 suas
3155 3685 3459 3729 revocasse
3505 3665 3907 3746 depositiones
3930 3712 3950 3738 ‚

2409 3764 2799 3827 homicidium
2827 3762 3141 3826 referendo
3171 3762 3246 3822 ad
3268 3759 3948 3837 casualeinfortunium,

2410 3877 2520 3920 nec
2548 3877 2648 3920 eas
2674 3856 2938 3937 potuisse
2967 3853 3235 3936 torqueri
3263 3899 3280 3926 ,
3315 3861 3384 3913 ut
3404 3852 3710 3915 videretur
3737 3853 3804 3915 in
3827 3873 3952 3935 quo

2411 3951 2568 4013 dicto
2608 3950 3030 4031 persisterente
3067 3948 3357 4028 agebatur
3384 3945 3546 4008 enim
3572 3945 3646 4008 de
3676 3947 3947 4027 personis

2409 4044 2816 4107 saecularibus
2842 4088 2859 4117 ,
2891 4051 2951 4104 et
2977 4041 3063 4103 sic
3100 4049 3343 4122 propter
3388 4040 3611 4102 motiva
3655 4042 3952 4121 quaedam

2410 4137 2812 4220 prudentialia
2842 4135 3025 4199 Curia
3051 4133 3440 4198 ecclesiastica
3467 4133 3837 4199 existimavit
3872 4137 3954 4200 ab

2411 4252 2618 4296 earum
2654 4239 2883 4294 tortura
2907 4228 3212 4292 abstinere
3236 4271 3253 4288 .

2529 4326 2803 4388 Habetur
2834 4323 3048 4404 quinto
3070 4366 3087 4396 ,
3133 4320 3499 4383 Canonicum
3542 4320 3949 4385 Palazzescum

2412 4439 2517 4500 per
2548 4418 2923 4480 definitivam
2947 4415 3303 4477 sententiam
3353 4413 3537 4476 fuisse
3580 4414 3948 4479 declaratum

2411 4514 2804 4595 irregularem
2833 4557 2851 4586 ,
2882 4522 2943 4573 et
2967 4509 3434 4572 condemnatum
3474 4508 3549 4569 ad
3603 4508 3950 4590 quinquen-

2412 4607 2607 4669 nalem
2654 4606 3078 4687 relegationem
3131 4604 3191 4664 in
3220 4603 3532 4664 Conventu
3565 4601 3625 4663 S.
3667 4602 3826 4664 Petri
3873 4604 3951 4667 de

2409 4701 2728 4763 Alcantara
2758 4749 2774 4772 ‚
2800 4699 2973 4761 firma
3016 4704 3365 4759 remanente
3389 4695 3950 4759 excommunicatio·

2409 4814 2488 4858 ne
2508 4840 2526 4869 ,
2554 4795 2616 4856 iu
2646 4814 2829 4876 quam
2855 4800 3097 4874 propter
3116 4790 3402 4853 delictum
3427 4789 3804 4852 incurrerat.

2530 4889 2803 4950 Babetur
2834 4886 3047 4949 ultimo
3069 4929 3088 4956 ‚
3122 4882 3532 4963 interpositam
3563 4881 3748 4944 fuisse
3772 4901 3809 4945 a
3836 4881 3951 4946 Ca-

2411 4984 2626 5044 nonico
2682 4981 3020 5044 Palazzesco
3074 4977 3538 5060 appellationem
3585 4976 3662 5039 ad
3705 4976 3951 5040 Curiam

2410 5076 2933 5158 Metropolitanam
2957 5074 3344 5152 Capnanam,
3391 5077 3452 5131 et
3492 5070 3573 5132 ab
3613 5070 3738 5151 ipsa
3767 5070 3953 5135 fuisse

2408 5179 2835 5234 commutatam
2862 5166 3292 5246 relegationem
3337 5163 3856 5245 quinquennalem
3883 5165 3950 5228 in

759 5255 895 5337 pajo
923 5256 1265 5336 Lampetie,
1290 5256 1590 5337 Pompilio
1612 5258 1956 5333 Giannello‚
1986 5270 2045 5322 et
2069 5262 2304 5326 Joanne
2405 5261 2858 5347 quinquennale
2883 5260 3136 5323 exilium
3159 5301 3177 5319 .

765 5348 1029 5428 Baptista
1050 5349 1390 5412 Palazzesco
1417 5399 1435 5422 ,
1463 5370 1571 5413 nec
1596 5371 1715 5415 non
1740 5353 1968 5435 Angela
1993 5403 2008 5426 ,
2042 5355 2296 5433 Helena,

2525 5359 2688 5421 Haec
2710 5364 2853 5418 sunt
2879 5401 2896 5429 ,
2930 5374 3089 5436 quae
3112 5351 3496 5415 continentur
3527 5349 3592 5411 in
3635 5350 3950 5415 Relatioue

763 5441 1011 5518 Fulvia,
1035 5454 1096 5507 et
1123 5444 1336 5508 Juditb
1356 5446 1666 5510 sororibus
1689 5447 1766 5511 de
1785 5448 2057 5526 Novello,
2089 5459 2298 5517 exorta
2406 5452 2679 5533 Episcopi
2709 5448 3083 5534 Cajacensis;
3123 5463 3382 5526 cumque
3420 5443 3717 5525 scriptura
3755 5462 3793 5506 a
3835 5445 3949 5509 Ca-
