4393 6299
902 500 1011 556 2⁴4

728 656 1133 724 declaratione
1177 652 1472 719 nullitatis
1513 648 1913 735 professionis
1942 648 2022 719 ab
2070 644 2280 716 eodem

730 756 1019 821 emissae.

848 851 939 913 Ad
976 849 1091 910 hoc
1114 892 1131 921 ,
1164 851 1232 906 ut
1261 842 1579 923 superstite
1616 841 1816 903 adhuc
1848 838 2058 900 Uxore
2084 881 2101 908 ‚
2142 836 2278 897 Ma·-

729 946 884 1008 ritus
911 940 1145 1025 ingredi
1169 939 1365 1000 valeat
1388 936 1787 1017 Religionem,
1809 940 1870 995 et
1895 932 1961 992 in
1989 950 2060 992 ea
2079 928 2284 991 valide

730 1035 1023 1121 profiteri,
1056 1033 1388 1114 requiritur
1411 1077 1429 1105 ,
1456 1038 1527 1092 ut
1552 1030 1774 1092 Mulier
1800 1025 2173 1097 consentiat,
2222 1031 2283 1088 et

734 1133 897 1216 quod
941 1137 999 1194 et
1051 1130 1180 1209 ipsa
1231 1126 1603 1209 Religionem
1648 1122 2025 1207 ingrediatur
2052 1166 2070 1193 ,
2106 1121 2156 1181 si
2194 1126 2283 1182 est

729 1225 968 1310 juvenis
989 1270 1006 1295 ,
1038 1222 1128 1284 vel
1152 1222 1202 1282 si
1229 1241 1347 1281 non
1377 1227 1539 1282 caret
1585 1217 1850 1300 periculo
1885 1214 2270 1277 incontinen-

735 1321 855 1381 tiae
879 1364 897 1391 ,
920 1325 1025 1379 aut
1051 1314 1214 1396 quod
1252 1322 1610 1393 perpetuum
1632 1309 2034 1373 continentiae
2062 1315 2272 1368 votum

737 1415 800 1475 in
829 1410 1069 1474 saeculo
1089 1409 1322 1470 emittat
1349 1408 1411 1469 in
1444 1406 1724 1468 manibus
1745 1402 2081 1474 ordinarii,
2113 1400 2162 1463 si
2192 1408 2282 1463 est

738 1527 916 1570 senex
941 1552 957 1579 ,
989 1515 1049 1566 et
1074 1514 1246 1565 extra
1275 1500 1611 1581 periculum
1637 1496 2108 1560 incontinentiae
2128 1542 2145 1566 ‚
2194 1493 2283 1555 uti

739 1603 998 1666 habetur
1028 1599 1088 1660 in
1117 1597 1299 1659 sacris
1326 1594 1671 1664 Canonibus
1709 1592 1824 1654 sub
1854 1589 2122 1653 titulo'de
2153 1608 2286 1649 con-

741 1699 988 1759 tersione
1020 1693 1467 1772 conjuqamrum
1492 1737 1509 1760 ,
1537 1696 1596 1750 et
1642 1689 1817 1770 juxta
1858 1683 2285 1746 resolutionem

739 1792 926 1873 hujus
958 1789 1175 1850 Sacrae
1219 1782 1709 1865 Congregationis
1748 1783 1811 1841 in
1863 1780 2275 1842 Conversanen.

745 1883 1175 1965 dispensationis
1202 1885 1295 1941 16.
1324 1877 1541 1941 Martii
1573 1881 1746 1937 1675.
1782 1874 1880 1935 lib.
1930 1878 2029 1934 29.
2067 1872 2282 1933 Decret.

742 1988 801 2041 et
830 1977 1073 2059 quando
1096 1972 1319 2035 Mulier
1346 1989 1595 2033 manens
1611 1969 1674 2031 in
1704 1967 1941 2031 saeculo
1960 1965 2162 2028 emisit
2188 1985 2290 2027 vo-

742 2081 871 2135 tum
892 2069 1148 2150 simplex
1175 2064 1579 2128 continentiae
1603 2112 1618 2134 ,
1648 2062 1775 2125 sive
1806 2060 2024 2124 deinde
2068 2060 2146 2121 sit
2194 2078 2290 2121 se-

743 2185 857 2227 nex
891 2209 909 2237 ,
938 2173 1000 2225 et
1025 2182 1144 2223 non
1170 2166 1442 2243 suspecta
1467 2159 1544 2220 de
1568 2155 2023 2227 incontinentia,
2057 2153 2184 2214 sive
2210 2152 2290 2215 sit.

735 2257 1008 2341 juvenis,
1037 2263 1096 2318 et
1122 2262 1392 2334 suspecta
1411 2299 1427 2325 ‚
1457 2272 1575 2314 non
1600 2253 1783 2314 habet
1818 2249 2161 2313 facultatem
2191 2268 2291 2310 re-

742 2351 995 2414 vocandi
1019 2351 1235 2411 Virum
1257 2368 1293 2410 a
1324 2347 1712 2421 Monasterio;
1740 2346 1800 2407 in
1830 2345 1989 2407 dicto
2009 2344 2171 2406 enim
2203 2363 2294 2406 ca-

742 2465 813 2508 su
836 2443 1121 2526 professio
1148 2462 1183 2505 a
1219 2443 1369 2503 Viro
1396 2441 1611 2503 emissa
1651 2439 1851 2502 valida
1873 2448 1997 2510 est,
2034 2438 2122 2500 uti
2152 2457 2290 2517 pro-

745 2541 850 2602 bat
874 2541 1098 2600 Textus
1121 2540 1183 2596 in
1210 2556 1335 2616 cap.
1379 2541 1434 2595 1.
1469 2536 1534 2596 de
1561 2537 1908 2596 conversione
1938 2533 2287 2614 Conjuqato·

744 2655 876 2697 rum
905 2683 921 2705 ,
965 2633 1314 2711 ibidemque
1353 2630 1663 2693 adnotavit
1714 2629 1971 2708 Faqnan.
2023 2650 2181 2690 num.
2234 2633 2293 2689 2.

747 2739 806 2791 et
838 2729 956 2789 late
986 2733 1437 2808 prosequuntur
1480 2723 1738 2790 Sanchez
1778 2724 1842 2783 de
1869 2721 2139 2785 Matrim.
2191 2724 2291 2783 lib.

749 2830 813 2897 7.
850 2817 1063 2903 disput.
1090 2826 1187 2881 33.
1216 2839 1376 2879 ηψπ.
1413 2823 1470 2879 9.
1501 2816 1675 2878 Perez
1704 2818 1768 2877 de
1789 2816 2058 2878 Matrini.
2085 2818 2296 2895 disput.

751 2924 850 2979 58.
883 2926 1010 2977 sect.
1045 2922 1103 2974 4.
1141 2934 1300 2973 num.
1328 2918 1384 2973 9.
1414 2912 1675 2972 Anactet.
1701 2912 1776 2971 ad
1806 2898 2044 2972 citatum
2068 2914 2301 2971 titulum

752 3010 1118 3071 decretalium
1160 3008 1226 3068 de
1268 3007 1616 3067 conversione
1651 3002 1700 3065 C
1701 3004 2095 3084 cnjuqatorum
2140 3024 2299 3064 num.

752 3108 853 3167 24.
903 3103 1153 3184 Pirliinq
1187 3103 1263 3165 ad
1292 3102 1525 3163 eundem
1567 3101 1800 3162 titulum
1837 3099 2101 3161 decretal.
2134 3097 2200 3181 §.
2239 3104 2298 3160 2.

753 3220 914 3261 num.
957 3204 1053 3261 13.

872 3294 1161 3373 Adeoque
1186 3290 1383 3354 solum
1433 3289 1665 3351 Mariae
1711 3287 2076 3369 praesidium
2130 3306 2306 3366 repo-

755 3388 1022 3450 nendum
1047 3386 1286 3447 videtur
1313 3384 1377 3445 in
1405 3390 1640 3446 extorto
1686 3383 1764 3444 ab
1809 3382 1936 3461 ipsa
1970 3401 2263 3443 consensu
2294 3429 2309 3453 ,

757 3482 906 3544 etin
932 3490 1071 3542 voto
1091 3478 1345 3559 simplici
1370 3477 1774 3539 continentiae
1794 3477 2000 3537 eodem
2030 3477 2208 3537 modo
2237 3477 2314 3538 ab

756 3575 885 3655 ipsa
915 3617 929 3646 ,
960 3575 1047 3635 uti
1078 3574 1299 3635 dicitur
1328 3572 1580 3646 emiss03
1612 3571 1659 3632 si
1691 3571 1851 3632 enim
1887 3577 2122 3632 extorta
2181 3571 2313 3632 fue·

760 3668 842 3729 rit
870 3687 978 3748 per
1007 3668 1222 3728 Virum
1251 3667 1327 3727 ab
1362 3664 1560 3726 Uxore
1604 3664 1861 3726 licentiar
1887 3663 2210 3744 profitendi
2248 3665 2309 3726 in

764 3762 1078 3844 Religione
1118 3761 1292 3823 malis
1333 3759 1566 3821 artibus
1593 3806 1610 3831 ‚
1637 3767 1697 3821 et
1730 3778 1835 3840 per
1878 3768 2102 3821 metum
2145 3758 2308 3840 inju-

762 3865 945 3931 stum,
980 3854 1268 3936 professio
1290 3855 1374 3915 sic
1418 3853 1630 3915 emissa
1660 3852 1825 3914 nulla
1855 3863 1964 3926 est,
1993 3862 2053 3913 et
2083 3851 2312 3932 profes·

759 3971 862 4012 sus
889 3959 1126 4013 tenetur
1153 3950 1228 4011 ad
1260 3949 1519 4009 Uxorem
1548 3946 1766 4020 redire,
1802 3945 1887 4007 uti
1916 3948 2130 4027 prohat
2160 3949 2311 4008 Tex-

642 4061 645 4066 '
765 4055 863 4107 tus
905 4047 967 4104 in
1005 4064 1132 4124 cap.
1178 4045 1435 4105 accedens
1481 4042 1547 4102 de
1579 4043 1929 4102 conversione
1965 4039 2313 4121 Conjuqato·

764 4159 895 4200 rum
917 4187 934 4210 ,
964 4146 1023 4201 et
1053 4139 1114 4198 in
1148 4145 1382 4199 tantum
1402 4138 1466 4196 in
1489 4156 1615 4215 cap.
1652 4138 1879 4196 veniens
1908 4137 2090 4198 eodem
2121 4138 2312 4207 titulo,

767 4230 965 4305 Uxor,
998 4251 1156 4312 quae
1180 4231 1440 4311 captiose
1461 4275 1478 4303 ,
1509 4240 1567 4291 et
1608 4229 1810 4291 dolose
1837 4229 2034 4291 fuerat
2073 4230 2316 4292 inducta

767 4328 844 4389 ad
877 4346 1054 4388 suum
1095 4345 1403 4388 assensum
1440 4323 1867 4404 praestandum
1920 4323 2239 4403 repellitur
2281 4344 2315 4386 a

769 4423 904 4483 viro
930 4420 1289 4483 vindicando
1314 4465 1331 4492 ‚
1381 4418 1443 4478 in
1479 4426 1776 4498 quantum
1822 4427 1954 4498 post
1979 4418 2314 4500 ingressum

769 4514 887 4577 viri
949 4514 1013 4574 in
1062 4512 1497 4575 Monasterium
1528 4559 1545 4584 ‚
1594 4510 1962 4573 adulterium
2003 4531 2139 4573 cum
2195 4511 2318 4572 alio

769 4609 1192 4683 commiserat,
1233 4607 1322 4669 uti
1358 4607 1511 4667 bene
1556 4606 1846 4688 ponderat
1869 4606 2054 4666 Abbas
2082 4608 2147 4664 in
2169 4605 2317 4666 dicto

771 4723 897 4785 cap.
928 4705 1149 4763 veniens
1169 4721 1329 4761 num.
1366 4704 1423 4761 lt.
1458 4699 1527 4759 de
1543 4719 1786 4760 convers.
1819 4697 2265 4777 Conjnqatoram
2292 4743 2309 4773 ,

769 4807 830 4861 et.
855 4797 974 4860 late
1000 4795 1383 4877 prosequitur
1408 4793 1656 4873 Pirhinq
1685 4795 1798 4855 loco
1824 4796 1924 4855 cit.
1963 4790 2029 4875 §-
2064 4789 2123 4854 4.
2151 4813 2312 4854 num.

771 4898 870 4954 22.
905 4906 954 4954 et
981 4913 1130 4971 seqq.

834 5000 841 5010 ·
890 4986 1003 5047 His
1028 4982 1360 5054 stantibus,
1385 4981 1735 5063 quaeritur:

891 5081 986 5140 An
1008 5127 1026 5151 ,
1054 5090 1106 5140 et
1131 5079 1403 5159 quomodo
1425 5079 1499 5137 sit
1517 5079 1779 5159 petitioni
1800 5074 2035 5139 Mariae
2061 5096 2321 5139 annuen—

775 5175 944 5235 dum.

883 5365 1035 5416 Sacra
1061 5364 1257 5434 Congr.
1287 5363 1595 5432 respoudit:

954 5452 1178 5520 Dilata,
1207 5449 1423 5520 etstan!
1443 5451 1799 5523 probationes
1815 5468 1983 5523 super
2006 5450 2178 5522 metus.

1920 490 2367 563 Qnsssnosss
2404 488 2762 542 CANoNtCAE

2748 637 3110 714 QUAESTIO
3156 630 3575 701 CLxxxvn.

2505 830 2579 890 In
2608 828 2802 892 Causa
2821 827 3208 908 Neapolitana
3236 825 3641 899 Matrimonii,
3666 826 3756 887 die
3785 828 3842 887 1.

2932 922 3188 985 Octobris
3230 928 3405 985 1720.

2390 1054 2736 1177 Gerardus
2753 1111 3168 1186 Brancaccius,
3190 1110 3296 1193 qui
3324 1110 3627 1173 Teresiam
3650 1113 3943 1173 Brancac-

2388 1208 2543 1270 ciam
2572 1209 2688 1271 sibi
2717 1208 2902 1270 fuisse
2940 1209 3004 1270 in
3034 1207 3297 1268 Uxorem
3330 1227 3366 1268 a
3409 1206 3626 1269 Carolo
3671 1206 3941 1287 ejusdem

2389 1305 2567 1366 Patre
2591 1302 3091 1383 praedestinatam
3131 1301 3342 1363 asserit
3372 1299 3438 1361 in
3490 1299 3705 1360 ultimo
3752 1299 3943 1381 ipsius

2392 1396 2549 1459 vitae
2578 1395 2835 1458 termino
2857 1444 2870 1463 ,
2902 1394 3133 1475 quique
3155 1393 3411 1456 ulterius
3431 1393 3641 1456 asserit
3664 1392 3823 1455 inter
3848 1412 3934 1467 se,

2391 1499 2452 1553 et
2470 1491 2830 1572 praedictam
2851 1490 3152 1551 Teresiam
3178 1488 3359 1550 fuisse
3384 1487 3686 1567 sponsalia
3705 1496 3945 1553 contra·

2392 1595 2485 1647 cta
2513 1631 2531 1658 ,
2580 1585 2888 1647 contendit
2928 1604 3047 1645 non
3089 1603 3216 1645 esse
3256 1582 3319 1645 in
3364 1581 3521 1645 facto
3566 1585 3887 1664 probatum
3915 1628 3935 1658 ,

2392 1679 2554 1760 quod
2583 1678 2768 1741 fuerit
2789 1679 2866 1741 ah
2890 1678 3016 1756 ipsa
3045 1677 3284 1740 Teresia
3313 1677 3770 1740 Matrimonium
3797 1696 3943 1740 mn·

2396 1782 2651 1835 tractum
2679 1793 2817 1836 cum
2844 1773 3074 1836 Mathia
3110 1773 3454 1834 Alexandro
3482 1770 3804 1834 Mirohallo
3832 1818 3850 1845 ,
3882 1778 3943 1834 et

2397 1867 2556 1946 quod
2593 1876 2890 1947 quatenus
2915 1874 3216 1929 constaret
3260 1866 3327 1928 in
3369 1866 3526 1929 facto
3568 1865 3944 1946 praedictum

2398 1962 2853 2024 Matrimonium
2905 1962 3090 2025 fuisse
3141 1969 3513 2024 contractum
3545 2005 3564 2035 ,
3622 1979 3746 2022 non
3803 1981 3950 2024 cou-

2398 2066 2581 2120 staret
2625 2066 2824 2145 tamen
2860 2102 2877 2132 ,
2938 2057 3102 2139 quod
3147 2055 3353 2119 fuerit·
3379 2055 3440 2117 in
3502 2054 3697 2117 forma
3748 2054 3952 2118 valida

2398 2161 2768 2215 contractum
2798 2199 2815 2226 ,
2859 2152 3139 2215 instando
3167 2198 3183 2225 ,
3217 2151 3383 2234 quod
3421 2149 3663 2212 Teresia
3690 2193 3707 2223 ,
3748 2169 3907 2232 quae
3929 2196 3949 2223 ,

2401 2246 2487 2309 uti
2528 2257 2736 2309 notum
2765 2256 2852 2309 est
2872 2249 2997 2309 EE.
3032 2247 3165 2308 VV.
3195 2254 3283 2309 est
3306 2247 3382 2309 de
3403 2246 3700 2327 praesenti
3731 2246 3793 2307 in
3820 2246 3954 2308 Mo-

2400 2341 2660 2403 nasterio
2708 2341 2768 2401 S.
2818 2340 3032 2402 Clarae
3059 2387 3076 2412 ,
3134 2340 3209 2403 ad
3268 2338 3457 2403 alium
3513 2337 3951 2401 Monasterium

2402 2435 2801 2497 transferatur
2826 2482 2843 2507 ,
2871 2435 3040 2497 timet
3069 2435 3231 2496 enim
3263 2455 3338 2496 ne
3362 2455 3395 2497 a
3418 2431 3790 2497 Monialibus
3817 2432 3953 2495 Mo-

2405 2531 2648 2591 nasterii
2672 2531 2923 2593 Sanctae
2939 2529 3151 2591 Clarae
3173 2529 3433 2600 seducta,
3460 2530 3678 2590 iterum
3705 2527 3958 2588 indura·

2409 2637 2508 2690 tur
2556 2627 2631 2688 ad
2686 2624 3162 2703 contrahendum
3207 2623 3270 2684 in
3323 2623 3516 2684 forma
3570 2622 3774 2684 valida
3822 2622 3956 2683 Ma-

2408 2721 2758 2784 trimonium
2789 2767 2805 2793 ‚
2831 2719 2990 2801 quod
3025 2720 3086 2779 in
3119 2717 3510 2797 praeteritum
3542 2716 3602 2777 in
3634 2716 3827 2778 forma
3855 2716 3953 2775 in-

2408 2816 2606 2881 valida
2651 2813 2992 2886 contraxit,
3036 2813 3281 2892 quando
3321 2811 3544 2871 nedum
3573 2829 3607 2871 a
3636 2808 3772 2891 jure
3801 2807 3961 2888 posi-

2408 2910 2532 2971 tivo
2556 2954 2572 2980 ‚
2605 2908 2707 2969 sed
2735 2928 2769 2969 a
2786 2909 2928 2989 jure
2953 2905 3213 2966 naturali
3262 2903 3570 2966 descendit
3610 2902 3863 2963 libertas
3889 2899 3958 2962 in

2411 3004 2819 3068 contrahendo
2846 3000 3235 3063 Matrimonio
3249 3043 3266 3060 .

2533 3098 2746 3176 Quoad
2769 3105 3158 3159 monumenta
3181 3093 3345 3169 facti,
3363 3101 3424 3158 et
3447 3097 3746 3156 momenta
3777 3086 3967 3152 ratio-

2416 3215 2589 3267 num,
2612 3213 2768 3274 quae
2792 3192 3065 3255 assistere
3096 3197 3367 3268 possunt,
3398 3199 3500 3252 aut
3527 3186 3800 3250 Gerardo
3814 3203 3965 3247 con-

2419 3289 2684 3353 tendenti
2722 3288 3059 3350 nullitatem
3096 3284 3494 3356 Matrimonii,
3533 3290 3640 3345 aut
3688 3279 3959 3342 Mathiao

2418 3385 2547 3465 ejus
2575 3383 2947 3445 validitatem
2974 3380 3317 3448 sustinenti.
3345 3379 3653 3440 debebunt
3670 3377 3792 3438 ER.
3819 3376 3959 3437 VV.

2420 3497 2527 3539 sua
2567 3487 2846 3539 consueta
2897 3475 3268 3555 benignitate
3307 3473 3534 3534 habere
3562 3469 3966 3533 Secretarium

2421 3589 2532 3650 pro
2558 3570 2922 3641 excusato,si
2950 3589 2982 3631 a
3007 3568 3451 3649 praedictarum
3474 3584 3679 3628 rerum
3704 3563 3969 3628 abstinet

2419 3665 2822 3746 expositione3
2882 3683 2991 3743 pro
3036 3673 3207 3749 parte
3238 3662 3461 3723 etenim
3507 3659 3839 3733 Matthiae,
3887 3657 3969 3722 ad

2419 3771 2600 3839 quem
2643 3758 2901 3838 pertinet
2935 3776 3089 3818 onus
3137 3755 3467 3836 probandi,
3514 3753 3755 3815 nullum
3782 3753 3970 3816 docu-

2425 3861 2691 3913 mentum
2741 3852 2854 3915 fuit
2887 3850 3310 3913 inSecretaria
3337 3847 3705 3921 exhibitum,
3738 3866 3847 3909 nec
3873 3846 3970 3909 fa-

2422 3956 2581 4010 ctum
2615 3968 2752 4010 cum
2771 3942 3123 4009 'Summario
3146 3992 3162 4018 ,
3217 3952 3424 4006 contra
3471 3942 3735 4005 edictum
3783 3941 3969 4021 hujus

2424 4042 2639 4105 Sacrae
2657 4033 3148 4122 congregationis
3165 4040 3518 4118 impressum
3535 4037 3597 4096 in
3614 4055 3801 4116 parvo
3819 4033 3968 4096 Bul·

2427 4135 2577 4197 lario
2604 4145 2842 4196 sanctae
2886 4132 3214 4195 memoriae
3266 4130 3599 4193 iunocentii
3630 4131 3773 4191 XII.
3823 4147 3963 4210 pag.

2424 4234 2561 4291 244.
2605 4231 2689 4291 ita
2719 4237 2786 4291 ut
2816 4228 3007 4290 Causa
3035 4246 3155 4288 non
3187 4226 3393 4288 fuisset
3422 4226 3501 4287 ab
3528 4225 3736 4286 eodem
3765 4223 3972 4285 Secre-

2427 4325 2581 4386 tario
2609 4324 2671 4385 in
2702 4323 2850 4385 folio
2892 4322 3209 4402 descripta,
3248 4319 3361 4381 nisi
3416 4316 3826 4397 praecessisset
3852 4315 3971 4377 im-

2426 4419 2659 4498 perium
2686 4419 2809 4481 EE.
2864 4417 3000 4477 VV.
3038 4423 3096 4477 et
3123 4415 3241 4476 nisi
3274 4413 3611 4494 periculum
3653 4411 3864 4473 fuisset
3901 4410 3970 4471 in

2427 4532 2625 4575 mora.

2544 4608 2732 4669 Porro
2756 4607 2813 4668 id
2843 4605 3060 4673 solum.
3093 4604 3256 4682 quod
3281 4591 3500 4683 exponi
3535 4608 3745 4681 potest..
3776 4596 3973 4679 quod·

2424 4720 2544 4783 que
2564 4722 2640 4763 ex
2662 4700 3035 4781 supplicibus
3060 4698 3284 4760 libellis
3299 4696 3443 4757 huic
3463 4695 3679 4757 Sacrae
3705 4692 3971 4772 Congre-

2426 4795 2649 4874 gationi
2700 4794 2937 4875 saepius
2988 4791 3276 4855 exhibitis
3334 4808 3514 4870 super
3570 4784 3964 4850 collocatione

2424 4890 2698 4953 Teresiae
2730 4890 2791 4950 in
2836 4907 2958 4948 uno
2981 4888 3179 4966 potius
3205 4930 3222 4957 ,
3263 4903 3445 4964 quam
3493 4883 3556 4943 in
3599 4881 3722 4968 alio
3756 4880 3973 4941 Mona-

2424 4984 2607 5046 sterio
2649 4982 2925 5046 Civitatis
2971 4980 3442 5059 Neapolitanae,
3493 4974 3704 5038 deduci
3755 4979 3968 5053 potest,

2425 5087 2534 5151 est,
2559 5078 2719 5158 quod
2747 5075 3230 5145 Matrimonium,
3265 5071 3427 5153 quod
3458 5071 3536 5132 ab
3589 5070 3716 5149 ipsa
3746 5067 3971 5129 dicitur

2425 5181 2796 5235 contractum
2820 5191 2956 5232 cum
2982 5168 3209 5231 Mathia
3240 5185 3440 5228 coram
3469 5162 3740 5225 Parooho
3767 5160 3975 5223 Braci·

2428 5266 2576 5328 liani
2606 5265 2904 5328 Dioecesis
2931 5263 3348 5326 Salernitanae
3377 5280 3481 5340 per
3510 5259 3974 5319 Procuratorem

2429 5379 2462 5421 a
2491 5380 2555 5422 se
2597 5360 3021 5429 constitutum,
3068 5357 3188 5419 fuit
3214 5351 3674 5418 Matrimonium
3727 5358 3971 5411 contra·

2375 5527 2380 5533 ,
2430 5463 2592 5517 ctum
2635 5454 2794 5518 inter
2839 5452 3203 5535 impuberes,
3257 5469 3395 5511 cum
3442 5445 3682 5508 Teresia
3718 5453 3871 5506 esset
3901 5442 3966 5505 in
