4393 6299
966 522 1001 581 a
1937 530 2383 599 Ques-rioms
2420 534 2779 591 cauomcn

784 685 1142 748 nisi‘diebus
1166 683 1513 756 ferialibus,
1552 682 1766 746 diebus
1798 684 2061 757 scilicet,
2088 685 2152 746 in
2194 686 2337 767 qui·
2389 684 2400 729 ¹
2443 688 2509 750 in
2550 709 2673 770 qua
2716 691 2988 772 quaestio
3031 702 3161 758 erat
3200 695 3276 758 de
3320 697 3583 778 quadam
3611 699 4005 779 cappellania

782 780 900 843 bus
930 780 995 842 in
1025 779 1392 843 Kalendario
1417 777 1639 841 dicitur
1673 779 1740 840 do
1765 800 1832 841 ea
1850 827 1867 849 ,
1903 798 2040 841 cum
2070 780 2196 841 dies
2225 781 2337 842 Fe-

779 875 995 950 riales,
1018 879 1195 958 juxta
1235 868 1659 955 proprietatem
1694 874 2020 947 sermonis,
2046 873 2136 935 illi
2170 876 2332 947 sint,

777 972 844 1032 in
874 971 1101 1052 quibus
1122 969 1483 1032 fitOfficium
1511 969 1587 1029 de
1606 968 1802 1030 Feria'.
1837 968 2004 1030 Facit
2029 971 2291 1031 secundo
2316 1016 2333 1043 ,

777 1067 942 1147 quod
976 1064 1284 1146 dispositio
1309 1063 1618 1126 Calamelli
1666 1064 1740 1125 de
1770 1064 2113 1125 calamellis
2139 1066 2334 1126 dubia

779 1160 859 1223 ad
877 1160 1077 1220 minus
1104 1157 1331 1220 censeri
1361 1165 1568 1238 potest.
1606 1157 1877 1219 Admissa
1899 1167 2099 1219 autem
2125 1159 2335 1221 dubie-

777 1264 934 1327 tate,
963 1253 1341 1316 observantia
1386 1252 1706 1335 longaeva,
1738 1261 1796 1314 et
1845 1252 1908 1313 in
1948 1253 2332 1316 visitationi-

776 1352 894 1414 bus
911 1350 1339 1430 Episcoporum
1358 1346 1632 1409 formiter
1648 1347 1977 1427 approbata
1995 1350 2171 1429 juxta
2192 1368 2333 1410 sen-

774 1464 910 1507 snm
939 1445 1261 1505 Doctorum
1297 1441 1373 1503 de
1413 1442 1666 1504 materia
1715 1442 2099 1504 tractantium
2127 1491 2144 1514 ,
2180 1442 2331 1505 tanti

774 1558 904 1601 esse
928 1537 1106 1600 debet
1130 1536 1398 1608 roboris,
1422 1545 1481 1598 et
1509 1537 1830 1610 momenti,
1860 1544 1931 1598 ut
1961 1537 2078 1618 ipsi
2118 1537 2333 1600 diebus

770 1635 970 1697 solum
1012 1631 1328 1693 ferialibus
1358 1630 1663 1712 applicare
1705 1639 2054 1706 teneantur,
2087 1632 2245 1695 sicut
2269 1643 2329 1696 et

772 1730 889 1811 ipsi
915 1774 933 1803 ,
975 1737 1036 1791 et
1070 1726 1163 1788 sui
1212 1725 1699 1788 Praedeooesores
1749 1727 2070 1807 praedictis
2126 1726 2326 1788 solum

768 1824 985 1887 diebus
1029 1821 1443 1903 applicarunt,
1481 1827 1543 1882 et
1583 1820 1739 1882 sicut
1782 1820 2058 1902 Episcopi
2093 1821 2160 1881 in
2204 1822 2330 1883 suis

765 1917 1236 1981 Visitationibus
1256 1923 1619 1977 statuerunt.
1649 1915 1818 1977 Facit
1842 1915 2105 1995 denique
2151 1917 2329 1978 tertio

767 2013 1087 2077 discretiva
1102 2058 1120 2085 ,
1140 2029 1299 2092 quae
1319 2010 1541 2090 legitur
1556 2009 1617 2070 in
1639 2009 1993 2071 fundatione
2012 2009 2323 2071 Calamelli

766 2110 845 2172 de
887 2106 1266 2170 calamellis:
1310 2103 1590 2166 Continuo
1626 2105 1896 2165 celebrent
1934 2104 2150 2166 Missas
2175 2153 2191 2175 ‚
2241 2108 2328 2168 ita

758 2203 1124 2285 quoddiebus
1164 2200 1484 2261 Feriatibus
1523 2200 1842 2280 specialiter
1858 2219 1964 2279 pro
1991 2199 2207 2263 Anima
2234 2204 2326 2280 ip-

762 2300 884 2358 sius
915 2293 1225 2357 Culamelli
1249 2304 1349 2354 etc.
1384 2292 1598 2354 Missas
1621 2294 1890 2353 celebrent
1912 2292 2278 2354 Mortuerum
2306 2343 2321 2366 ,

763 2389 938 2471 quasi
967 2388 1129 2469 quod
1160 2385 1471 2447 Fundator
1504 2385 1631 2447 dies
1652 2385 1974 2466 expressit,
2004 2386 2068 2445 in
2098 2388 2325 2467 quibus

763 2484 959 2546 voluit
1003 2481 1501 2563 applicationem,
1530 2481 1592 2541 in
1639 2480 1792 2552 illis,
1839 2480 1900 2540 in
1945 2480 2169 2561 quibus
2204 2502 2323 2543 non

760 2578 1077 2660 expressit,
1103 2575 1569 2656 applicationem
1608 2574 1871 2636 noluisse
1893 2575 2180 2637 dicendus
2204 2578 2321 2639 sit:

760 2674 1079 2754 Multoque
1108 2675 1328 2752 magis,
1377 2670 1523 2750 quia
1559 2669 1979 2731 demandando
2015 2672 2323 2750 quotidia-

761 2785 907 2830 nam
938 2764 1402 2829 celebrationem
1442 2762 1505 2823 in
1548 2762 1833 2842 Cappella
1858 2782 1894 2825 a
1939 2784 2002 2825 se
2028 2764 2324 2829 fabricata

760 2862 829 2922 in
856 2858 1197 2924 Catbedrali
1229 2856 1525 2929 Ecclesia,
1551 2865 1609 2917 et
1633 2856 1957 2918 nonnullos
1996 2858 2124 2919 dies
2163 2860 2320 2921 desi-

759 2955 1003 3038 gnando
1018 2999 1038 3027 ,
1064 2953 1130 3015 in
1153 2951 1378 3032 quibus
1401 2950 1723 3031 exoptabat
1742 2951 1959 3013 Missae
1975 2953 2322 3033 applicatio-

759 3070 932 3123 nem,
960 3046 1290 3110 verisimile
1311 3045 1634 3107 admodum
1657 3055 1777 3118 est,
1804 3055 1870 3108 ut
1888 3048 2173 3109 omnibus
2201 3049 2321 3111 die-

760 3147 878 3208 bus
898 3140 1229 3224 respexerit
1261 3140 1336 3203 ad
1365 3139 1677 3202 servitium
1704 3139 2077 3205 Cathedralis
2115 3143 2319 3207 Eccle-

757 3243 913 3310 siae,
937 3246 999 3301 et
1019 3238 1094 3300 ad
1125 3238 1413 3318 Majorem
1443 3254 1765 3297 numerum
1810 3236 2132 3299 Missurum
2157 3239 2222 3299 in
2247 3259 2318 3301 ea

757 3333 1258 3398 celebrandarum
1277 3375 1294 3402 ,
1319 3341 1380 3393 et
1403 3329 1565 3410 quod
1594 3328 1906 3409 aliquibus
1938 3330 2152 3393 diebus
2175 3379 2191 3402 ,
2224 3333 2319 3393 ul-

755 3442 852 3491 tra
872 3429 1096 3492 dictum
1120 3425 1434 3488 servitium
1458 3424 1754 3486 &clasiae
1772 3424 2036 3486 voluerit
2058 3425 2319 3505 applica-

754 3527 984 3586 tionem
1007 3523 1330 3584 Missurum
1362 3511 1471 3598 pro
1505 3519 1725 3581 Anima
1766 3538 1907 3591 sua,
1928 3526 1991 3581 et
2033 3539 2144 3601 pro
2166 3521 2315 3584 Ani·

754 3621 973 3682 mabus
993 3635 1246 3678 suorum
1270 3613 1783 3693 Propinquorum.

855 3711 1259 3774 Cohaerenter
1281 3707 1355 3768 ad
1378 3705 1554 3786 Qec,
1570 3707 1749 3769 Sacra
1774 3707 1919 3769 baec
1936 3707 2142 3769 eadem
2158 3708 2315 3770 Con·

751 3805 1025 3889 gregatio
1049 3804 1114 3865 in
1136 3804 1327 3865 Causa
1356 3800 1584 3864 Collen.
1638 3801 2075 3881 Applicationis
2113 3803 2314 3864 Sacri·-

751 3901 877 3964 ficii
901 3918 1063 3964 anno
1086 3902 1262 3960 1685.
1276 3895 1508 3978 agendo
1528 3895 1602 3956 de
1620 3895 2316 3976 quadamrdispositionffi

748 3998 819 4061 in
842 4014 963 4077 qua
984 4001 1228 4056 cautum
1254 3990 1473 4062 fuerat,
1504 3997 1573 4050 ut
1593 3990 1992 4069 Cappellanus
2026 4011 2136 4070 pro
2163 4001 2316 4052 tem-

751 4109 901 4172 pore
920 4089 1163 4151 Missam
1184 4085 1517 4147 celebraret
1537 4083 1821 4144 omnibus
1847 4083 2060 4145 diebus
2085 4085 2311 4146 bebdo-

750 4184 989 4255 madae,
1006 4188 1243 4263 praeter
1265 4197 1630 4250 unum‚cum
1653 4178 1767 4239 hoc
1788 4180 1948 4259 quod
1974 4188 2092 4240 tres
2105 4180 2321 4243 Missae

749 4278 1024 4360 qualibet
1068 4273 1444 4336 bebdomada
1481 4272 1931 4335 celebrarentur
1957 4274 2033 4335 de
2054 4275 2312 4336 Mortuis

610 4395 613 4398 ·
747 4391 863 4455 pro
874 4371 1092 4434 Anima
1107 4365 1759 4438 Fundatoris,'censuit,
1773 4365 2206 4446 Cappellanum
2234 4377 2311 4429 te-

748 4467 883 4530 neri
906 4464 1212 4548 applicare
1230 4463 1546 4523 dumtaxat
1564 4472 1684 4523 tres
1696 4461 1907 4523 Missas
1927 4461 2002 4522 de
2022 4461 2307 4538 Mortuis,

746 4572 811 4626 et
843 4579 967 4622 non
1000 4558 1153 4620 alias
1177 4599 1193 4617 .
1229 4556 1380 4617 Item
1407 4554 1557 4616 hnc
1582 4555 1791 4617 eadem
1831 4555 2010 4617 Sacra
2045 4555 2308 4638 Congre-

747 4656 911 4738 gatio
930 4653 993 4714 in
1011 4652 1132 4714 alia
1151 4649 1381 4712 Collen.
1406 4647 1823 4728 applicationis
1833 4648 2122 4711 Sacrificii
2145 4668 2309 4712 anno

754 4753 930 4814 1689.
969 4745 1279 4809 tractando
1316 4743 1393 4805 de
1422 4743 1686 4824 quadam
1713 4742 2101 4824 cappellania
2133 4744 2310 4806 insti..

743 4854 876 4909 tuta
901 4863 1037 4905 cum
1058 4859 1243 4902 onere
1260 4838 1505 4900 Missam
1522 4838 1797 4919 quotidie
1822 4838 2167 4902 celebrandi
2195 4839 2306 4900 bo-

745 4960 815 5003 ra
846 4937 1278 5004 determinata,
1311 4942 1442 5016 post
1484 4933 1872 4994 terminatum
1900 4934 2126 4996 scilicet
2158 4934 2305 4997 offi-

744 5036 909 5098 cium
953 5031 1243 5093 Divinum
1293 5028 1357 5089 in
1388 5026 1764 5101 Cathedrali,
1800 5035 1868 5089 ut
1910 5029 2304 5104 Mercatores,

746 5139 807 5192 et
836 5125 1191 5189 Scholarum
1221 5121 1514 5201 Discipuli
1563 5121 1653 5183 illi
1701 5123 1990 5184 interesse
2021 5132 2262 5203 possent
2285 5170 2305 5196 ,

742 5220 1086 5304 respondit,
1127 5217 1560 5298 Cappellanum
1605 5235 1725 5278 non
1770 5218 1959 5280 teneri
2004 5217 2309 5298 applicare

743 5312 1119 5379 Sacrificium
1148 5329 1259 5392 pro
1286 5310 1504 5371 Anima
1546 5309 1929 5371 Fundatoris.
1962 5311 2039 5372 Et
2060 5311 2305 5372 demum

741 5413 894 5476 baec
920 5408 1132 5490 eadem
1158 5407 1339 5467 Sacra
1360 5404 1758 5487 congregatio
1782 5404 1846 5466 in
1870 5406 2133 5486 quadam
2161 5413 2306 5468 cau*-¹

693 5574 698 5578 ,
742 5525 807 5574 sa
839 5502 1238 5568 Tricastinen.
1270 5499 1707 5583 Applicationis
1730 5498 2021 5564 Sacrificii
2050 5501 2306 5576 Missae,

2444 787 2693 848 fundata
2740 808 2876 848 cum
2924 789 3294 872 obligatione
3333 793 3677 857 celebrandi
3725 799 4001 877 quotidie

2443 882 2706 961 quadam
2769 882 2919 944 hora
2981 884 3375 950 determinata
3422 908 3533 969 pro
3582 894 4004 958 commoditate

2444 977 2878 1039 nonnullarum
2911 980 3267 1042 Monialium
3288 1028 3304 1055 ,
3341 993 3398 1044 et
3426 984 3766 1066 applicandi
3798 990 3999 1069 quali-

2442 1072 2544 1134 bet
2577 1072 2728 1135 seria
2757 1076 3015 1137 secunda
3061 1096 3181 1136 non
3234 1078 3514 1157 impedita
3565 1082 3804 1142 Missam
3837 1086 3999 1147 Mor-

2443 1176 2683 1230 tuerum
2710 1189 2817 1247 pro
2839 1170 3060 1232 Anima
3085 1172 3480 1247 Fundatoris,
3505 1178 3810 1257 respondit
3839 1200 4000 1243 anno

2447 1268 2622 1325 1711.
2679 1266 2924 1327 Missam
2972 1286 3097 1329 esse
3143 1268 3561 1348 applicandam
3613 1272 3688 1332 ad
3755 1274 3996 1338 libitum

2441 1359 2777 1423 Sacerdotis
2823 1361 3219 1435 celebrantis,
3247 1374 3490 1444 excepta
3523 1367 3704 1428 Missa
3733 1368 3796 1429 in
3847 1370 3998 1436 feria

2438 1459 2698 1519 secunda
2747 1459 3103 1540 applicanda
3152 1479 3261 1541 pro
3319 1461 3539 1522 Anima
3586 1463 3991 1543 Fundatoris,

2437 1550 2527 1613 uti
2557 1550 2818 1615 babetur
2858 1572 2991 1636 pag.
3024 1558 3164 1616 332.
3196 1562 3254 1615 et
3293 1573 3429 1637 pag.
3468 1561 3609 1618 358.
3644 1577 3682 1619 a
3712 1567 3869 1642 terg.
3902 1560 4012 1625 lib.

2438 1650 2537 1706 61.
2564 1647 2977 1708 Decretorum.

2551 1739 2666 1800 Bis
2719 1748 2921 1802 autem
2968 1759 3082 1823 pro
3128 1749 3392 1823 utraque
3434 1743 3615 1806 Parte
3668 1744 3942 1812 deductis
3964 1795 3983 1825 ,

2432 1833 2753 1913 quaeritur

2531 1928 2606 1987 Ἰ.
2642 1929 2737 1987 An
2759 1927 3099 2008 cappellani
3116 1931 3428 1991 institutio
3453 1929 3773 1994 Calamona
3790 1934 3856 1996 de
3880 1934 3993 1997 Cu-

2439 2024 2681 2084 lumellis
2706 2032 3006 2084 teneantur
3030 2043 3379 2103 quocumque
3397 2026 3487 2086 dic
3526 2026 3778 2089 Missam
3804 2031 3993 2110 appli-

2435 2137 2563 2178 care
2588 2138 2691 2197 pro
2719 2121 2916 2179 anima
2958 2117 3336 2191 Fundatoris,
3388 2130 3440 2180 et
3477 2121 3596 2200 ejus
3626 2120 3994 2204 Propinquo-

2433 2232 2587 2284 rum,
2618 2223 2669 2273 et
2697 2224 2976 2291 quatenus
3001 2215 3286 2291 nepetino.

2552 2306 2636 2365 ΙΙ.
2670 2307 2767 2364 An
2787 2316 3084 2367 teneantur
3105 2308 3489 2367 tantummodo
3513 2310 3804 2388 applicare
3833 2310 3992 2372 Mi·-

2433 2419 2524 2461 sas
2552 2402 2741 2460 diebus
2763 2400 3084 2478 ferialibus,
3110 2404 3175 2460 in
3196 2404 3397 2480 quibus
3425 2404 3491 2462 in
3511 2402 3872 2467 Kalendario
3897 2408 3991 2467 dn·-

2432 2497 2586 2556 citur
2603 2496 2679 2557 de
2707 2514 2776 2555 ea
2793 2544 2808 2566 ,
2833 2506 2883 2556 et
2907 2506 3184 2574 quatenus
3207 2499 3485 2576 neqative.

2549 2588 2664 2651 111.
2703 2591 2777 2650 In
2797 2592 3000 2669 quibus
3020 2592 3212 2653 diebus
3241 2602 3539 2653 teneantur
3567 2595 3861 2674 applicare
3881 2637 3898 2655 .

2536 2797 2675 2850 sacr.
2703 2796 2901 2865 Congr.
2933 2795 3021 2848 die
3041 2796 3132 2850 26.
3164 2798 3312 2847 Mart.
3344 2797 3496 2847 17¹8.
3533 2795 3833 2865 Respondit

2612 2884 2708 2938 Ad
2724 2885 2962 2954 primum
2984 2882 3332 2953 qlfrmative.
3359 2887 3425 2939 ln
3453 2884 3844 2953 reliquissem
3863 2903 3993 2955 pro-

2423 2991 2485 3024 vt
2515 2991 2634 3022 um.

2488 2991 2514 3025 5
2531 3062 2598 3112 Et
2621 3061 2814 3112 iterum
2841 3060 2932 3112 die
2955 3058 3045 3110 2⁴.
3071 3057 3234 3113 Febr.
3281 3059 3439 3112 1⁷29.
3469 3060 3811 3114 confirmavit
3848 3071 3993 3116 stan-

2425 3147 2555 3200 dum
2584 3165 2699 3202 esse
2726 3148 2783 3200 in
2811 3147 3029 3214 decisis,
3054 3157 3107 3201 et
3133 3148 3364 3216 amplius
3381 3186 3394 3200 .

2910 3340 3273 3417 QUAESTIO
3328 3342 3501 3403 VIII.

2461 3527 2536 3590 In
2555 3526 2750 3591 Causa
2771 3527 3182 3607 Neapolitana,
3206 3547 3304 3589 seu
3337 3526 3464 3588 Vici
3511 3527 3767 3606 AEquen.
3818 3529 3942 3592 Or*

2703 3621 3041 3696 uitiationis,
3072 3622 3163 3681 die
3197 3625 3291 3682 12.
3317 3619 3480 3681 Febr.
3516 3625 3693 3682 1718.

2423 3750 2819 3871 Benedictus
2835 3807 3178 3870 Mannellus
3203 3809 3450 3889 cupiens
3471 3808 3670 3888 prima
3691 3809 3978 3875 Clericali

2423 3906 2699 3964 Tonsura
2734 3903 3002 3969 initiari.
3038 3902 3310 3983 aliosque
3349 3903 3677 3965 successive
3711 3903 3983 3968 Ordines

2421 3999 2502 4059 ab
2527 3998 2821 4077 Episcopo
2871 3998 3002 4059 Vici
3050 3997 3406 4076 AEquensis,
3458 4004 3752 4078 tanquam
3783 4017 3824 4061 a
3863 4019 3976 4061 suo

2421 4091 2754 4152 Ordinatio
2777 4092 3111 4169 suscipere,
3151 4092 3322 4169 petiit
3361 4092 3441 4153 ab
3472 4092 3992 4156 Eminentissimoae

2422 4183 2885 4264 Arcbiepiscopo
2910 4184 3307 4264 Neapolitano
3332 4184 3565 4246 litteras
3598 4188 3984 4250 testimonia-⁷

2420 4278 2528 4350 les,
2559 4297 2636 4339 ex
2662 4297 2785 4358 quo
2812 4279 2994 4359 longo
3020 4279 3305 4358 temporis
3322 4279 3516 4358 spatio
3545 4291 3820 4344 moratus
3843 4281 3982 4343 fue-1

2419 4379 2514 4433 rat
2533 4372 2596 4432 in
2620 4372 2777 4433 dicta
2797 4372 3075 4445 Civitate,
3099 4381 3158 4433 et
3171 4371 3698 4435 Eminentissimus
3718 4374 3971 4436 Arcbie·

2417 4466 2692 4545 piscopus
2713 4485 2814 4527 eas
2838 4465 3177 4546 denegavit,
3227 4466 3342 4544 sub
3353 4467 3639 4538 obtentu,
3671 4467 3835 4546 quod
3865 4485 3971 4527 or-

2418 4560 2650 4622 dinatio
2681 4560 2986 4622 Benedicti
3014 4560 3090 4621 ad
3117 4579 3216 4631 se,
3243 4565 3463 4623 ennon
3498 4561 3576 4623 ad
3605 4561 3970 4640 Episcopum

2415 4655 2550 4717 Vici
2571 4655 2891 4733 AEquensis
2915 4654 3277 4734 pertineret.

2534 4747 2761 4810 Habito
2794 4765 2901 4827 per
2939 4746 3328 4808 Benedietum
3374 4764 3620 4808 recursu
3649 4746 3751 4808 ‘ad
3807 4746 3969 4808 hano

2414 4842 2661 4904 Sacram
2684 4840 3246 4922 congregationem,
3279 4839 3577 4919 exquisita
3606 4839 3724 4901 fuit
3768 4839 3972 4920 primo

2415 4936 2762 5000 informatio
2817 4934 3291 4996 Eminentissimi
3364 4933 3811 5015 Arcbiepiscopi
3832 4980 3848 5003 ,
3904 4941 3970 4994 et

2414 5031 2672 5092 subinde
2691 5030 2874 5092 datae
2891 5039 3034 5092 suut
3065 5029 3301 5091 litterae
3327 5028 3401 5091 ad
3433 5029 3795 5109 Episcopum
3829 5025 3964 5087 Vici

2413 5125 2734 5205 AEquensis
2757 5169 2774 5198 ,
2805 5133 2867 5185 et
2898 5125 2979 5186 ab
3024 5132 3285 5203 utroque
3327 5124 3547 5184 nedum
3581 5130 3972 5201 opportunae

2414 5217 2825 5298 responsiones
2836 5217 3079 5280 habitae
3092 5217 3476 5290 fuerunt,sed
3496 5215 3749 5279 ulterius
3771 5223 3970 5276 trans-

2417 5313 2579 5376 missi
2608 5320 2750 5375 sunt
2798 5310 3184 5374 Processiculi
3216 5356 3236 5384 ,
3272 5329 3397 5373 nna
3444 5328 3582 5373 cum
3611 5309 3970 5373 necessariis>

2415 5406 2823 5470 documentis.

2425 5541 2436 5546 -
2529 5499 2852 5563 Contendit
2882 5497 3403 5562 Eminentissimus
3437 5495 3967 5578 Arcbiepiscopus,
