4393 6299
1580 530 1627 597 Q
1654 532 1695 584 u
1720 530 1778 581 [Ε
1805 529 1841 579 s
1864 530 1912 582 ‘r
1942 528 2035 581 ιο
2094 527 2363 581 corun.

380 695 450 757 de
474 692 736 757 Censoris
756 708 880 771 cap.
906 693 962 755 3.
993 703 1153 746 nam.
1182 690 1281 746 80.
1315 681 1572 745 Gibalin.
1598 681 1662 741 de
1684 677 1912 758 Irreqa-

3274 534 3368 583 161

2024 680 2391 743 conveniunt
2407 726 2424 754 ‚
2453 682 2888 744 conveniantet
2913 701 3119 744 omnes
3142 684 3204 743 in
3233 683 3395 745 festis
3427 686 3549 764 pri-

387 789 499 849 lar.
525 806 648 866 cap.
675 789 731 845 t.
758 790 983 846 eonsect.
1021 784 1077 840 3.
1099 787 1419 858 pertulum,
1449 774 1915 836 Salmanticenses
2026 796 2189 849 mae,
2219 782 2279 838 et
2304 777 2595 839 secundae
2620 776 2851 850 classiS,
2875 777 3171 857 horasque
3196 777 3426 859 integre
3460 798 3552 839 re-

384 883 453 941 in
480 900 653 942 cursa
667 877 869 938 moral.
900 884 1031 936 tom.
1054 877 1113 933 2.
1142 882 1306 933 tract.
1357 874 1451 931 10.
1483 888 1608 949 cap.
1635 874 1693 931 8.
1721 878 1911 947 punct.

389 979 452 1037 3.
476 993 629 1036 nam.
661 976 757 1032 36.

2023 870 2238 944 citent,
2267 880 2329 931 et
2366 870 2618 932 solemni
2648 873 2866 935 Missae
2903 873 3220 946 assistant,
3269 873 3451 953 idque
3492 873 3556 935 in

2028 964 2335 1045 sequelam
2356 966 2806 1046 antiquissimae
2828 967 3293 1041 consuetudinis,
3316 967 3560 1031 innixae

509 1064 900 1147 Applicabilis
925 1058 1241 1143 hypothesi
1269 1076 1395 1120 esse
1442 1018 1744 1119 videretur
1776 1053 1920 1114 haec
2023 1058 2272 1121 fortasse
2289 1059 2592 1122 redituum
2613 1061 3558 1133 modicitati,cumCanonicorum

393 1160 693 1224 distinctio
714 1205 731 1232 ,
761 1159 809 1220 si
854 1157 949 1219 vir
1001 1175 1076 1217 ex
1116 1152 1415 1235 proposito
1466 1169 1715 1212 uxorem
1766 1149 1916 1209 occi·

395 1255 606 1327 disset3
648 1262 710 1315 at
736 1270 871 1313 cum
906 1248 1220 1310 intendens
1247 1245 1568 1308 vulnerare
1590 1291 1607 1313 ‚
1636 1251 1741 1303 aut
1768 1241 1920 1302 occi-

393 1352 534 1413 dere
552 1346 881 1420 Amasium,
904 1361 1154 1405 uxorem
1176 1337 1617 1410 accidentaliter
1637 1335 1919 1397 vulnera·

396 1440 584 1516 verit,
611 1451 673 1503 et
702 1437 1083 1509 interfecerit,
1111 1434 1338 1497 occasio
1364 1433 1559 1494 oritur
1582 1429 1923 1499 dubitandi,

399 1557 477 1601 an
499 1557 633 1599 cum
654 1536 808 1597 dicta
836 1529 1214 1595 distinctione
1235 1528 1298 1588 in
1321 1526 1417 1588 bis
1441 1524 1710 1588 terminis
1731 1543 1929 1604 proce-

2031 1152 2260 1214 reditus
2292 1173 2416 1215 non
2442 1155 2726 1216 excedant
2761 1156 3004 1217 ducatos
3048 1162 3145 1217 36.
3195 1174 3425 1217 annuos
3457 1176 3564 1236 pro

2043 1245 2346 1325 quolibet,
2378 1255 2437 1309 et
2468 1248 2697 1309 reditus
2724 1249 3215 1329 Participantium
3243 1250 3568 1313 consistant

2036 1340 2098 1403 in
2124 1340 2354 1403 ducatis
2382 1343 2601 1403 annuis
2629 1347 2726 1403 25.
2770 1343 3089 1404 modernus
3115 1345 3438 1424 Episcopus
3475 1366 3566 1407 se-

2032 1452 2175 1494 cum
2206 1444 2519 1514 reputans,
2548 1436 3039 1497 consuetudinem
3070 1438 3444 1519 corruptelae
3473 1458 3569 1519 po—

2040 1525 2159 1588 tius
2182 1574 2199 1598 ,
2232 1546 2416 1607 quiam
2442 1527 2743 1609 legitimae
2768 1530 3184 1591 observantiae
3207 1549 3422 1593 nomen
3448 1551 3572 1593 me-

402 1632 662 1693 dendum
690 1629 804 1699 sit,
840 1625 937 1689 vel
961 1624 1158 1705 potius
1194 1621 1309 1683 dici
1338 1620 1582 1690 debeat,
1617 1618 1927 1697 Presbyte-
2039 1621 2183 1692 reri,
2211 1621 2470 1683 edictum
2495 1622 2845 1702 publicavit,
2869 1643 2991 1703 quo
3016 1643 3222 1686 omnes
3248 1624 3577 1687 Canonicos

400 1744 539 1788 rum
567 1722 835 1785 absolute
860 1767 879 1791 ,
921 1728 981 1779 et
1020 1713 1370 1797 simpliciter
1418 1708 1933 1792 Irregularitatem
2039 1715 2360 1777 adstrinxit
2379 1716 2452 1777 ad
2479 1716 2948 1778 interessendum
2977 1718 3246 1798 quotidie
3269 1720 3327 1780 in
3354 1720 3573 1793 choro,

405 1838 527 1882 non
553 1815 905 1878 incurrisse.
926 1828 929 1835 ’

522 1908 847 1984 Quaeritur
873 1905 1107 1985 itaque:

523 2003 575 2066 1.
616 2003 711 2063 Aa
748 1999 959 2062 Orator
1002 1994 1493 2073 Irreqalaritatem
1532 1989 1838 2051 incurrerit
1878 1988 1941 2047 in

410 2118 545 2163 casu
573 2107 674 2159 ete.
699 2106 751 2157 et
775 2103 1050 2174 quatenus
1071 2089 1415 2170 affirmative
1434 2104 1455 2145 .·

525 2191 608 2252 11.
635 2191 731 2252 Aa
754 2208 881 2251 cam
911 2207 970 2248 eo
995 2188 1069 2257 sit
1094 2180 1528 2264 dispensandam
1548 2181 1613 2239 in
1639 2196 1774 2240 casu
1799 2184 1899 2237 etc.

521 2383 672 2436 saera
699 2380 897 2447 Congr.
924 2372 1204 2443 respondit
1223 2393 1238 2424 ε

592 2470 708 2522 Pro
735 2461 1133 2538 dispensatione
1158 2457 1234 2512 ad
1256 2456 1555 2510 cautelam.

830 2645 1188 2749 QuAEs'no
1246 2664 1540 2729 cccuv.

505 2864 577 2926 Ia
618 2862 810 2926 Causa
844 2857 1220 2939 Aayloaensi,
1248 2862 1315 2913 et
1346 2851 1610 2913 Tarsensi
1635 2898 1653 2921 ,
1697 2850 1785 2910 die
1817 2853 1876 2909 2.

957 2950 1213 3014 Octobris
1249 2951 1424 3016 1Ὶ23.

431 3080 730 3194 Redacta
758 3126 881 3190 fere
908 3125 984 3188 ad
1002 3122 1262 3190 nihilum
1290 3118 1538 3200 antiqua
1562 3116 1816 3180 Civitate
1841 3116 1962 3178 An-

434 3223 737 3308 glonensi,
766 3220 988 3284 Paulus
1028 3220 1188 3298 Papa
1222 3214 1460 3277 Tertius
1497 3214 1585 3274 die
1632 3218 1691 3274 8.
1723 3212 1969 3290 Aaqasti

440 3326 614 3385 1546.
668 3316 1024 3381 Cathedram
1073 3308 1480 3392 Episcopalem
1531 3306 1968 3389 Anglonensem

437 3413 743 3481 transtulit
771 3411 850 3475 ad
868 3407 1150 3471 Tursium
1178 3402 1440 3485 ejusdem
1470 3399 1763 3462 Dioecesis
1783 3398 1970 3480 Oppi·

441 3511 586 3572 dum
610 3554 628 3582 ‚
655 3505 816 3587 quod
851 3500 1024 3565 titulo
1049 3496 1323 3561 Civitatis
1353 3493 1711 3575 insignivit,
1743 3513 1970 3555 necnon

438 3600 846 3666 Parochialem
878 3592 1197 3658 Ecclesiam
1237 3590 1300 3651 S.
1339 3587 1648 3650 Michaelis
1673 3587 1736 3648 in
1779 3588 1974 3649 medio

438 3692 752 3759 memorati
779 3687 999 3770 Oppidi
1024 3683 1441 3748 consistentem
1468 3681 1532 3741 in
1556 3679 1971 3742 Cathedralem

441 3788 666 3861 erexit,
697 3784 783 3847 uti
820 3782 1076 3846 habetur
1100 3778 1165 3839 in
1194 3774 1357 3838 Actis
1398 3773 1924 3836 Consistorialibus
1951 3816 1969 3847 ,

441 3892 501 3946 et
517 3883 647 3945 fuse
665 3879 923 3942 refertur
943 3879 1007 3936 in
1019 3872 1197 3934 Italia
1215 3868 1401 3932 Sacra
1418 3867 1766 3929 Ferdiaandi
1780 3867 1979 3948 Uqhel·

445 3981 491 4039 li
530 3985 773 4039 recenter
809 3974 1078 4050 impressa
1115 3978 1245 4026 tom.
1293 3968 1353 4025 7.
1404 3981 1536 4043 paq.
1588 3967 1686 4023 69.
1738 3973 1789 4023 et
1814 3964 1973 4043 plur.

445 4091 593 4151 ⁸⁶⁹4·
1324 4148 1338 4164 ,
1760 4147 1773 4161 .

562 4158 903 4243 Capitulum
920 4155 1103 4236 hujus
1120 4149 1414 4213 Ecclesiae
1435 4146 1808 4210 Cathedralts
1825 4167 1979 4210 com·

448 4258 693 4342 ponitur
726 4273 803 4317 ex
842 4250 1034 4312 tribus
1064 4242 1471 4325 Dignitatibus
1493 4287 1509 4315 ,
1540 4248 1603 4303 et
1626 4241 1828 4303 decem
1863 4241 1973 4304 Ca-

450 4350 714 4420 nonicis‚
748 4344 971 4426 quibus
1008 4358 1117 4420 pro
1156 4335 1400 4398 servitio
1439 4333 1618 4396 Chori
1646 4334 1753 4396 alii
1781 4333 1983 4397 decem

449 4441 790 4526 Presbyteri
817 4485 834 4513 ,
862 4435 966 4517 qui
996 4431 1421 4511 Participantes
1452 4437 1742 4490 vocantur
1763 4474 1782 4503 ,
1809 4449 1985 4510 supe·

454 4537 677 4603 radditi
718 4534 999 4603 fuerunt3
1039 4544 1295 4605 cumque
1321 4542 1397 4585 ex
1428 4521 1523 4583 his
1548 4523 1831 4585 omnibus
1855 4530 1987 4588 octo

456 4653 567 4717 pro
592 4630 765 4693 tertia
791 4642 1032 4708 quaque
1059 4618 1432 4681 hebdomada
1455 4615 1650 4677 Choro
1675 4616 1985 4692 intersint,

456 4723 717 4805 exceptis
746 4714 1094 4786 DominiciS,
1114 4710 1480 4798 caeterisque
1507 4707 1731 4770 festivis
1754 4710 1986 4786 diebus,

461 4820 683 4904 quibus
706 4831 912 4877 omnes
934 4808 1149 4872 Missae
1175 4852 1190 4876 ,
1216 4813 1275 4865 et
1300 4801 1579 4882 Vesperis
1606 4802 1908 4876 assistunt,
1932 4816 1992 4869 et

460 4914 794 4979 assistentes
816 4908 991 4989 juxta
1023 4898 1351 4981 expositam
1380 4895 1713 4957 turnariam
1746 4893 1989 4959 divisio·

462 5028 602 5071 nem
624 5001 851 5068 seriatis
869 4997 1082 5059 diebus
1104 4992 1389 5063 Primam,
1414 4989 1700 5063 Tertiam,
1726 4990 1989 5064 Sextam,

464 5111 524 5167 et
546 5103 782 5165 Nonam
805 5094 1007 5163 horas,
1033 5096 1093 5150 et
1121 5087 1360 5148 Missam
1384 5082 1503 5145 ritu
1527 5081 1726 5145 minus
1745 5084 1995 5148 solemni

468 5195 750 5263 recitent,
774 5196 835 5250 et
866 5180 1190 5247 Dominicis
1212 5225 1230 5252 ,
1261 5176 1628 5256 caeterisque
1653 5176 1818 5240 festis
1846 5179 1996 5241 inte-

470 5309 577 5372 gre
619 5287 798 5347 horas
832 5277 1145 5342 canonicas
1171 5271 1524 5342 absolvant,
1578 5280 1636 5332 et
1663 5270 1821 5334 ultra
1853 5273 1998 5334 assi-

479 5379 755 5445 stentiam
790 5374 1006 5437 Missae
1026 5417 1043 5441 ‚
1068 5376 1129 5429 et
1155 5365 1459 5445 vesperis,
1493 5363 1556 5423 in
1580 5382 1702 5443 qua
1725 5409 1743 5437 ,
1790 5366 1876 5426 uti
1910 5368 1999 5427 di-

2043 1819 2103 1870 et
2123 1810 2517 1873 assistendum
2534 1810 2815 1871 omnibus
2833 1810 3000 1871 horis
3019 1811 3341 1885 canonicis,
3365 1822 3423 1874 et
3444 1814 3580 1875 Mis-

2050 1923 2152 1967 sae
2177 1925 2193 1979 ;
2227 1914 2398 1986 urget
2423 1903 2584 1965 enim
2615 1904 2922 1983 dispositio
2951 1904 3329 1969 clementinae
3366 1912 3583 1988 primae

2046 2000 2110 2057 ‹le
2149 2000 2510 2059 celebratione
2531 1998 2849 2059 Missurum
2871 2043 2889 2071 ,
2914 1997 3024 2059 ibi:
3049 2019 3281 2071 necnon,
3306 2005 3455 2062 utin
3476 2002 3584 2064 Ca·

2050 2093 2402 2153 thedralibus
2425 2139 2444 2163 ,
2474 2091 2848 2170 Regularibus
2872 2139 2889 2162 ‚
2933 2082 2998 2152 et'
3025 2091 3351 2172 Colleqiatis
3394 2096 3587 2158 Eccle-

2058 2189 2159 2248 siis
2187 2189 2339 2247 horis
2366 2187 2562 2247 debitis
2605 2186 2787 2247 devote
2807 2189 3133 2266 psallatur,-
3182 2190 3244 2247 in
3290 2189 3426 2250 aliis
3462 2209 3589 2253 vero

2057 2283 2438 2341 convenienter
2467 2281 2642 2342 debite
2662 2282 2961 2342 celebretur
2983 2283 3239 2343 divinam
3273 2286 3545 2345 diurnum
3570 2334 3585 2355 ,

2057 2385 2108 2435 et
2129 2385 2465 2436 nocturnam
2491 2372 2750 2454 Officium
2767 2394 2788 2435 .·
2823 2383 2996 2454 urget
3019 2375 3327 2455 dispositio
3351 2381 3592 2457 capitali

2058 2469 2296 2530 dolentes
2313 2470 2492 2530 eodem
2515 2470 2705 2529 titulo:
2722 2468 2829 2530 ihi:
2852 2470 3100 2530 districte
3113 2473 3506 2550 praecipientes
3530 2475 3595 2532 ia

2057 2566 2265 2625 virtute
2295 2564 2629 2625 obedientiae
2656 2611 2672 2633 ,
2701 2575 2767 2623 ut
2795 2566 3050 2625 divinam
3079 2562 3340 2644 Officium
3361 2576 3592 2626 noctur·

2062 2677 2202 2719 nam
2224 2660 2468 2738 pariter,
2498 2669 2549 2719 et
2581 2659 2852 2718 diurnam
2874 2704 2892 2729 ,
2917 2669 3196 2737 quantam
3220 2662 3297 2720 eis
3335 2660 3479 2721 Deus
3501 2662 3597 2721 de-

2067 2754 2213 2812 derit
2239 2799 2257 2824 ,
2288 2752 2527 2813 studiose
2552 2753 2818 2812 celebrent
2841 2755 3090 2832 pariter,
3123 2764 3175 2814 et
3201 2754 3405 2827 ἄποια,
3427 2762 3601 2835 urget

2067 2844 2328 2924 denique
2349 2844 2655 2924 dispositio
2681 2844 2942 2924 Capituli
2966 2845 3265 2926 Presbyter
3305 2848 3486 2909 eodem
3527 2851 3604 2908 ti-

2070 2941 2221 3011 talo,
2250 2938 2361 2999 ibi:
2385 2941 2578 3018 septies
2601 2940 2664 2998 in
2696 2941 2784 3000 die
2826 2940 3046 3001 laudem
3072 2942 3203 3001 dixi
3234 2942 3370 3013 tibi,
3393 2944 3495 3019 qai
3529 2962 3607 3003 se-

2063 3036 2357 3114 ptenarius
2383 3054 2648 3096 numeras
2669 3054 2707 3096 a
2726 3036 2881 3096 nobis
2905 3037 3195 3114 impletur,
3214 3039 3265 3096 si
3287 3036 3603 3107 Matutino,

2074 3126 2309 3190 Primae
2329 3174 2345 3202 ,
2374 3126 2622 3200 Tertiae,
2653 3125 2866 3189 Sextae
2889 3175 2906 3199 ‚
2953 3126 3154 3190 Nonae
3179 3177 3196 3200 ,
3239 3128 3528 3209 Vesper-ae,
3554 3140 3608 3190 et

2078 3221 2441 3303 Completorii
2461 3230 2695 3301 tempore
2714 3231 2937 3282 nostrae
2956 3223 3239 3281 servitutis
3265 3219 3464 3301 Officia
3488 3242 3611 3301 per-

2074 3316 2352 3377 solvamus
2376 3358 2396 3387 ,
2425 3321 2486 3375 et
2506 3314 2703 3393 quoad
2729 3312 3192 3374 celebrationem
3217 3313 3431 3374 Missae
3453 3313 3609 3375 Con-

2076 3406 2375 3469 ventualis
2429 3414 2599 3489 urget
2651 3406 2958 3487 dispositio
2989 3406 3152 3467 Text.
3205 3410 3271 3467 in
3302 3427 3427 3487 cap.
3485 3427 3612 3468 eam

2078 3511 2344 3564 creatura
2368 3501 2761 3571 eodemmodo,
2791 3500 2900 3562 ibi:
2931 3510 2982 3560 et
3011 3520 3114 3579 pro
3141 3501 3275 3578 sesto
3299 3549 3316 3573 ‚
3338 3504 3425 3561 vel
3443 3503 3610 3578 seria,

2077 3595 2378 3656 secundina
2407 3605 2712 3675 temporam
2743 3596 3161 3673 conqraentiam
3183 3594 3499 3657 Missurum
3525 3616 3614 3657 so-

2086 3690 2327 3762 lemnia,
2356 3699 2408 3749 et
2437 3690 2878 3749 conventualiter
2920 3690 3199 3749 celebretis
3224 3736 3243 3760 ,
3293 3699 3345 3750 et
3390 3691 3618 3768 faciatis

2080 3784 2521 3845 conventualiter
2554 3783 2851 3843 celebrari.
3207 3807 3210 3810 ·

2199 3877 2413 3938 Actum
2462 3875 2578 3936 fuit
2624 3875 2699 3937 de
2739 3875 2852 3937 hoc
2896 3874 3172 3955 Episcopi
3223 3874 3620 3957 Anglonensis

2083 3967 2277 4030 edicto
2316 3968 2382 4029 in
2408 3967 2885 4050 congregatione
2917 3967 3126 4030 habita
3159 3969 3248 4028 die
3273 3972 3370 4028 24.
3403 3969 3623 4047 Aprilis

2088 4066 2263 4123 1723.
2297 4081 2407 4125 nec
2448 4060 2576 4124 ulla
2616 4061 2735 4124 suit
2773 4070 2943 4143 capta
2970 4060 3296 4134 resoluti03
3343 4061 3621 4122 nonnulli

2084 4156 2306 4224 etenim
2333 4174 2409 4218 ex
2433 4156 2552 4217 EE.
2585 4147 2702 4216 ΡΡ.
2728 4154 2976 4217 fuerunt
3006 4155 3069 4215 in
3097 4173 3296 4228 sensu,
3327 4155 3476 4216 nihil
3499 4174 3628 4228 esse

2086 4248 2719 4330 quoadobligationem
2730 4248 3164 4310 Canonieorum
3188 4248 3625 4322 innovandum,

2089 4351 2317 4406 attenta
2335 4343 2645 4405 ‘redituum
2675 4342 3014 4405 modicitate
3033 4387 3051 4415 ‚
3076 4350 3137 4404 et
3165 4349 3388 4405 attenta
3419 4362 3630 4423 perve-

2092 4445 2253 4500 tusta
2274 4436 2723 4511 consuetudine,
2756 4437 2980 4518 quibus
3003 4435 3500 4498 concurrentibus
3520 4438 3632 4498 cir-

2091 4531 2500 4604 cumstantiis,
2532 4530 2776 4592 tolerari
2800 4549 2969 4610 posse
2994 4529 3256 4602 videtur,
3288 4535 3500 4590 utnon
3534 4548 3632 4591 so-

2096 4623 2227 4686 lum
2279 4624 2559 4687 Canonici
2588 4667 2606 4697 ,
2639 4625 2978 4704 caeterique
3000 4643 3105 4704 per
3132 4625 3403 4684 Turnum
3441 4623 3634 4684 inser-

2099 4719 2272 4781 viant
2298 4766 2313 4789 ‚
2340 4717 2438 4779 sed
2468 4719 2649 4779 etiam
2693 4717 3002 4797 aliquibus
3029 4717 3193 4778 horis
3217 4762 3233 4789 ,
3263 4725 3321 4778 et
3353 4735 3471 4778 non
3498 4716 3637 4778 aliis

2096 4812 2411 4884 intersint,
2434 4812 2611 4893 juxta
2638 4810 2971 4872 doctrinam
3003 4812 3265 4888 cajetani
3299 4813 3363 4869 in
3391 4831 3634 4882 summa,

2096 4907 2259 4967 verbo
2290 4906 2456 4966 horae
2491 4907 2789 4966 canonicae
2807 4924 2965 4963 nam.
2990 4907 3086 4964 ss».
3117 4905 3286 4985 cujus
3304 4904 3639 4966 doctrinam

2098 4999 2371 5080 sequitur
2394 4997 2616 5059 Saarez
2639 4998 2703 5058 de
2725 4999 2908 5077 Reliq.
2936 5007 3065 5058 tom.
3093 5002 3152 5059 2.
3181 5000 3276 5058 lib.
3302 5002 3358 5058 4.
3384 5018 3508 5078 cap.
3539 5003 3638 5059 10.

2101 5112 2263 5152 num.
2297 5098 2356 5152 5.
2388 5091 2473 5153 ibi
2501 5112 2515 5152 ε
2548 5094 2700 5152 ratio
2731 5093 2940 5165 dictat,
2970 5102 3038 5151 at
3055 5094 3355 5154 minuatur
3378 5112 3518 5151 onas
3547 5093 3648 5150 abi

2101 5186 2442 5264 stipendium
2473 5186 2854 5244 tenuissimum
2878 5194 2986 5256 est,
3015 5192 3388 5264 cwm'semper
3419 5195 3644 5245 maneat

2104 5278 2373 5356 obliqatio
2397 5280 2547 5338 alias
2569 5279 2788 5339 dicmdi
2809 5279 3047 5358 officium
3069 5281 3371 5357 imapum,
3398 5289 3448 5339 et
3467 5281 3647 5336 inser:-

2102 5372 2291 5431 viendi
2318 5370 2601 5432 Ecclesiae
2633 5373 2698 5431 in
2723 5372 2859 5434 aliis
2883 5374 3141 5432 oneribus
3153 5393 3176 5439 ,·
3202 5371 3320 5432 Alii
3366 5391 3401 5433 e
3438 5380 3647 5434 centra

489 5484 651 5538 ctum
684 5478 770 5533 est
794 5514 814 5545 ,
856 5461 1181 5532 Dominicis
1202 5508 1219 5532 ‚
1250 5457 1530 5539 festisque
1559 5457 1770 5520 diebus
1798 5478 2009 5530 omnes,
2110 5483 2185 5528 ex
2217 5464 2719 5529 Eminentissimis
2751 5467 2866 5532 PP.
2896 5466 3364 5539 existimarunt,
3405 5466 3645 5529 tolerari
