4393 6299
993 521 1102 576 456

810 673 1181 738 Matrimonii
1213 676 1351 749 rati,
1380 683 1437 736 et
1468 693 1587 734 non
1615 673 2034 744 consummati,
2068 681 2178 734 eta
2205 673 2354 733 San·

807 769 1013 833 ctitate
1051 769 1171 832 Sua
1215 788 1415 850 preces
1461 767 1705 831 fuerunt
1744 767 2027 829 remissae
2070 768 2147 830 ad
2194 766 2352 828 hanc

808 863 1050 927 Sacram
1081 862 1613 944 congregationem
1638 907 1658 935 ,
1700 860 1975 941 datisque
2009 864 2187 941 juxta
2225 879 2352 922 mo-

805 977 936 1020 rem
959 957 1172 1020 litteris
1197 958 1273 1019 ad
1297 956 1656 1037 Episcopum
1682 954 2036 1017 Tirasonen.
2072 964 2136 1016 ut
2159 953 2350 1016 infor-

808 1060 1035 1124 maret,
1065 1061 1124 1114 et
1156 1051 1478 1114 {erminum
1512 1052 1754 1133 utrique
1784 1049 1945 1113 Parti
1994 1050 2348 1130 praefigeret

805 1148 884 1209 ad
911 1165 1018 1208 sua
1032 1147 1175 1227 jura
1204 1146 1548 1209 deducenda
1574 1146 1640 1207 in
1669 1146 1778 1207 hac
1796 1146 1976 1208 Sacra
2010 1146 2349 1226 Congrega-

805 1240 987 1310 tione,
1010 1238 1332 1319 adimpleta
1351 1239 1597 1300 fuerunt
1616 1240 1696 1300 ab
1719 1239 2009 1319 Episcopo
2029 1260 2096 1301 ea
2119 1239 2346 1312 omnia,

803 1351 960 1413 quae
997 1332 1312 1412 adimpleri
1359 1333 1657 1394 debebant
1684 1378 1701 1406 ‚
1748 1352 2009 1414 cumque
2053 1342 2118 1395 ut
2162 1333 2351 1413 magis

802 1425 1154 1488 instructam
1183 1426 1456 1489 redderet
1477 1426 1631 1491 hanc
1659 1428 1902 1489 Sacram
1932 1428 2348 1509 Congregatio-

799 1540 960 1590 nem,
986 1521 1234 1583 servatis
1250 1522 1560 1584 servandis
1588 1520 2084 1584 Marchionissam
2101 1522 2349 1603 jusserit

799 1615 865 1678 in
884 1616 1108 1679 Balneo
1130 1617 1335 1696 reponi
1355 1618 1531 1698 juxta
1560 1617 1853 1680 cautelam
1878 1617 2192 1679 Hostiensis
2211 1622 2275 1678 in
2294 1639 2343 1678 c.

797 1731 1028 1773 causam
1049 1714 1299 1771 matrim.
1326 1731 1484 1771 num.
1519 1715 1577 1772 4.
1602 1712 1667 1772 de
1684 1713 2104 1790 probationibus
2122 1761 2137 1782 ,
2163 1732 2346 1792 quam

794 1806 974 1868 etiam
999 1806 1216 1868 caeteri
1245 1806 1431 1868 secuti
1475 1815 1616 1868 sunt
1646 1807 1831 1868 Abbas
1857 1809 1921 1867 in
1953 1826 2078 1884 cap.
2113 1807 2344 1868 Frater-

795 1901 994 1961 nitatis
1017 1920 1176 1959 num.
1205 1902 1265 1960 t.
1303 1901 1370 1961 de
1395 1900 1626 1978 sriqidis
1654 1947 1670 1970 ‚
1695 1912 1745 1961 et
1779 1900 2163 1981 maleficiatis‚
2191 1901 2348 1962 San-

797 1995 928 2055 cbez
973 1995 1038 2054 de
1075 1996 1325 2055 matrim.
1362 1996 1461 2054 lib.
1505 2000 1566 2056 7.
1616 1995 1829 2074 disput.
1870 1999 2005 2057 113.
2039 2016 2200 2058 num.
2246 2001 2342 2058 11.

798 2086 1091 2148 Panimol.
1124 2089 1290 2149 decis.
1321 2093 1419 2149 51.
1450 2090 1643 2150 adnot.
1671 2091 1866 2169 prima
1885 2110 1947 2150 n.
1975 2096 2035 2153 8.
2068 2091 2216 2153 Rota
2252 2093 2346 2152 de·

799 2184 901 2244 cis.
931 2186 1066 2243 392.
1100 2183 1204 2243 sub
1231 2201 1390 2243 num.
1426 2187 1521 2244 16.
1549 2203 1678 2264 par.
1707 2186 1766 2244 4.
1797 2194 1929 2244 tom.
1962 2189 2022 2245 2.
2050 2194 2257 2246 recent.
2295 2195 2348 2246 et

798 2275 964 2337 decis.
997 2280 1092 2336 10.
1118 2286 1170 2337 et
1206 2279 1299 2338 11.
1326 2287 1449 2357 post
1481 2275 1659 2339 Card.
1684 2278 1749 2338 de
1772 2276 1931 2340 luca
1950 2279 2027 2340 ad
2048 2280 2347 2340 materiam

794 2369 859 2429 de
895 2370 1148 2431 matrim.
1188 2378 1319 2430 tom.
1364 2374 1425 2430 2.
1469 2378 1530 2432 et
1574 2368 1977 2433 referentibus
2004 2371 2342 2434 obstetrici-

787 2461 908 2524 bus
931 2506 951 2535 ,
993 2463 1156 2542 quod
1184 2462 1395 2526 eadem
1416 2464 1641 2526 intacta
1680 2472 1916 2544 reperta
1943 2464 2061 2537 sit,
2094 2465 2346 2546 perinde

792 2572 864 2618 ac
888 2555 937 2618 si
965 2563 1117 2618 esset
1147 2556 1354 2620 Puella
1395 2577 1612 2620 novem
1653 2577 1954 2621 annorum
1980 2605 1997 2633 ‚
2029 2559 2344 2641 disputan-

791 2649 937 2711 dum
958 2649 1021 2711 in
1046 2651 1341 2731 praesenti
1362 2653 1718 2732 proponitur
1738 2652 1993 2714 dubium
2019 2653 2095 2715 ad
2121 2653 2341 2716 calcem

795 2742 979 2825 hujus
1007 2747 1332 2808 Restrictus
1361 2745 1763 2809 referendum.

908 2837 1119 2912 Quoad
1144 2839 1374 2900 Summi
1402 2839 1706 2901 pontificis
1727 2840 1788 2900 iu
1820 2839 2201 2903 dissolvendo
2220 2842 2339 2904 Ma·

792 2929 1076 2992 trimonio
1099 2942 1229 2994 rato
1251 2980 1268 3002 ,
1297 2939 1356 2994 et
1383 2951 1499 2993 non
1529 2941 1940 2994 consummato
1966 2941 2337 3014 potestatem,

790 3023 960 3086 nulla
978 3027 1152 3107 juxta
1175 3026 1494 3098 veriorem,
1520 3035 1578 3087 et
1602 3026 1661 3086 in
1689 3028 1861 3106 praxi
1887 3038 2180 3107 receptam
2212 3048 2339 3089 sen·

793 3118 1041 3184 tentiam
1070 3120 1307 3183 videtur
1335 3139 1461 3182 esse
1489 3139 1657 3200 posse
1678 3120 2018 3195 difficultas;
2051 3123 2339 3203 quemad·

791 3213 1035 3275 modum
1062 3215 1244 3277 etiam
1271 3223 1502 3277 certum
1529 3234 1654 3276 esse
1691 3216 1928 3277 videtur
1947 3261 1963 3289 ‚
1995 3216 2159 3298 qnod
2191 3237 2336 3280 con-

788 3316 1067 3370 currente
1108 3307 1375 3391 legitima
1418 3308 1771 3388 probatione
1804 3329 1924 3371 non
1955 3330 2336 3376 consumma-

790 3402 1003 3476 tionis,
1048 3403 1135 3464 nti
1170 3412 1367 3484 potoet
1393 3403 1676 3465 Summus
1719 3404 1995 3466 Pontifex
2035 3405 2191 3468 dicta
2230 3426 2335 3487 po-

796 3502 1002 3556 testate
1022 3540 1039 3566 ,
1070 3495 1299 3557 etiamsi
1336 3497 1504 3576 prius
1530 3505 1731 3559 actum
1758 3497 1941 3560 suerit
1959 3500 2332 3581 judicialiter

792 3587 866 3649 de
903 3588 1176 3651 nullitate
1206 3590 1575 3651 Matrimonii
1605 3610 1678 3656 ex
1703 3592 1897 3671 capite
1917 3592 2331 3673 impotentiae,

791 3691 849 3743 et
870 3686 1047 3744 etiam
1075 3682 1127 3744 si
1160 3684 1254 3746 vir
1278 3683 1654 3747 dissolutioni
1678 3686 1922 3748 obsistat
1951 3733 1968 3758 ,
2006 3688 2334 3751 dummodo

788 3781 918 3857 ejus
961 3777 1291 3840 resistentia
1318 3779 1394 3840 sit
1440 3779 1876 3841 irrationabilis
1902 3826 1919 3854 ‚
1949 3782 2037 3843 uti
2082 3783 2333 3846 materia

785 3870 1059 3933 funditus
1079 3874 1443 3944 examinata,
1469 3873 1796 3934 admissum
1822 3873 1937 3936 suit
1960 3876 2137 3938 annis
2161 3896 2331 3956 prae-

785 3965 976 4026 teritis
1012 3965 1074 4026 in
1115 3961 1335 4029 celebri
1382 3986 1558 4029 causa
1598 3967 1859 4030 Januen.
1907 3970 2329 4046 Matrimonii,

782 4058 938 4122 itaut
961 4059 1277 4123 difficultas
1302 4062 1493 4142 redigi
1526 4061 1799 4123 videatur
1829 4063 1904 4125 ad
1951 4083 2190 4126 causam
2235 4065 2329 4127 di·

784 4153 1177 4234 sponsationis
1196 4202 1214 4229 ,
1246 4175 1384 4218 cum
1408 4155 1552 4217 haec
1581 4155 1798 4218 debeat
1822 4175 1947 4219 esse
1976 4177 2188 4239 magna
2215 4205 2233 4233 ,
2273 4168 2335 4222 et

783 4265 1002 4328 urgens
1028 4294 1046 4319 ‚
1074 4254 1134 4309 et
1158 4247 1397 4327 publica
1424 4293 1441 4321 ‚
1472 4249 1568 4310 vel
1601 4268 1709 4330 per
1734 4268 1799 4311 se
1820 4294 1837 4320 ‚
1874 4249 1969 4312 vel
2001 4252 2324 4314 reductive.

902 4341 970 4401 In
996 4339 1210 4402 litteris
1243 4341 1582 4422 apostolicis
1629 4363 1765 4407 san.
1798 4363 1976 4406 mem.
2008 4345 2331 4409 Clementis

782 4433 894 4496 XI.
922 4434 1214 4514 expeditis
1243 4436 1308 4497 in
1337 4435 1494 4498 dicta
1515 4456 1692 4500 causa
1720 4438 1980 4501 Januen.
2017 4440 2332 4502 Matrimo-

781 4528 869 4589 nii
903 4529 1002 4591 die
1025 4536 1083 4591 6.
1123 4530 1326 4593 Martii
1360 4535 1534 4593 1720.
1583 4531 1968 4596 cohaerenter
1990 4535 2066 4597 ad
2101 4535 2330 4597 resolu-

781 4624 1002 4685 tionem
1019 4624 1198 4708 hujus
1219 4626 1349 4687 Sac-
1365 4626 1856 4708 Congregationis
1875 4646 2053 4691 causa
2074 4647 2330 4709 sequen·

779 4717 943 4779 tibus
964 4720 1161 4781 verbis
1179 4719 1536 4798 exponitur:
1567 4741 1694 4780 cum
1719 4732 1928 4794 autem,
1953 4724 2124 4783 sicuti
2141 4723 2329 4784 eadem

780 4816 1054 4892 expositio
1082 4816 1473 4893 subjunqebat,
1498 4817 1615 4875 nisi
1642 4816 1854 4876 dictum
1882 4815 2328 4879 Matrimonium

781 4911 1119 4968 auctoritate
1150 4920 1347 4970 nostra
1380 4909 1705 4987 Apostolica
1732 4897 2093 4981 dissolvatur,
2127 4911 2328 4990 diffici-

783 5005 879 5075 les,
910 5021 976 5062 ac
1004 5005 1253 5081 infelices
1309 5004 1641 5065 habiturum
1668 5006 1743 5064 sit
1769 5007 1980 5076 exitus,
2010 5007 2322 5083 auctisque,

781 5116 849 5156 ac
872 5098 1375 5157 recrudescentibus
1404 5116 1517 5156 non
1540 5098 1727 5157 minus
1744 5099 1895 5158 inter
1920 5100 2066 5177 ipsos
2092 5107 2326 5159 assertos

779 5191 1058 5269 conjuqes,
1096 5210 1268 5268 quam
1299 5191 1450 5250 inter
1479 5199 1559 5250 tot
1582 5193 1895 5269 primarias
1924 5210 2114 5251 eorum
2141 5210 2324 5271 respe-

1998 520 2440 588 QUAEsTtoNEs
2476 519 2829 574 CANONJCAE

2460 674 2908 748 dissensionibus,
2928 692 3043 733 non
3066 681 3288 734 tantum
3303 672 3554 751 privata,
3582 669 3675 732 scd
3690 678 3742 731 et
3759 670 3988 750 publica

2456 769 2800 831 incommoda
2823 814 2843 843 ,
2893 769 3123 847 aliaque
3175 767 3330 828 mala
3354 811 3371 839 ‚
3419 785 3547 828 cum
3590 784 3705 826 non
3729 767 3997 828 mediocri

2459 864 2766 942 tranquilli
2785 872 2965 925 status
2989 863 3168 943 ipsius
3197 861 3554 941 Reipublicae
3571 861 3997 941 perturbatione

2457 958 2645 1017 timeri
2688 959 2920 1037 possint,
2970 956 3432 1035 quemadmodum
3477 957 3726 1036 plerique
3755 974 3831 1017 ex
3856 958 3995 1037 ipsis

2461 1049 2851 1123 senatoribus,
2871 1062 2923 1113 et
2947 1051 3214 1114 Patritiis
3241 1051 3621 1112 Januensibus
3637 1051 3768 1129 jure
3787 1051 3996 1128 juran-

2456 1146 2524 1205 do
2544 1147 2836 1207 contestati
2860 1146 3127 1225 suerunt:
3156 1144 3374 1223 Hisque
3396 1146 3565 1207 etiam
3581 1145 3827 1214 accedat,
3847 1145 3997 1223 quod

2457 1240 2764 1317 pristinum
2790 1258 2960 1319 super
3013 1249 3306 1320 praetensa
3330 1239 3600 1300 nullitate
3624 1237 3996 1298 Matrimonii

2459 1336 2788 1394 institutum
2806 1334 3095 1412 judicium
3114 1333 3416 1394 secundum
3420 1332 3578 1410 juris
3601 1334 3851 1394 tramites
3873 1352 4001 1394 con·

2460 1431 2683 1490 tinuari
2704 1473 2721 1502 ,
2754 1449 2822 1491 ac
2873 1430 3169 1491 terminari
3200 1430 3327 1500 vix,
3377 1437 3479 1489 aut
3520 1446 3589 1486 ne
3617 1428 3722 1486 vix
3767 1426 3992 1504 quidem

2452 1535 2653 1603 posset,
2677 1543 2736 1585 eo
2765 1525 2901 1601 quia
2932 1531 3202 1584 asserente
3239 1523 3385 1583 dicto
3413 1520 3636 1583 Ioanne
3679 1520 3886 1583 Jacobo
3938 1538 3996 1581 sc

2459 1618 2829 1678 Matrimonii
2848 1616 3272 1679 consummandi
3299 1625 3567 1696 potentem
3595 1616 3854 1687 existere,
3905 1633 3996 1675 ca·

2454 1714 2717 1772 nonicum
2745 1732 2917 1775 novae
2943 1712 3374 1773 cohabitationis
3395 1711 3835 1791 experimentum
3857 1709 4000 1787 foret

2454 1806 2829 1867 adhibendum
2846 1854 2862 1877 ,
2887 1826 2923 1868 a
2951 1826 3061 1885 quo
3097 1817 3283 1867 tamen
3309 1805 3497 1866 eadem
3528 1804 3701 1864 Anna
3740 1803 3950 1866 Maria
3977 1847 3999 1877 ,

2457 1910 2578 1961 tum
2609 1911 2834 1982 propter
2857 1902 3109 1963 acerbam
3133 1903 3455 1962 animorum
3502 1898 3996 1972 exulcerationem,

2457 2007 2574 2054 tum
2593 2006 2820 2075 propter
2839 1996 2950 2057 sibi
2960 2007 3172 2057 certum
3193 1995 3555 2055 conscientiae
3578 1992 4002 2069 labefactandae

2452 2093 2790 2169 periculum,
2822 2110 2888 2151 ac
2936 2100 3193 2152 aeternae
3226 2090 3429 2150 salutis
3482 2088 3782 2147 discrimen
3828 2088 3999 2166 plane

2457 2185 2714 2245 abhorret
2738 2229 2756 2256 ,
2820 2186 2978 2262 eique
3003 2203 3298 2262 nunquam
3341 2201 3397 2244 se
3439 2199 3832 2243 consensuram
3877 2181 3998 2257 sore

2452 2288 2766 2339 constanter
2805 2287 3145 2357 protestetur
3197 2286 3300 2337 etc.
3321 2322 3339 2347 ,
3385 2294 3487 2334 nos
3515 2276 3698 2352 iqitur
3725 2274 3998 2354 praefatis
4089 2318 4116 2332 2

2451 2373 2639 2449 justis,
2664 2381 2714 2432 et
2743 2372 3183 2433 rationabilibus
3209 2388 3285 2431 ex
3305 2371 3493 2431 causis
3518 2368 3752 2430 adducti
3771 2378 3873 2430 etc.

2573 2467 2641 2527 In
2678 2465 3109 2535 Matrimonio,
3142 2464 3217 2526 de
3263 2481 3386 2544 qua
3429 2482 3592 2524 nunc
3638 2464 3840 2544 agitur
3886 2480 3998 2544 pro

2454 2557 3005 2645 ejus⁴dissolutione
3053 2557 3388 2619 afferuntur
3418 2554 3723 2629 scandala,
3763 2554 3991 2637 Jnrgia,

2452 2666 2511 2717 et
2555 2653 2951 2716 dissensiones
2985 2651 3143 2714 inter
3192 2651 3497 2733 conjuges,
3526 2657 3819 2712 eteorum
3849 2668 3990 2730 pro-

2455 2748 2742 2827 pinques.
2777 2747 2809 2807 J
2816 2765 2926 2808 ura
2950 2743 3482 2820 circumferuntur,
3510 2744 3792 2825 quocirca
3814 2762 3996 2825 quae—

2454 2843 2610 2903 ritur
2626 2883 2643 2900 .

2567 2933 2661 2993 An
2688 2935 2761 2993 sit
2787 2931 3159 2994 Sanctissimo
3196 2931 3438 2991 Domino
3462 2929 3672 2992 Nostro
3694 2932 3993 2992 consilium

2445 3028 2852 3108 praestandum
2893 3046 2995 3106 pro
3023 3026 3434 3104 dispensatione
3459 3024 3808 3088 Matrimoni
3828 3026 3989 3099 rati,

2448 3132 2497 3183 et
2526 3141 2640 3182 non
2659 3121 3026 3182 consummati
3053 3120 3116 3180 in
3136 3138 3272 3180 casu
3294 3127 3395 3180 etc.

2565 3218 2634 3278 In
2668 3215 2779 3278 bac
2827 3212 3299 3295 congregatione
3328 3209 3535 3276 habita
3589 3211 3688 3273 die
3735 3215 3830 3272 18.
3884 3209 3990 3272 Se-

2448 3310 2735 3390 ptembris
2764 3308 3189 3370 demandatum
3221 3305 3336 3367 fuit
3355 3351 3371 3377 ‚
3424 3312 3493 3367 ut
3520 3305 3778 3367 dubium
3809 3303 3992 3386 hujus

2445 3423 2658 3465 causae
2683 3401 3113 3464 reformaretur
3137 3423 3154 3472 3
3189 3399 3305 3462 fuit
3322 3399 3436 3462 hoc
3461 3397 3798 3461 executioni
3818 3417 3989 3460 man·-

2444 3498 2684 3572 datum;
2712 3496 2996 3577 quocirca
3021 3494 3338 3575 quaeritur
3371 3516 3385 3553 :

2560 3591 2655 3651 An
2679 3594 2754 3651 sit
2781 3592 2930 3653 locus
2959 3590 3318 3650 dissolutioni
3338 3587 3710 3650 Matrimonii
3737 3588 3800 3645 in
3826 3605 3984 3659 casu,

2442 3689 2528 3747 vel
2569 3688 2756 3766 potius
2780 3683 3152 3745 Sanctissimo
3184 3681 3421 3742 Domino
3447 3679 3657 3743 Nostro
3688 3681 3989 3741 eonsilium

2439 3780 2839 3860 praestandum
2883 3781 2958 3839 sit
2985 3797 3090 3858 pro
3122 3778 3530 3857 dispensatione
3557 3775 3800 3854 ejusdem
3856 3784 3988 3836 tan-

2441 3894 2613 3953 quam
2636 3875 2778 3947 rati,
2807 3884 2858 3934 et
2887 3892 3001 3933 non
3035 3872 3407 3934 consummati
3438 3871 3503 3931 in
3523 3888 3660 3931 casu
3690 3878 3794 3931 etc.

2546 4066 2698 4118 Socra
2729 4065 2926 4132 congr.
2960 4063 3047 4116 die
3077 4061 3129 4113 2.
3158 4060 3409 4116 Octobris
3438 4058 3602 4112 1723.
3634 4056 3949 4128 respondit:

2620 4153 2755 4207 Esse
2777 4153 2957 4205 locum
2982 4148 3332 4205 dissolutioni
3353 4146 3729 4201 Matrimonii.

2894 4342 3253 4419 QUAESTIO
3302 4340 3511 4404 CCCL.

2437 4531 2509 4592 In
2527 4530 2719 4595 Causa
2737 4531 3176 4601 Mediolanensi,
3201 4530 3291 4591 die
3320 4533 3415 4592 18.
3433 4525 3774 4609 Septembris
3797 4526 3973 4586 1723.

2436 4666 2997 4782 Eminentissimus
3044 4716 3538 4797 Archiepiscopus
3566 4711 3971 4775 Mediolanen.

2434 4813 2532 4874 die
2557 4817 2615 4875 t.
2666 4813 2916 4894 Au'gusti
2947 4810 3245 4873 currentis
3272 4809 3415 4871 anni
3444 4816 3792 4888 sequentem
3819 4801 3969 4865 scri·

2433 4906 2551 4986 psit
2575 4907 2885 4987 epistolam
2916 4905 3060 4967 huic
3086 4905 3217 4967 Sac.
3244 4899 3699 4984 Congregationi
3727 4941 3745 4959 .

2552 4998 2797 5060 Parachi
2827 5001 2996 5078 hujus
3016 4998 3399 5061 Mediolanen.
3432 4995 3705 5055 Dioecesis
3747 4990 3970 5071 praeci-

2427 5115 2537 5177 pue
2561 5096 2679 5164 illi,
2721 5098 2823 5173 qui
2844 5103 3113 5175 praesunt
3155 5092 3422 5153 Ecclesiis
3458 5092 3522 5150 in
3561 5086 3866 5154 montanis,
3914 5092 3968 5142 et

2430 5190 2698 5259 vallibus,
2735 5208 3024 5249 recursum
3045 5188 3362 5249 habuerunt
3401 5203 3561 5265 penes
3608 5200 3716 5254 me,
3746 5177 3969 5258 siquifi-

782 5288 923 5346 etice
945 5287 1397 5365 propinquorum
1441 5285 1697 5362 familias
1727 5287 1793 5345 in
1846 5283 2092 5347 Ciuitate
2144 5286 2323 5346 libera
2430 5293 2614 5345 cantes
2636 5283 3061 5364 quamplurima
3078 5281 3370 5352 scandala,
3394 5297 3536 5357 quae
3555 5277 3620 5336 in
3639 5275 3753 5334 dies
3774 5273 3971 5332 orium

780 5379 1048 5456 amentes,
1086 5397 1152 5438 ac
1179 5379 1245 5437 in
1267 5387 1485 5457 partem
1528 5378 1796 5457 reqendae
1825 5377 2184 5459 Reipublicae
2210 5377 2322 5440 Ja-

2432 5388 2528 5439 tur
2556 5397 2631 5440 ex
2655 5378 3003 5458 sponsalibus
3032 5376 3354 5442 contractis,
3384 5373 3565 5432 dilato
3606 5363 3968 5433 matrimonio

784 5474 983 5538 nuensi
1002 5472 1340 5553 adscriptas,
1363 5473 1490 5552 jam
1521 5473 1650 5534 inde
1672 5475 1853 5535 enatis
1894 5474 2236 5544 inimicitiis,
2267 5482 2319 5533 et
2429 5490 2543 5533 non
2570 5473 2751 5533 solum
2775 5490 2875 5552 per
2901 5488 3137 5539 mensu,
3191 5485 3382 5529 cerum
3427 5465 3598 5526 etiam
3649 5461 3726 5524 ad
3773 5459 3964 5541 plures
