<?xml version="1.0" encoding="UTF-8"?>
<!DOCTYPE html PUBLIC "-//W3C//DTD XHTML 1.0 Transitional//EN"
    "http://www.w3.org/TR/xhtml1/DTD/xhtml1-transitional.dtd">
<html xmlns="http://www.w3.org/1999/xhtml" xml:lang="en" lang="en">
 <head>
  <title>
</title>
<meta http-equiv="Content-Type" content="text/html;charset=utf-8" />
  <meta name='ocr-system' content='tesseract 3.04.00' />
  <meta name='ocr-capabilities' content='ocr_page ocr_carea ocr_par ocr_line ocrx_word'/>
</head>
<body>
  <div class='ocr_page' id='page_1' title='image "benedictixivpon01xivgoog_0230.png"; bbox 0 0 4393 6299; ppageno 0'>
   <div class='ocr_carea' id='block_1_1' title="bbox 943 422 1049 474">
    <p class='ocr_par' dir='ltr' id='par_1_1' title="bbox 943 422 1049 474">
     <span class='ocr_line' id='line_1_1' title="bbox 943 422 1049 474; baseline 0 0"><span class='ocrx_word' id='word_1_1' title='bbox 943 422 1049 474; x_wconf 74' lang='lat'><strong>222</strong></span> 
     </span>
    </p>
   </div>
   <div class='ocr_carea' id='block_1_2' title="bbox 704 576 2319 5435">
    <p class='ocr_par' dir='ltr' id='par_1_2' title="bbox 704 576 2319 4584">
     <span class='ocr_line' id='line_1_2' title="bbox 772 576 2317 658; baseline -0.004 -20"><span class='ocrx_word' id='word_1_2' title='bbox 772 597 869 640; x_wconf 86' lang='lat' dir='ltr'><strong>ma</strong></span> <span class='ocrx_word' id='word_1_3' title='bbox 892 577 1100 643; x_wconf 75' lang='lat' dir='ltr'><strong>Brevis</strong></span> <span class='ocrx_word' id='word_1_4' title='bbox 1125 576 1451 658; x_wconf 85' lang='lat' dir='ltr'><strong>expeditis:</strong></span> <span class='ocrx_word' id='word_1_5' title='bbox 1475 587 1527 637; x_wconf 89' lang='lat' dir='ltr'><strong>et</strong></span> <span class='ocrx_word' id='word_1_6' title='bbox 1554 578 1784 657; x_wconf 83' lang='lat' dir='ltr'><strong>insuper</strong></span> <span class='ocrx_word' id='word_1_7' title='bbox 1802 576 2018 636; x_wconf 85' lang='lat' dir='ltr'><strong>dilectis</strong></span> <span class='ocrx_word' id='word_1_8' title='bbox 2042 576 2182 655; x_wconf 77' lang='lat' dir='ltr'><strong>filiis</strong></span> <span class='ocrx_word' id='word_1_9' title='bbox 2203 593 2317 633; x_wconf 85' lang='lat' dir='ltr'><strong>mo·</strong></span> 
     </span>
     <span class='ocr_line' id='line_1_3' title="bbox 772 668 2315 751; baseline -0.003 -19"><span class='ocrx_word' id='word_1_10' title='bbox 772 674 992 745; x_wconf 73' lang='lat' dir='ltr'><strong>deritis,</strong></span> <span class='ocrx_word' id='word_1_11' title='bbox 1020 682 1072 732; x_wconf 88' lang='lat' dir='ltr'><strong>et</strong></span> <span class='ocrx_word' id='word_1_12' title='bbox 1099 691 1204 751; x_wconf 87' lang='lat' dir='ltr'><strong>pro</strong></span> <span class='ocrx_word' id='word_1_13' title='bbox 1232 683 1466 751; x_wconf 88' lang='lat' dir='ltr'><strong>tempore</strong></span> <span class='ocrx_word' id='word_1_14' title='bbox 1500 669 1865 730; x_wconf 76' lang='lat' dir='ltr'><strong>eoeistentibus</strong></span> <span class='ocrx_word' id='word_1_15' title='bbox 1905 669 2083 749; x_wconf 86' lang='lat' dir='ltr'><strong>ipsius</strong></span> <span class='ocrx_word' id='word_1_16' title='bbox 2111 668 2315 728; x_wconf 87' lang='lat' dir='ltr'><strong>Eccle-</strong></span> 
     </span>
     <span class='ocr_line' id='line_1_4' title="bbox 768 761 2314 843; baseline -0.003 -17"><span class='ocrx_word' id='word_1_17' title='bbox 768 769 885 827; x_wconf 89' lang='lat' dir='ltr'><strong>siae</strong></span> <span class='ocrx_word' id='word_1_18' title='bbox 931 764 1000 826; x_wconf 89' lang='lat' dir='ltr'><strong>S.</strong></span> <span class='ocrx_word' id='word_1_19' title='bbox 1054 764 1235 826; x_wconf 86' lang='lat' dir='ltr'><strong>Pauli</strong></span> <span class='ocrx_word' id='word_1_20' title='bbox 1271 764 1494 825; x_wconf 84' lang='lat' dir='ltr'><strong>Rectori</strong></span> <span class='ocrx_word' id='word_1_21' title='bbox 1543 763 1900 843; x_wconf 74' lang='lat' dir='ltr'><strong><em>Presbytero,</em></strong></span> <span class='ocrx_word' id='word_1_22' title='bbox 1948 761 1995 822; x_wconf 93' lang='lat' dir='ltr'><em>C</em></span> <span class='ocrx_word' id='word_1_23' title='bbox 2000 764 2184 824; x_wconf 88' lang='lat' dir='ltr'><strong>lericis</strong></span> <span class='ocrx_word' id='word_1_24' title='bbox 2209 807 2225 835; x_wconf 93' lang='lat'><strong>,</strong></span> <span class='ocrx_word' id='word_1_25' title='bbox 2263 772 2314 821; x_wconf 88' lang='lat' dir='ltr'><strong>et</strong></span> 
     </span>
     <span class='ocr_line' id='line_1_5' title="bbox 767 858 2313 939; baseline -0.004 -18"><span class='ocrx_word' id='word_1_26' title='bbox 767 863 903 921; x_wconf 88' lang='lat' dir='ltr'><strong>aliis</strong></span> <span class='ocrx_word' id='word_1_27' title='bbox 932 859 1192 920; x_wconf 89' lang='lat' dir='ltr'><strong>Personis</strong></span> <span class='ocrx_word' id='word_1_28' title='bbox 1218 859 1629 919; x_wconf 84' lang='lat' dir='ltr'><strong>Ecclesiasticis</strong></span> <span class='ocrx_word' id='word_1_29' title='bbox 1650 903 1666 929; x_wconf 97' lang='lat'><strong>,</strong></span> <span class='ocrx_word' id='word_1_30' title='bbox 1694 870 1757 916; x_wconf 85' lang='lat' dir='ltr'><strong>ut</strong></span> <span class='ocrx_word' id='word_1_31' title='bbox 1790 860 2036 939; x_wconf 78' lang='lat' dir='ltr'><strong>deinceps</strong></span> <span class='ocrx_word' id='word_1_32' title='bbox 2065 858 2313 919; x_wconf 87' lang='lat' dir='ltr'><strong>Missam</strong></span> 
     </span>
     <span class='ocr_line' id='line_1_6' title="bbox 769 950 2317 1030; baseline -0.003 -15"><span class='ocrx_word' id='word_1_33' title='bbox 769 953 1114 1022; x_wconf 86' lang='lat' dir='ltr'><strong>Solemnem,</strong></span> <span class='ocrx_word' id='word_1_34' title='bbox 1158 954 1386 1030; x_wconf 84' lang='lat' dir='ltr'><strong>aliaque</strong></span> <span class='ocrx_word' id='word_1_35' title='bbox 1428 951 1639 1012; x_wconf 85' lang='lat' dir='ltr'><strong>Divina</strong></span> <span class='ocrx_word' id='word_1_36' title='bbox 1682 950 1915 1030; x_wconf 81' lang='lat' dir='ltr'><strong>Officia,</strong></span> <span class='ocrx_word' id='word_1_37' title='bbox 1949 971 2091 1029; x_wconf 85' lang='lat' dir='ltr'><strong>quae</strong></span> <span class='ocrx_word' id='word_1_38' title='bbox 2132 951 2317 1011; x_wconf 83' lang='lat' dir='ltr'><strong>media</strong></span> 
     </span>
     <span class='ocr_line' id='line_1_7' title="bbox 769 1045 2319 1112; baseline -0.002 -3"><span class='ocrx_word' id='word_1_39' title='bbox 769 1058 925 1109; x_wconf 84' lang='lat' dir='ltr'><strong>nocte</strong></span> <span class='ocrx_word' id='word_1_40' title='bbox 950 1047 1292 1112; x_wconf 85' lang='lat' dir='ltr'><strong>Festivitatis</strong></span> <span class='ocrx_word' id='word_1_41' title='bbox 1320 1045 1663 1107; x_wconf 71' lang='lat' dir='ltr'><strong>Nativitatis</strong></span> <span class='ocrx_word' id='word_1_42' title='bbox 1695 1046 1925 1106; x_wconf 86' lang='lat' dir='ltr'><strong>Domini</strong></span> <span class='ocrx_word' id='word_1_43' title='bbox 1949 1045 2153 1107; x_wconf 86' lang='lat' dir='ltr'><strong>Nostri</strong></span> <span class='ocrx_word' id='word_1_44' title='bbox 2178 1045 2319 1106; x_wconf 82' lang='lat' dir='ltr'><strong>Jesu</strong></span> 
     </span>
     <span class='ocr_line' id='line_1_8' title="bbox 772 1140 2316 1221; baseline -0.001 -20"><span class='ocrx_word' id='word_1_45' title='bbox 772 1140 990 1202; x_wconf 78' lang='lat' dir='ltr'><strong>Christi</strong></span> <span class='ocrx_word' id='word_1_46' title='bbox 1032 1142 1303 1201; x_wconf 85' lang='lat' dir='ltr'><strong>celebrari</strong></span> <span class='ocrx_word' id='word_1_47' title='bbox 1336 1153 1766 1211; x_wconf 77' lang='lat' dir='ltr'><strong>consueverunt,</strong></span> <span class='ocrx_word' id='word_1_48' title='bbox 1798 1143 1995 1201; x_wconf 88' lang='lat' dir='ltr'><strong>statim</strong></span> <span class='ocrx_word' id='word_1_49' title='bbox 2037 1152 2157 1220; x_wconf 87' lang='lat' dir='ltr'><strong>post</strong></span> <span class='ocrx_word' id='word_1_50' title='bbox 2188 1142 2316 1221; x_wconf 86' lang='lat' dir='ltr'><strong>pri-</strong></span> 
     </span>
     <span class='ocr_line' id='line_1_9' title="bbox 766 1233 2319 1312; baseline -0.001 -17"><span class='ocrx_word' id='word_1_51' title='bbox 766 1254 919 1295; x_wconf 81' lang='lat' dir='ltr'><strong>mam</strong></span> <span class='ocrx_word' id='word_1_52' title='bbox 944 1235 1142 1295; x_wconf 82' lang='lat' dir='ltr'><strong>horam</strong></span> <span class='ocrx_word' id='word_1_53' title='bbox 1166 1235 1343 1294; x_wconf 84' lang='lat' dir='ltr'><strong>noctis</strong></span> <span class='ocrx_word' id='word_1_54' title='bbox 1369 1235 1598 1311; x_wconf 77' lang='lat' dir='ltr'><strong>ciqiliae</strong></span> <span class='ocrx_word' id='word_1_55' title='bbox 1622 1233 1964 1294; x_wconf 80' lang='lat' dir='ltr'><strong>Festivitatis</strong></span> <span class='ocrx_word' id='word_1_56' title='bbox 1994 1234 2319 1312; x_wconf 82' lang='lat' dir='ltr'><strong>hujusmodi</strong></span> 
     </span>
     <span class='ocr_line' id='line_1_10' title="bbox 764 1328 2317 1407; baseline -0.003 -18"><span class='ocrx_word' id='word_1_57' title='bbox 764 1329 1036 1390; x_wconf 85' lang='lat' dir='ltr'><strong>celebrare</strong></span> <span class='ocrx_word' id='word_1_58' title='bbox 1062 1338 1164 1389; x_wconf 86' lang='lat' dir='ltr'><strong>etc.</strong></span> <span class='ocrx_word' id='word_1_59' title='bbox 1194 1329 1398 1406; x_wconf 85' lang='lat' dir='ltr'><strong>absque</strong></span> <span class='ocrx_word' id='word_1_60' title='bbox 1425 1328 1547 1386; x_wconf 90' lang='lat' dir='ltr'><strong>ullo</strong></span> <span class='ocrx_word' id='word_1_61' title='bbox 1572 1328 1990 1407; x_wconf 86' lang='lat' dir='ltr'><strong>impedimento,</strong></span> <span class='ocrx_word' id='word_1_62' title='bbox 2016 1330 2101 1387; x_wconf 72' lang='lat' dir='ltr'><strong>cel</strong></span> <span class='ocrx_word' id='word_1_63' title='bbox 2127 1329 2317 1406; x_wconf 77' lang='lat' dir='ltr'><strong>prohi-</strong></span> 
     </span>
     <span class='ocr_line' id='line_1_11' title="bbox 767 1422 2315 1499; baseline -0.002 -17"><span class='ocrx_word' id='word_1_64' title='bbox 767 1422 1007 1492; x_wconf 85' lang='lat' dir='ltr'><strong>bitione,</strong></span> <span class='ocrx_word' id='word_1_65' title='bbox 1037 1431 1140 1482; x_wconf 88' lang='lat' dir='ltr'><strong>aut</strong></span> <span class='ocrx_word' id='word_1_66' title='bbox 1168 1422 1531 1481; x_wconf 85' lang='lat' dir='ltr'><strong>conscientiae</strong></span> <span class='ocrx_word' id='word_1_67' title='bbox 1566 1422 1831 1499; x_wconf 84' lang='lat' dir='ltr'><strong>scrupulo</strong></span> <span class='ocrx_word' id='word_1_68' title='bbox 1848 1468 1865 1491; x_wconf 94' lang='lat'><strong>,</strong></span> <span class='ocrx_word' id='word_1_69' title='bbox 1894 1422 2013 1480; x_wconf 89' lang='lat' dir='ltr'><strong>sine</strong></span> <span class='ocrx_word' id='word_1_70' title='bbox 2038 1440 2315 1498; x_wconf 69' lang='lat' dir='ltr'><strong>quamm-</strong></span> 
     </span>
     <span class='ocr_line' id='line_1_12' title="bbox 762 1512 2314 1595; baseline 0 -21"><span class='ocrx_word' id='word_1_71' title='bbox 762 1517 846 1574; x_wconf 82' lang='lat' dir='ltr'><strong>vis</strong></span> <span class='ocrx_word' id='word_1_72' title='bbox 889 1515 1419 1576; x_wconf 88' lang='lat' dir='ltr'><strong>Ecclesiasticarum</strong></span> <span class='ocrx_word' id='word_1_73' title='bbox 1465 1512 1883 1588; x_wconf 82' lang='lat' dir='ltr'><strong>Censurarum,</strong></span> <span class='ocrx_word' id='word_1_74' title='bbox 1926 1525 1978 1575; x_wconf 83' lang='lat' dir='ltr'><strong>et</strong></span> <span class='ocrx_word' id='word_1_75' title='bbox 2002 1534 2314 1595; x_wconf 82' lang='lat' dir='ltr'><strong>poenarum</strong></span> 
     </span>
     <span class='ocr_line' id='line_1_13' title="bbox 761 1605 2312 1686; baseline -0.001 -17"><span class='ocrx_word' id='word_1_76' title='bbox 761 1611 1028 1682; x_wconf 87' lang='lat' dir='ltr'><strong>incursu,</strong></span> <span class='ocrx_word' id='word_1_77' title='bbox 1058 1610 1228 1669; x_wconf 90' lang='lat' dir='ltr'><strong>etiam</strong></span> <span class='ocrx_word' id='word_1_78' title='bbox 1259 1605 1566 1668; x_wconf 84' lang='lat' dir='ltr'><strong>Ordinarii</strong></span> <span class='ocrx_word' id='word_1_79' title='bbox 1582 1656 1598 1678; x_wconf 90' lang='lat'><strong>,</strong></span> <span class='ocrx_word' id='word_1_80' title='bbox 1630 1618 1730 1668; x_wconf 88' lang='lat' dir='ltr'><strong>aut</strong></span> <span class='ocrx_word' id='word_1_81' title='bbox 1765 1610 2008 1686; x_wconf 82' lang='lat' dir='ltr'><strong>cujusvis</strong></span> <span class='ocrx_word' id='word_1_82' title='bbox 2036 1610 2312 1682; x_wconf 84' lang='lat' dir='ltr'><strong>alterius,</strong></span> 
     </span>
     <span class='ocr_line' id='line_1_14' title="bbox 767 1703 2316 1783; baseline 0 -19"><span class='ocrx_word' id='word_1_83' title='bbox 767 1705 997 1764; x_wconf 85' lang='lat' dir='ltr'><strong>licentia</strong></span> <span class='ocrx_word' id='word_1_84' title='bbox 1022 1703 1256 1783; x_wconf 85' lang='lat' dir='ltr'><strong>desuper</strong></span> <span class='ocrx_word' id='word_1_85' title='bbox 1279 1704 1508 1762; x_wconf 85' lang='lat' dir='ltr'><strong>minime</strong></span> <span class='ocrx_word' id='word_1_86' title='bbox 1529 1704 1802 1780; x_wconf 81' lang='lat' dir='ltr'><strong>requisita</strong></span> <span class='ocrx_word' id='word_1_87' title='bbox 1821 1751 1837 1773; x_wconf 91' lang='lat'>‚</span> <span class='ocrx_word' id='word_1_88' title='bbox 1867 1705 2032 1762; x_wconf 89' lang='lat' dir='ltr'><strong>libere</strong></span> <span class='ocrx_word' id='word_1_89' title='bbox 2047 1751 2062 1773; x_wconf 92' lang='lat'><strong>,</strong></span> <span class='ocrx_word' id='word_1_90' title='bbox 2089 1713 2139 1763; x_wconf 87' lang='lat' dir='ltr'><strong>et</strong></span> <span class='ocrx_word' id='word_1_91' title='bbox 2166 1704 2316 1764; x_wconf 87' lang='lat' dir='ltr'><strong>licite</strong></span> 
     </span>
     <span class='ocr_line' id='line_1_15' title="bbox 763 1796 2315 1875; baseline -0.001 -17"><span class='ocrx_word' id='word_1_92' title='bbox 763 1799 990 1858; x_wconf 75' lang='lat' dir='ltr'><strong>valeant</strong></span> <span class='ocrx_word' id='word_1_93' title='bbox 1013 1840 1032 1868; x_wconf 94' lang='lat'><strong>,</strong></span> <span class='ocrx_word' id='word_1_94' title='bbox 1079 1796 1268 1858; x_wconf 84' lang='lat' dir='ltr'><strong>eadem</strong></span> <span class='ocrx_word' id='word_1_95' title='bbox 1311 1798 1648 1856; x_wconf 86' lang='lat' dir='ltr'><strong>auctoritate</strong></span> <span class='ocrx_word' id='word_1_96' title='bbox 1671 1841 1688 1868; x_wconf 92' lang='lat'>‚</span> <span class='ocrx_word' id='word_1_97' title='bbox 1734 1806 1785 1856; x_wconf 88' lang='lat' dir='ltr'><strong>et</strong></span> <span class='ocrx_word' id='word_1_98' title='bbox 1828 1806 2010 1856; x_wconf 83' lang='lat' dir='ltr'><strong>tenore</strong></span> <span class='ocrx_word' id='word_1_99' title='bbox 2052 1807 2315 1875; x_wconf 70' lang='lat' dir='ltr'><strong>perpetuo</strong></span> 
     </span>
     <span class='ocr_line' id='line_1_16' title="bbox 764 1888 2317 1967; baseline -0.001 -16"><span class='ocrx_word' id='word_1_100' title='bbox 764 1891 1141 1963; x_wconf 87' lang='lat' dir='ltr'><strong>concedimus,</strong></span> <span class='ocrx_word' id='word_1_101' title='bbox 1167 1898 1219 1948; x_wconf 89' lang='lat' dir='ltr'><strong>et</strong></span> <span class='ocrx_word' id='word_1_102' title='bbox 1241 1889 1594 1967; x_wconf 74' lang='lat' dir='ltr'><strong>indulqemus</strong></span> <span class='ocrx_word' id='word_1_103' title='bbox 1609 1911 1632 1958; x_wconf 90' lang='lat'><strong>,·</strong></span> <span class='ocrx_word' id='word_1_104' title='bbox 1659 1897 1719 1950; x_wconf 90' lang='lat' dir='ltr'><strong>et</strong></span> <span class='ocrx_word' id='word_1_105' title='bbox 1747 1888 1809 1949; x_wconf 91' lang='lat' dir='ltr'><strong>in</strong></span> <span class='ocrx_word' id='word_1_106' title='bbox 1837 1889 2042 1949; x_wconf 87' lang='lat' dir='ltr'><strong>iisdem</strong></span> <span class='ocrx_word' id='word_1_107' title='bbox 2072 1888 2317 1950; x_wconf 77' lang='lat' dir='ltr'><strong>Litteris</strong></span> 
     </span>
     <span class='ocr_line' id='line_1_17' title="bbox 762 1982 2315 2064; baseline 0 -19"><span class='ocrx_word' id='word_1_108' title='bbox 762 1985 808 2045; x_wconf 82' lang='lat' dir='ltr'>A</span> <span class='ocrx_word' id='word_1_109' title='bbox 819 1982 1146 2064; x_wconf 87' lang='lat' dir='ltr'><strong>postolicis,</strong></span> <span class='ocrx_word' id='word_1_110' title='bbox 1172 1983 1329 2043; x_wconf 91' lang='lat' dir='ltr'><strong>idem</strong></span> <span class='ocrx_word' id='word_1_111' title='bbox 1354 1982 1637 2043; x_wconf 89' lang='lat' dir='ltr'><strong>Summus</strong></span> <span class='ocrx_word' id='word_1_112' title='bbox 1659 1982 1936 2045; x_wconf 80' lang='lat' dir='ltr'><strong>Pontifex</strong></span> <span class='ocrx_word' id='word_1_113' title='bbox 1965 1983 2184 2045; x_wconf 88' lang='lat' dir='ltr'><strong>nedum</strong></span> <span class='ocrx_word' id='word_1_114' title='bbox 2216 1984 2315 2045; x_wconf 87' lang='lat' dir='ltr'><strong>de-</strong></span> 
     </span>
     <span class='ocr_line' id='line_1_18' title="bbox 760 2076 2313 2158; baseline -0.002 -20"><span class='ocrx_word' id='word_1_115' title='bbox 760 2076 994 2158; x_wconf 80' lang='lat' dir='ltr'><strong>rogavit</strong></span> <span class='ocrx_word' id='word_1_116' title='bbox 1034 2076 1351 2136; x_wconf 81' lang='lat' dir='ltr'><strong>contrariis</strong></span> <span class='ocrx_word' id='word_1_117' title='bbox 1392 2076 1876 2156; x_wconf 88' lang='lat' dir='ltr'><strong>quibuscumque</strong></span> <span class='ocrx_word' id='word_1_118' title='bbox 1907 2076 2313 2155; x_wconf 85' lang='lat' dir='ltr'><strong>dispositioni-</strong></span> 
     </span>
     <span class='ocr_line' id='line_1_19' title="bbox 762 2169 2310 2250; baseline -0.001 -18"><span class='ocrx_word' id='word_1_119' title='bbox 762 2170 876 2232; x_wconf 85' lang='lat' dir='ltr'><strong>bus</strong></span> <span class='ocrx_word' id='word_1_120' title='bbox 895 2171 1022 2250; x_wconf 92' lang='lat' dir='ltr'><strong>jam</strong></span> <span class='ocrx_word' id='word_1_121' title='bbox 1050 2169 1256 2241; x_wconf 88' lang='lat' dir='ltr'><strong>editis,</strong></span> <span class='ocrx_word' id='word_1_122' title='bbox 1286 2170 1386 2231; x_wconf 89' lang='lat' dir='ltr'><strong>sed</strong></span> <span class='ocrx_word' id='word_1_123' title='bbox 1417 2169 1595 2231; x_wconf 90' lang='lat' dir='ltr'><strong>etiam</strong></span> <span class='ocrx_word' id='word_1_124' title='bbox 1628 2170 2013 2250; x_wconf 83' lang='lat' dir='ltr'><strong>imposterum</strong></span> <span class='ocrx_word' id='word_1_125' title='bbox 2039 2170 2310 2243; x_wconf 86' lang='lat' dir='ltr'><strong>edendis,</strong></span> 
     </span>
     <span class='ocr_line' id='line_1_20' title="bbox 759 2266 2313 2344; baseline 0.001 -21"><span class='ocrx_word' id='word_1_126' title='bbox 759 2284 859 2325; x_wconf 85' lang='lat' dir='ltr'><strong>nec</strong></span> <span class='ocrx_word' id='word_1_127' title='bbox 884 2285 994 2324; x_wconf 86' lang='lat' dir='ltr'><strong>non</strong></span> <span class='ocrx_word' id='word_1_128' title='bbox 1016 2274 1325 2343; x_wconf 77' lang='lat' dir='ltr'><strong>praesentes</strong></span> <span class='ocrx_word' id='word_1_129' title='bbox 1355 2266 1575 2325; x_wconf 75' lang='lat' dir='ltr'><strong>litteras</strong></span> <span class='ocrx_word' id='word_1_130' title='bbox 1598 2266 1661 2324; x_wconf 86' lang='lat' dir='ltr'><strong>de</strong></span> <span class='ocrx_word' id='word_1_131' title='bbox 1687 2267 2055 2344; x_wconf 67' lang='lat' dir='ltr'><strong>surreptionis</strong></span> <span class='ocrx_word' id='word_1_132' title='bbox 2081 2274 2181 2324; x_wconf 86' lang='lat' dir='ltr'><strong>etc.</strong></span> <span class='ocrx_word' id='word_1_133' title='bbox 2209 2276 2313 2325; x_wconf 88' lang='lat' dir='ltr'><strong>aut</strong></span> 
     </span>
     <span class='ocr_line' id='line_1_21' title="bbox 760 2359 2316 2439; baseline 0 -20"><span class='ocrx_word' id='word_1_134' title='bbox 760 2360 879 2420; x_wconf 90' lang='lat' dir='ltr'><strong>alio</strong></span> <span class='ocrx_word' id='word_1_135' title='bbox 908 2360 1101 2436; x_wconf 83' lang='lat' dir='ltr'><strong>quovis</strong></span> <span class='ocrx_word' id='word_1_136' title='bbox 1148 2359 1362 2435; x_wconf 71' lang='lat' dir='ltr'><strong>defectu</strong></span> <span class='ocrx_word' id='word_1_137' title='bbox 1408 2361 1602 2419; x_wconf 88' lang='lat' dir='ltr'><strong>notari</strong></span> <span class='ocrx_word' id='word_1_138' title='bbox 1624 2405 1640 2431; x_wconf 97' lang='lat'><strong>,</strong></span> <span class='ocrx_word' id='word_1_139' title='bbox 1689 2361 1775 2419; x_wconf 75' lang='lat' dir='ltr'><strong>vel</strong></span> <span class='ocrx_word' id='word_1_140' title='bbox 1821 2361 2179 2439; x_wconf 75' lang='lat' dir='ltr'><strong>impuqnari,</strong></span> <span class='ocrx_word' id='word_1_141' title='bbox 2211 2369 2316 2421; x_wconf 83' lang='lat' dir='ltr'><strong>aut</strong></span> 
     </span>
     <span class='ocr_line' id='line_1_22' title="bbox 760 2450 2316 2531; baseline 0 -18"><span class='ocrx_word' id='word_1_142' title='bbox 760 2455 932 2513; x_wconf 86' lang='lat' dir='ltr'><strong>etiam</strong></span> <span class='ocrx_word' id='word_1_143' title='bbox 973 2471 1074 2531; x_wconf 89' lang='lat' dir='ltr'><strong>per</strong></span> <span class='ocrx_word' id='word_1_144' title='bbox 1105 2450 1259 2522; x_wconf 91' lang='lat' dir='ltr'><strong>Nos,</strong></span> <span class='ocrx_word' id='word_1_145' title='bbox 1308 2463 1358 2512; x_wconf 91' lang='lat' dir='ltr'><strong>et</strong></span> <span class='ocrx_word' id='word_1_146' title='bbox 1402 2450 1749 2513; x_wconf 82' lang='lat' dir='ltr'><strong>Successores</strong></span> <span class='ocrx_word' id='word_1_147' title='bbox 1787 2464 2001 2513; x_wconf 85' lang='lat' dir='ltr'><strong>nostros</strong></span> <span class='ocrx_word' id='word_1_148' title='bbox 2036 2453 2316 2513; x_wconf 84' lang='lat' dir='ltr'><strong>Romanos</strong></span> 
     </span>
     <span class='ocr_line' id='line_1_23' title="bbox 760 2544 2316 2627; baseline -0.001 -20"><span class='ocrx_word' id='word_1_149' title='bbox 760 2546 1092 2627; x_wconf 81' lang='lat' dir='ltr'><strong>Pontifices,</strong></span> <span class='ocrx_word' id='word_1_150' title='bbox 1121 2556 1223 2606; x_wconf 87' lang='lat' dir='ltr'><strong>aut</strong></span> <span class='ocrx_word' id='word_1_151' title='bbox 1253 2544 1451 2606; x_wconf 71' lang='lat' dir='ltr'><strong>Sedent</strong></span> <span class='ocrx_word' id='word_1_152' title='bbox 1492 2549 1840 2625; x_wconf 80' lang='lat' dir='ltr'><strong>praedictam</strong></span> <span class='ocrx_word' id='word_1_153' title='bbox 1878 2550 2160 2618; x_wconf 82' lang='lat' dir='ltr'><strong>revocari,</strong></span> <span class='ocrx_word' id='word_1_154' title='bbox 2189 2567 2316 2607; x_wconf 86' lang='lat' dir='ltr'><strong>sus-</strong></span> 
     </span>
     <span class='ocr_line' id='line_1_24' title="bbox 752 2641 2316 2721; baseline 0.001 -22"><span class='ocrx_word' id='word_1_155' title='bbox 752 2641 964 2721; x_wconf 86' lang='lat' dir='ltr'><strong>pendi,</strong></span> <span class='ocrx_word' id='word_1_156' title='bbox 987 2641 1232 2701; x_wconf 86' lang='lat' dir='ltr'><strong>alterari</strong></span> <span class='ocrx_word' id='word_1_157' title='bbox 1250 2685 1268 2711; x_wconf 92' lang='lat'><strong>,</strong></span> <span class='ocrx_word' id='word_1_158' title='bbox 1296 2641 1613 2720; x_wconf 83' lang='lat' dir='ltr'><strong>modificari</strong></span> <span class='ocrx_word' id='word_1_159' title='bbox 1634 2689 1649 2710; x_wconf 87' lang='lat'><strong>,</strong></span> <span class='ocrx_word' id='word_1_160' title='bbox 1677 2643 1763 2700; x_wconf 75' lang='lat' dir='ltr'><strong>cel</strong></span> <span class='ocrx_word' id='word_1_161' title='bbox 1789 2644 1866 2701; x_wconf 88' lang='lat' dir='ltr'><strong>eis</strong></span> <span class='ocrx_word' id='word_1_162' title='bbox 1894 2644 2155 2719; x_wconf 79' lang='lat' dir='ltr'><strong>deroqari</strong></span> <span class='ocrx_word' id='word_1_163' title='bbox 2179 2643 2316 2701; x_wconf 89' lang='lat' dir='ltr'><strong>nul-</strong></span> 
     </span>
     <span class='ocr_line' id='line_1_25' title="bbox 762 2735 2315 2813; baseline 0 -20"><span class='ocrx_word' id='word_1_164' title='bbox 762 2735 979 2794; x_wconf 86' lang='lat' dir='ltr'><strong>latenus</strong></span> <span class='ocrx_word' id='word_1_165' title='bbox 1006 2751 1261 2809; x_wconf 85' lang='lat' dir='ltr'><strong>unquam</strong></span> <span class='ocrx_word' id='word_1_166' title='bbox 1287 2752 1441 2813; x_wconf 90' lang='lat' dir='ltr'><strong>posse</strong></span> <span class='ocrx_word' id='word_1_167' title='bbox 1459 2781 1475 2803; x_wconf 89' lang='lat'>‚</span> <span class='ocrx_word' id='word_1_168' title='bbox 1507 2753 1683 2811; x_wconf 84' lang='lat' dir='ltr'><strong>neque</strong></span> <span class='ocrx_word' id='word_1_169' title='bbox 1711 2735 1813 2792; x_wconf 82' lang='lat' dir='ltr'><strong>sub</strong></span> <span class='ocrx_word' id='word_1_170' title='bbox 1840 2737 2125 2810; x_wconf 82' lang='lat' dir='ltr'><strong>quibusvis</strong></span> <span class='ocrx_word' id='word_1_171' title='bbox 2151 2736 2315 2794; x_wconf 86' lang='lat' dir='ltr'><strong>simi-</strong></span> 
     </span>
     <span class='ocr_line' id='line_1_26' title="bbox 704 2827 2314 2905; baseline 0.001 -19"><span class='ocrx_word' id='word_1_172' title='bbox 704 2857 719 2874; x_wconf 84' lang='lat'><strong>·</strong></span> <span class='ocrx_word' id='word_1_173' title='bbox 765 2828 938 2897; x_wconf 87' lang='lat' dir='ltr'><strong>lium,</strong></span> <span class='ocrx_word' id='word_1_174' title='bbox 968 2828 1054 2886; x_wconf 82' lang='lat' dir='ltr'><strong>vel</strong></span> <span class='ocrx_word' id='word_1_175' title='bbox 1077 2827 1443 2885; x_wconf 71' lang='lat' dir='ltr'><strong>dissimilium</strong></span> <span class='ocrx_word' id='word_1_176' title='bbox 1469 2828 1988 2905; x_wconf 80' lang='lat' dir='ltr'><strong>indulqentiarum,</strong></span> <span class='ocrx_word' id='word_1_177' title='bbox 2022 2840 2071 2887; x_wconf 87' lang='lat' dir='ltr'><strong>et</strong></span> <span class='ocrx_word' id='word_1_178' title='bbox 2099 2840 2314 2888; x_wconf 72' lang='lat' dir='ltr'><strong>coti-ces-</strong></span> 
     </span>
     <span class='ocr_line' id='line_1_27' title="bbox 761 2921 2314 3000; baseline 0.001 -20"><span class='ocrx_word' id='word_1_179' title='bbox 761 2923 984 2980; x_wconf 84' lang='lat' dir='ltr'><strong>sionum</strong></span> <span class='ocrx_word' id='word_1_180' title='bbox 1009 2921 1481 2993; x_wconf 72' lang='lat' dir='ltr'><strong>revocationibus,</strong></span> <span class='ocrx_word' id='word_1_181' title='bbox 1512 2923 1990 3000; x_wconf 77' lang='lat' dir='ltr'><strong>suspensionibus,</strong></span> <span class='ocrx_word' id='word_1_182' title='bbox 2020 2934 2121 2982; x_wconf 89' lang='lat' dir='ltr'><strong>etc.</strong></span> <span class='ocrx_word' id='word_1_183' title='bbox 2154 2924 2314 2983; x_wconf 87' lang='lat' dir='ltr'><strong>dero-</strong></span> 
     </span>
     <span class='ocr_line' id='line_1_28' title="bbox 759 3015 2310 3096; baseline 0.001 -22"><span class='ocrx_word' id='word_1_184' title='bbox 759 3015 1109 3093; x_wconf 79' lang='lat' dir='ltr'><strong>9ationibus,</strong></span> <span class='ocrx_word' id='word_1_185' title='bbox 1153 3024 1257 3074; x_wconf 88' lang='lat' dir='ltr'><strong>aut</strong></span> <span class='ocrx_word' id='word_1_186' title='bbox 1298 3016 1432 3074; x_wconf 89' lang='lat' dir='ltr'><strong>aliis</strong></span> <span class='ocrx_word' id='word_1_187' title='bbox 1475 3018 1778 3075; x_wconf 80' lang='lat' dir='ltr'><strong>contrariis</strong></span> <span class='ocrx_word' id='word_1_188' title='bbox 1821 3017 2310 3096; x_wconf 75' lang='lat' dir='ltr'><strong>dispositionibus,</strong></span> 
     </span>
     <span class='ocr_line' id='line_1_29' title="bbox 764 3107 2314 3189; baseline 0.003 -20"><span class='ocrx_word' id='word_1_189' title='bbox 764 3111 936 3170; x_wconf 91' lang='lat' dir='ltr'><strong>etiam</strong></span> <span class='ocrx_word' id='word_1_190' title='bbox 965 3127 1066 3189; x_wconf 89' lang='lat' dir='ltr'><strong>per</strong></span> <span class='ocrx_word' id='word_1_191' title='bbox 1103 3128 1236 3182; x_wconf 89' lang='lat' dir='ltr'><strong>nos,</strong></span> <span class='ocrx_word' id='word_1_192' title='bbox 1264 3120 1583 3187; x_wconf 82' lang='lat' dir='ltr'><strong>nostrosque</strong></span> <span class='ocrx_word' id='word_1_193' title='bbox 1611 3107 1958 3172; x_wconf 85' lang='lat' dir='ltr'><strong>Successores</strong></span> <span class='ocrx_word' id='word_1_194' title='bbox 1976 3160 1992 3182; x_wconf 94' lang='lat'><strong>,</strong></span> <span class='ocrx_word' id='word_1_195' title='bbox 2023 3123 2072 3172; x_wconf 92' lang='lat' dir='ltr'><strong>et</strong></span> <span class='ocrx_word' id='word_1_196' title='bbox 2113 3109 2314 3174; x_wconf 86' lang='lat' dir='ltr'><strong>Sedem</strong></span> 
     </span>
     <span class='ocr_line' id='line_1_30' title="bbox 755 3204 2312 3284; baseline 0.003 -21"><span class='ocrx_word' id='word_1_197' title='bbox 755 3205 1039 3283; x_wconf 73' lang='lat' dir='ltr'><strong>praefatos</strong></span> <span class='ocrx_word' id='word_1_198' title='bbox 1062 3247 1080 3276; x_wconf 90' lang='lat'><strong>,</strong></span> <span class='ocrx_word' id='word_1_199' title='bbox 1125 3222 1194 3264; x_wconf 89' lang='lat' dir='ltr'><strong>ac</strong></span> <span class='ocrx_word' id='word_1_200' title='bbox 1233 3204 1379 3263; x_wconf 86' lang='lat' dir='ltr'><strong>alios</strong></span> <span class='ocrx_word' id='word_1_201' title='bbox 1422 3205 1858 3281; x_wconf 73' lang='lat' dir='ltr'><strong>quomodolibet,</strong></span> <span class='ocrx_word' id='word_1_202' title='bbox 1910 3216 1961 3265; x_wconf 90' lang='lat' dir='ltr'><strong>et</strong></span> <span class='ocrx_word' id='word_1_203' title='bbox 2004 3208 2068 3264; x_wconf 85' lang='lat' dir='ltr'><strong>in</strong></span> <span class='ocrx_word' id='word_1_204' title='bbox 2111 3210 2312 3284; x_wconf 53' lang='lat' dir='ltr'><strong>quatis</strong></span> 
     </span>
     <span class='ocr_line' id='line_1_31' title="bbox 764 3295 2310 3379; baseline 0.002 -22"><span class='ocrx_word' id='word_1_205' title='bbox 764 3295 955 3357; x_wconf 77' lang='lat' dir='ltr'><strong>Causa</strong></span> <span class='ocrx_word' id='word_1_206' title='bbox 976 3316 1080 3376; x_wconf 88' lang='lat' dir='ltr'><strong>pro</strong></span> <span class='ocrx_word' id='word_1_207' title='bbox 1109 3306 1346 3376; x_wconf 87' lang='lat' dir='ltr'><strong>tempore</strong></span> <span class='ocrx_word' id='word_1_208' title='bbox 1372 3297 1538 3372; x_wconf 80' lang='lat' dir='ltr'><strong>sactis</strong></span> <span class='ocrx_word' id='word_1_209' title='bbox 1560 3299 1846 3358; x_wconf 82' lang='lat' dir='ltr'><strong>ullatenus</strong></span> <span class='ocrx_word' id='word_1_210' title='bbox 1871 3301 2310 3379; x_wconf 83' lang='lat' dir='ltr'><strong>comprehensas,</strong></span> 
     </span>
     <span class='ocr_line' id='line_1_32' title="bbox 757 3390 2311 3469; baseline 0.003 -19"><span class='ocrx_word' id='word_1_211' title='bbox 757 3390 850 3450; x_wconf 85' lang='lat' dir='ltr'><strong>sed</strong></span> <span class='ocrx_word' id='word_1_212' title='bbox 873 3408 1083 3469; x_wconf 81' lang='lat' dir='ltr'><strong>semper</strong></span> <span class='ocrx_word' id='word_1_213' title='bbox 1102 3391 1173 3449; x_wconf 91' lang='lat' dir='ltr'><strong>ab</strong></span> <span class='ocrx_word' id='word_1_214' title='bbox 1203 3391 1323 3449; x_wconf 89' lang='lat' dir='ltr'><strong>illis</strong></span> <span class='ocrx_word' id='word_1_215' title='bbox 1352 3401 1611 3469; x_wconf 69' lang='lat' dir='ltr'><strong>exceptas</strong></span> <span class='ocrx_word' id='word_1_216' title='bbox 1629 3438 1646 3461; x_wconf 93' lang='lat'><strong>,</strong></span> <span class='ocrx_word' id='word_1_217' title='bbox 1684 3402 1735 3450; x_wconf 90' lang='lat' dir='ltr'><strong>et</strong></span> <span class='ocrx_word' id='word_1_218' title='bbox 1763 3393 1973 3469; x_wconf 83' lang='lat' dir='ltr'><strong>quoties</strong></span> <span class='ocrx_word' id='word_1_219' title='bbox 2001 3394 2137 3453; x_wconf 85' lang='lat' dir='ltr'><strong>illae</strong></span> <span class='ocrx_word' id='word_1_220' title='bbox 2160 3414 2311 3455; x_wconf 85' lang='lat' dir='ltr'><strong>ema·</strong></span> 
     </span>
     <span class='ocr_line' id='line_1_33' title="bbox 754 3483 2312 3564; baseline 0.003 -20"><span class='ocrx_word' id='word_1_221' title='bbox 754 3483 1007 3553; x_wconf 84' lang='lat' dir='ltr'><strong>nabunt,</strong></span> <span class='ocrx_word' id='word_1_222' title='bbox 1040 3484 1195 3543; x_wconf 86' lang='lat' dir='ltr'><strong>toties</strong></span> <span class='ocrx_word' id='word_1_223' title='bbox 1218 3484 1282 3543; x_wconf 87' lang='lat' dir='ltr'><strong>in</strong></span> <span class='ocrx_word' id='word_1_224' title='bbox 1304 3485 1617 3564; x_wconf 86' lang='lat' dir='ltr'><strong>pristinum</strong></span> <span class='ocrx_word' id='word_1_225' title='bbox 1638 3532 1652 3552; x_wconf 90' lang='lat'><strong>,</strong></span> <span class='ocrx_word' id='word_1_226' title='bbox 1680 3495 1729 3544; x_wconf 88' lang='lat' dir='ltr'><strong>et</strong></span> <span class='ocrx_word' id='word_1_227' title='bbox 1753 3487 2166 3545; x_wconf 76' lang='lat' dir='ltr'><strong>validissimum</strong></span> <span class='ocrx_word' id='word_1_228' title='bbox 2191 3498 2312 3549; x_wconf 89' lang='lat' dir='ltr'><strong>sta-</strong></span> 
     </span>
     <span class='ocr_line' id='line_1_34' title="bbox 755 3578 2314 3660; baseline 0.004 -24"><span class='ocrx_word' id='word_1_229' title='bbox 755 3587 879 3636; x_wconf 87' lang='lat' dir='ltr'><strong>tum</strong></span> <span class='ocrx_word' id='word_1_230' title='bbox 910 3578 1201 3637; x_wconf 87' lang='lat' dir='ltr'><strong>restitutas</strong></span> <span class='ocrx_word' id='word_1_231' title='bbox 1221 3625 1239 3648; x_wconf 96' lang='lat'><strong>,</strong></span> <span class='ocrx_word' id='word_1_232' title='bbox 1270 3587 1321 3636; x_wconf 86' lang='lat' dir='ltr'><strong>et</strong></span> <span class='ocrx_word' id='word_1_233' title='bbox 1356 3578 1420 3636; x_wconf 86' lang='lat' dir='ltr'><strong>de</strong></span> <span class='ocrx_word' id='word_1_234' title='bbox 1458 3597 1597 3637; x_wconf 81' lang='lat' dir='ltr'><strong>novo</strong></span> <span class='ocrx_word' id='word_1_235' title='bbox 1624 3580 1793 3638; x_wconf 85' lang='lat' dir='ltr'><strong>etiam</strong></span> <span class='ocrx_word' id='word_1_236' title='bbox 1833 3581 1935 3639; x_wconf 90' lang='lat' dir='ltr'><strong>sub</strong></span> <span class='ocrx_word' id='word_1_237' title='bbox 1964 3600 2314 3660; x_wconf 77' lang='lat' dir='ltr'><strong>quacumque</strong></span> 
     </span>
     <span class='ocr_line' id='line_1_35' title="bbox 746 3669 2308 3753; baseline 0.004 -23"><span class='ocrx_word' id='word_1_238' title='bbox 746 3671 1051 3753; x_wconf 83' lang='lat' dir='ltr'><strong>posteriori</strong></span> <span class='ocrx_word' id='word_1_239' title='bbox 1076 3670 1213 3730; x_wconf 82' lang='lat' dir='ltr'><strong>data</strong></span> <span class='ocrx_word' id='word_1_240' title='bbox 1229 3690 1334 3750; x_wconf 88' lang='lat' dir='ltr'><strong>per</strong></span> <span class='ocrx_word' id='word_1_241' title='bbox 1349 3669 1633 3731; x_wconf 83' lang='lat' dir='ltr'><strong>Rectorem</strong></span> <span class='ocrx_word' id='word_1_242' title='bbox 1657 3673 2007 3750; x_wconf 86' lang='lat' dir='ltr'><strong>praedictum</strong></span> <span class='ocrx_word' id='word_1_243' title='bbox 2029 3676 2308 3751; x_wconf 64' lang='lat' dir='ltr'><strong>elipenda,</strong></span> 
     </span>
     <span class='ocr_line' id='line_1_36' title="bbox 754 3764 2310 3846; baseline 0.003 -22"><span class='ocrx_word' id='word_1_244' title='bbox 754 3783 1032 3824; x_wconf 87' lang='lat' dir='ltr'><strong>concessas</strong></span> <span class='ocrx_word' id='word_1_245' title='bbox 1055 3783 1162 3823; x_wconf 90' lang='lat' dir='ltr'><strong>esse</strong></span> <span class='ocrx_word' id='word_1_246' title='bbox 1177 3811 1194 3836; x_wconf 92' lang='lat'><strong>,</strong></span> <span class='ocrx_word' id='word_1_247' title='bbox 1220 3784 1287 3825; x_wconf 92' lang='lat' dir='ltr'><strong>ac</strong></span> <span class='ocrx_word' id='word_1_248' title='bbox 1307 3766 1508 3824; x_wconf 84' lang='lat' dir='ltr'><strong>eisdem</strong></span> <span class='ocrx_word' id='word_1_249' title='bbox 1534 3764 1818 3827; x_wconf 85' lang='lat' dir='ltr'><strong>Ecclesiae</strong></span> <span class='ocrx_word' id='word_1_250' title='bbox 1839 3765 1909 3827; x_wconf 89' lang='lat' dir='ltr'><strong>S.</strong></span> <span class='ocrx_word' id='word_1_251' title='bbox 1936 3767 2137 3838; x_wconf 89' lang='lat' dir='ltr'><strong>Pauli,</strong></span> <span class='ocrx_word' id='word_1_252' title='bbox 2161 3770 2310 3846; x_wconf 79' lang='lat' dir='ltr'><strong>ejus-</strong></span> 
     </span>
     <span class='ocr_line' id='line_1_37' title="bbox 755 3857 2315 3942; baseline 0.004 -24"><span class='ocrx_word' id='word_1_253' title='bbox 755 3878 861 3937; x_wconf 83' lang='lat' dir='ltr'><strong>que</strong></span> <span class='ocrx_word' id='word_1_254' title='bbox 906 3857 1161 3930; x_wconf 83' lang='lat' dir='ltr'><strong>Rectori,</strong></span> <span class='ocrx_word' id='word_1_255' title='bbox 1210 3868 1262 3918; x_wconf 89' lang='lat' dir='ltr'><strong>et</strong></span> <span class='ocrx_word' id='word_1_256' title='bbox 1303 3860 1440 3919; x_wconf 88' lang='lat' dir='ltr'><strong>aliis</strong></span> <span class='ocrx_word' id='word_1_257' title='bbox 1484 3857 1957 3940; x_wconf 77' lang='lat' dir='ltr'><strong>Christifidelibus</strong></span> <span class='ocrx_word' id='word_1_258' title='bbox 2000 3859 2315 3942; x_wconf 70' lang='lat' dir='ltr'><strong>suffraqari</strong></span> 
     </span>
     <span class='ocr_line' id='line_1_38' title="bbox 756 3951 2311 4034; baseline 0.004 -23"><span class='ocrx_word' id='word_1_259' title='bbox 756 3953 943 4012; x_wconf 89' lang='lat' dir='ltr'><strong>debere</strong></span> <span class='ocrx_word' id='word_1_260' title='bbox 970 3952 1334 4012; x_wconf 82' lang='lat' dir='ltr'><strong>decernimus.</strong></span> <span class='ocrx_word' id='word_1_261' title='bbox 1365 3951 1501 4014; x_wconf 87' lang='lat' dir='ltr'><strong>Non</strong></span> <span class='ocrx_word' id='word_1_262' title='bbox 1531 3955 1876 4014; x_wconf 76' lang='lat' dir='ltr'><strong>obstantibus</strong></span> <span class='ocrx_word' id='word_1_263' title='bbox 1909 3958 2196 4034; x_wconf 73' lang='lat' dir='ltr'><strong>quibusvis</strong></span> <span class='ocrx_word' id='word_1_264' title='bbox 2227 3958 2311 4017; x_wconf 78' lang='lat' dir='ltr'><strong>A·</strong></span> 
     </span>
     <span class='ocr_line' id='line_1_39' title="bbox 752 4044 2312 4128; baseline 0.006 -26"><span class='ocrx_word' id='word_1_265' title='bbox 752 4045 1066 4124; x_wconf 87' lang='lat' dir='ltr'><strong>postolicis,</strong></span> <span class='ocrx_word' id='word_1_266' title='bbox 1097 4064 1164 4106; x_wconf 87' lang='lat' dir='ltr'><strong>ac</strong></span> <span class='ocrx_word' id='word_1_267' title='bbox 1206 4047 1271 4105; x_wconf 85' lang='lat' dir='ltr'><strong>in</strong></span> <span class='ocrx_word' id='word_1_268' title='bbox 1309 4044 1794 4118; x_wconf 80' lang='lat' dir='ltr'><strong>Provincialibus,</strong></span> <span class='ocrx_word' id='word_1_269' title='bbox 1829 4059 1881 4108; x_wconf 88' lang='lat' dir='ltr'><strong>et</strong></span> <span class='ocrx_word' id='word_1_270' title='bbox 1923 4049 2312 4128; x_wconf 75' lang='lat' dir='ltr'><strong>synodalibus</strong></span> 
     </span>
     <span class='ocr_line' id='line_1_40' title="bbox 759 4135 2311 4223; baseline 0.005 -26"><span class='ocrx_word' id='word_1_271' title='bbox 759 4135 1033 4197; x_wconf 77' lang='lat' dir='ltr'><strong>Consiliis</strong></span> <span class='ocrx_word' id='word_1_272' title='bbox 1071 4139 1237 4197; x_wconf 87' lang='lat' dir='ltr'><strong>editis</strong></span> <span class='ocrx_word' id='word_1_273' title='bbox 1269 4141 1621 4216; x_wconf 75' lang='lat' dir='ltr'><strong>qeneralibus</strong></span> <span class='ocrx_word' id='word_1_274' title='bbox 1640 4188 1654 4210; x_wconf 92' lang='lat'><strong>,</strong></span> <span class='ocrx_word' id='word_1_275' title='bbox 1685 4144 1773 4201; x_wconf 83' lang='lat' dir='ltr'><strong>vel</strong></span> <span class='ocrx_word' id='word_1_276' title='bbox 1796 4145 2129 4223; x_wconf 79' lang='lat' dir='ltr'><strong>specialibus</strong></span> <span class='ocrx_word' id='word_1_277' title='bbox 2159 4143 2311 4205; x_wconf 87' lang='lat' dir='ltr'><strong>Con—</strong></span> 
     </span>
     <span class='ocr_line' id='line_1_41' title="bbox 756 4231 2314 4307; baseline 0.007 -18"><span class='ocrx_word' id='word_1_278' title='bbox 756 4232 1146 4290; x_wconf 88' lang='lat' dir='ltr'><strong>stitutionibus</strong></span> <span class='ocrx_word' id='word_1_279' title='bbox 1163 4276 1182 4304; x_wconf 96' lang='lat'><strong>,</strong></span> <span class='ocrx_word' id='word_1_280' title='bbox 1207 4242 1257 4291; x_wconf 91' lang='lat' dir='ltr'><strong>et</strong></span> <span class='ocrx_word' id='word_1_281' title='bbox 1288 4231 1761 4294; x_wconf 80' lang='lat' dir='ltr'><strong>ordinationibus</strong></span> <span class='ocrx_word' id='word_1_282' title='bbox 1781 4281 1797 4307; x_wconf 95' lang='lat'><strong>,</strong></span> <span class='ocrx_word' id='word_1_283' title='bbox 1828 4256 1895 4296; x_wconf 87' lang='lat' dir='ltr'><strong>ac</strong></span> <span class='ocrx_word' id='word_1_284' title='bbox 1920 4235 2314 4300; x_wconf 86' lang='lat' dir='ltr'><strong>Cancellariae</strong></span> 
     </span>
     <span class='ocr_line' id='line_1_42' title="bbox 753 4325 2312 4409; baseline 0.006 -25"><span class='ocrx_word' id='word_1_285' title='bbox 753 4325 1107 4403; x_wconf 81' lang='lat' dir='ltr'><strong>Apostolicae</strong></span> <span class='ocrx_word' id='word_1_286' title='bbox 1136 4325 1369 4404; x_wconf 78' lang='lat' dir='ltr'><strong>Requlis</strong></span> <span class='ocrx_word' id='word_1_287' title='bbox 1394 4328 1567 4387; x_wconf 89' lang='lat' dir='ltr'><strong>etiam</strong></span> <span class='ocrx_word' id='word_1_288' title='bbox 1607 4331 1887 4388; x_wconf 83' lang='lat' dir='ltr'><strong>similium</strong></span> <span class='ocrx_word' id='word_1_289' title='bbox 1916 4330 2312 4409; x_wconf 73' lang='lat' dir='ltr'><strong>Indulyentia-</strong></span> 
     </span>
     <span class='ocr_line' id='line_1_43' title="bbox 753 4420 2313 4498; baseline 0.006 -21"><span class='ocrx_word' id='word_1_290' title='bbox 753 4438 919 4488; x_wconf 89' lang='lat' dir='ltr'><strong>rum,</strong></span> <span class='ocrx_word' id='word_1_291' title='bbox 950 4429 1000 4478; x_wconf 90' lang='lat' dir='ltr'><strong>et</strong></span> <span class='ocrx_word' id='word_1_292' title='bbox 1028 4420 1282 4480; x_wconf 84' lang='lat' dir='ltr'><strong>aliarum</strong></span> <span class='ocrx_word' id='word_1_293' title='bbox 1308 4422 1633 4498; x_wconf 65' lang='lat' dir='ltr'><strong>gratiarum</strong></span> <span class='ocrx_word' id='word_1_294' title='bbox 1659 4427 2018 4484; x_wconf 76' lang='lat' dir='ltr'><strong>revocatoriis</strong></span> <span class='ocrx_word' id='word_1_295' title='bbox 2047 4427 2234 4498; x_wconf 84' lang='lat' dir='ltr'><strong>editis,</strong></span> <span class='ocrx_word' id='word_1_296' title='bbox 2261 4436 2313 4487; x_wconf 87' lang='lat' dir='ltr'><strong>et</strong></span> 
     </span>
     <span class='ocr_line' id='line_1_44' title="bbox 748 4514 1885 4584; baseline -0.009 -10"><span class='ocrx_word' id='word_1_297' title='bbox 748 4514 993 4574; x_wconf 84' lang='lat' dir='ltr'><strong>edendis.</strong></span> <span class='ocrx_word' id='word_1_298' title='bbox 1280 4571 1285 4576; x_wconf 67' lang='grc'><strong><em>,</em></strong></span> <span class='ocrx_word' id='word_1_299' title='bbox 1882 4583 1885 4584; x_wconf 15' lang='lat'><em>⁷</em></span> 
     </span>
    </p>

    <p class='ocr_par' dir='ltr' id='par_1_3' title="bbox 751 4605 2313 5435">
     <span class='ocr_line' id='line_1_45' title="bbox 877 4605 2313 4688; baseline 0.004 -21"><span class='ocrx_word' id='word_1_300' title='bbox 877 4607 1093 4667; x_wconf 88' lang='lat' dir='ltr'><strong>Rector</strong></span> <span class='ocrx_word' id='word_1_301' title='bbox 1111 4653 1127 4675; x_wconf 94' lang='lat'><strong>,</strong></span> <span class='ocrx_word' id='word_1_302' title='bbox 1157 4612 1216 4667; x_wconf 88' lang='lat' dir='ltr'><strong>et</strong></span> <span class='ocrx_word' id='word_1_303' title='bbox 1243 4605 1587 4688; x_wconf 68' lang='lat' dir='ltr'><strong>Presbyteri</strong></span> <span class='ocrx_word' id='word_1_304' title='bbox 1613 4607 1911 4671; x_wconf 81' lang='lat' dir='ltr'><strong>Ecclesiae</strong></span> <span class='ocrx_word' id='word_1_305' title='bbox 1932 4610 1993 4671; x_wconf 90' lang='lat' dir='ltr'><strong>S.</strong></span> <span class='ocrx_word' id='word_1_306' title='bbox 2021 4610 2195 4673; x_wconf 90' lang='lat' dir='ltr'><strong>Pauli</strong></span> <span class='ocrx_word' id='word_1_307' title='bbox 2226 4612 2313 4674; x_wconf 88' lang='lat' dir='ltr'><strong>di-</strong></span> 
     </span>
     <span class='ocr_line' id='line_1_46' title="bbox 754 4698 2312 4784; baseline 0.005 -23"><span class='ocrx_word' id='word_1_308' title='bbox 754 4709 851 4761; x_wconf 91' lang='lat' dir='ltr'><strong>cto</strong></span> <span class='ocrx_word' id='word_1_309' title='bbox 886 4698 1211 4779; x_wconf 83' lang='lat' dir='ltr'><strong>Privilegio</strong></span> <span class='ocrx_word' id='word_1_310' title='bbox 1253 4700 1497 4761; x_wconf 78' lang='lat' dir='ltr'><strong>Missam</strong></span> <span class='ocrx_word' id='word_1_311' title='bbox 1533 4701 1873 4764; x_wconf 87' lang='lat' dir='ltr'><strong>celebrandi</strong></span> <span class='ocrx_word' id='word_1_312' title='bbox 1918 4703 2115 4784; x_wconf 88' lang='lat' dir='ltr'><strong>prima</strong></span> <span class='ocrx_word' id='word_1_313' title='bbox 2158 4705 2312 4770; x_wconf 86' lang='lat' dir='ltr'><strong>hora</strong></span> 
     </span>
     <span class='ocr_line' id='line_1_47' title="bbox 754 4790 2311 4877; baseline 0.004 -22"><span class='ocrx_word' id='word_1_314' title='bbox 754 4791 943 4855; x_wconf 85' lang='lat' dir='ltr'><strong>noctis</strong></span> <span class='ocrx_word' id='word_1_315' title='bbox 968 4790 1229 4873; x_wconf 85' lang='lat' dir='ltr'><strong>Vigiliae</strong></span> <span class='ocrx_word' id='word_1_316' title='bbox 1255 4793 1600 4856; x_wconf 87' lang='lat' dir='ltr'><strong>Nativitatis</strong></span> <span class='ocrx_word' id='word_1_317' title='bbox 1631 4795 1909 4871; x_wconf 87' lang='lat' dir='ltr'><strong>Domini,</strong></span> <span class='ocrx_word' id='word_1_318' title='bbox 1944 4797 2217 4877; x_wconf 85' lang='lat' dir='ltr'><strong>pacifice,</strong></span> <span class='ocrx_word' id='word_1_319' title='bbox 2251 4807 2311 4862; x_wconf 90' lang='lat' dir='ltr'><strong>et</strong></span> 
     </span>
     <span class='ocr_line' id='line_1_48' title="bbox 755 4885 2310 4970; baseline 0.005 -22"><span class='ocrx_word' id='word_1_320' title='bbox 755 4886 1104 4949; x_wconf 88' lang='lat' dir='ltr'><strong>inconcusse</strong></span> <span class='ocrx_word' id='word_1_321' title='bbox 1133 4885 1225 4946; x_wconf 86' lang='lat' dir='ltr'><strong>usi</strong></span> <span class='ocrx_word' id='word_1_322' title='bbox 1254 4895 1396 4948; x_wconf 87' lang='lat' dir='ltr'><strong>sunt</strong></span> <span class='ocrx_word' id='word_1_323' title='bbox 1417 4935 1434 4959; x_wconf 93' lang='lat'><strong>,</strong></span> <span class='ocrx_word' id='word_1_324' title='bbox 1471 4896 1528 4948; x_wconf 91' lang='lat' dir='ltr'><strong>et</strong></span> <span class='ocrx_word' id='word_1_325' title='bbox 1558 4889 1752 4949; x_wconf 90' lang='lat' dir='ltr'><strong>solum</strong></span> <span class='ocrx_word' id='word_1_326' title='bbox 1772 4938 1787 4960; x_wconf 93' lang='lat'><em>‚</em></span> <span class='ocrx_word' id='word_1_327' title='bbox 1820 4891 2023 4970; x_wconf 86' lang='lat' dir='ltr'><strong>paucis</strong></span> <span class='ocrx_word' id='word_1_328' title='bbox 2050 4893 2130 4953; x_wconf 87' lang='lat' dir='ltr'><strong>ab</strong></span> <span class='ocrx_word' id='word_1_329' title='bbox 2163 4892 2310 4955; x_wconf 88' lang='lat' dir='ltr'><strong>binc</strong></span> 
     </span>
     <span class='ocr_line' id='line_1_49' title="bbox 753 4978 2308 5064; baseline 0.005 -24"><span class='ocrx_word' id='word_1_330' title='bbox 753 4979 967 5053; x_wconf 88' lang='lat' dir='ltr'><strong>annis,</strong></span> <span class='ocrx_word' id='word_1_331' title='bbox 1001 4978 1079 5041; x_wconf 93' lang='lat' dir='ltr'><strong>ab</strong></span> <span class='ocrx_word' id='word_1_332' title='bbox 1113 4980 1241 5059; x_wconf 90' lang='lat' dir='ltr'><strong>ejus</strong></span> <span class='ocrx_word' id='word_1_333' title='bbox 1282 4998 1392 5039; x_wconf 89' lang='lat' dir='ltr'><strong>usu</strong></span> <span class='ocrx_word' id='word_1_334' title='bbox 1440 4978 1832 5056; x_wconf 59' lang='lat' dir='ltr'><strong>desines-uun</strong></span> <span class='ocrx_word' id='word_1_335' title='bbox 1863 5003 2122 5064; x_wconf 89' lang='lat' dir='ltr'><strong>cumque</strong></span> <span class='ocrx_word' id='word_1_336' title='bbox 2164 4984 2308 5048; x_wconf 81' lang='lat' dir='ltr'><strong>huic</strong></span> 
     </span>
     <span class='ocr_line' id='line_1_50' title="bbox 751 5070 2308 5157; baseline 0.003 -23"><span class='ocrx_word' id='word_1_337' title='bbox 751 5074 813 5134; x_wconf 91' lang='lat' dir='ltr'><strong>S.</strong></span> <span class='ocrx_word' id='word_1_338' title='bbox 857 5070 1317 5152; x_wconf 83' lang='lat' dir='ltr'><strong>Congregationi</strong></span> <span class='ocrx_word' id='word_1_339' title='bbox 1362 5073 1833 5153; x_wconf 84' lang='lat' dir='ltr'><strong>supplicaverint</strong></span> <span class='ocrx_word' id='word_1_340' title='bbox 1875 5095 1985 5157; x_wconf 87' lang='lat' dir='ltr'><strong>pro</strong></span> <span class='ocrx_word' id='word_1_341' title='bbox 2025 5076 2308 5139; x_wconf 81' lang='lat' dir='ltr'><strong>facultate</strong></span> 
     </span>
     <span class='ocr_line' id='line_1_51' title="bbox 755 5165 2305 5246; baseline 0.002 -17"><span class='ocrx_word' id='word_1_342' title='bbox 755 5165 1044 5229; x_wconf 87' lang='lat' dir='ltr'><strong>redeundi</strong></span> <span class='ocrx_word' id='word_1_343' title='bbox 1100 5165 1175 5226; x_wconf 87' lang='lat' dir='ltr'><strong>ad</strong></span> <span class='ocrx_word' id='word_1_344' title='bbox 1229 5184 1404 5225; x_wconf 89' lang='lat' dir='ltr'><strong>usum</strong></span> <span class='ocrx_word' id='word_1_345' title='bbox 1454 5168 1825 5246; x_wconf 86' lang='lat' dir='ltr'><strong>praedictum</strong></span> <span class='ocrx_word' id='word_1_346' title='bbox 1849 5191 1865 5241; x_wconf 74' lang='grc' dir='ltr'>ς</span> <span class='ocrx_word' id='word_1_347' title='bbox 1912 5179 1971 5231; x_wconf 87' lang='lat' dir='ltr'><strong>et</strong></span> <span class='ocrx_word' id='word_1_348' title='bbox 2022 5170 2107 5232; x_wconf 84' lang='lat' dir='ltr'><strong>sic</strong></span> <span class='ocrx_word' id='word_1_349' title='bbox 2151 5170 2305 5233; x_wconf 87' lang='lat' dir='ltr'><strong>cele-</strong></span> 
     </span>
     <span class='ocr_line' id='line_1_52' title="bbox 755 5258 2299 5342; baseline 0.001 -19"><span class='ocrx_word' id='word_1_350' title='bbox 755 5259 971 5323; x_wconf 88' lang='lat' dir='ltr'><strong>brandi</strong></span> <span class='ocrx_word' id='word_1_351' title='bbox 1002 5258 1243 5320; x_wconf 86' lang='lat' dir='ltr'><strong>Missam</strong></span> <span class='ocrx_word' id='word_1_352' title='bbox 1265 5260 1440 5340; x_wconf 81' lang='lat' dir='ltr'><strong>juxta</strong></span> <span class='ocrx_word' id='word_1_353' title='bbox 1484 5260 1867 5342; x_wconf 85' lang='lat' dir='ltr'><strong>privilegium</strong></span> <span class='ocrx_word' id='word_1_354' title='bbox 1896 5271 2083 5325; x_wconf 88' lang='lat' dir='ltr'><strong>sanct.</strong></span> <span class='ocrx_word' id='word_1_355' title='bbox 2119 5284 2299 5327; x_wconf 91' lang='lat' dir='ltr'><strong>mem.</strong></span> 
     </span>
     <span class='ocr_line' id='line_1_53' title="bbox 757 5352 2301 5435; baseline 0.004 -20"><span class='ocrx_word' id='word_1_356' title='bbox 757 5352 848 5415; x_wconf 90' lang='lat' dir='ltr'><strong>Pii</strong></span> <span class='ocrx_word' id='word_1_357' title='bbox 880 5353 987 5414; x_wconf 83' lang='lat' dir='ltr'><strong>lv.</strong></span> <span class='ocrx_word' id='word_1_358' title='bbox 1019 5353 1194 5415; x_wconf 82' lang='lat' dir='ltr'><strong>datae</strong></span> <span class='ocrx_word' id='word_1_359' title='bbox 1218 5352 1466 5415; x_wconf 81' lang='lat' dir='ltr'><strong>fuerunt</strong></span> <span class='ocrx_word' id='word_1_360' title='bbox 1495 5356 1669 5435; x_wconf 84' lang='lat' dir='ltr'><strong>juxta</strong></span> <span class='ocrx_word' id='word_1_361' title='bbox 1701 5375 1928 5419; x_wconf 86' lang='lat' dir='ltr'><strong>morem</strong></span> <span class='ocrx_word' id='word_1_362' title='bbox 1956 5357 2191 5422; x_wconf 83' lang='lat' dir='ltr'><strong>litterae</strong></span> <span class='ocrx_word' id='word_1_363' title='bbox 2224 5360 2301 5421; x_wconf 86' lang='lat' dir='ltr'><strong>ad</strong></span> 
     </span>
    </p>
   </div>
   <div class='ocr_carea' id='block_1_3' title="bbox 1946 419 2788 487">
    <p class='ocr_par' dir='ltr' id='par_1_4' title="bbox 1946 419 2788 487">
     <span class='ocr_line' id='line_1_54' title="bbox 1946 419 2788 487; baseline 0.001 -13"><span class='ocrx_word' id='word_1_364' title='bbox 1946 422 2393 487; x_wconf 54' lang='lat' dir='ltr'><strong>oufes-moues</strong></span> <span class='ocrx_word' id='word_1_365' title='bbox 2429 419 2788 475; x_wconf 65' lang='lat' dir='ltr'><strong>cmomcffi.</strong></span> 
     </span>
    </p>
   </div>
   <div class='ocr_carea' id='block_1_4' title="bbox 2423 571 3973 921">
    <p class='ocr_par' dir='ltr' id='par_1_5' title="bbox 2423 571 3973 921">
     <span class='ocr_line' id='line_1_55' title="bbox 2423 571 3962 654; baseline 0.001 -20"><span class='ocrx_word' id='word_1_366' title='bbox 2423 571 2836 636; x_wconf 85' lang='lat' dir='ltr'><strong>Patriarcham</strong></span> <span class='ocrx_word' id='word_1_367' title='bbox 2864 571 3287 646; x_wconf 83' lang='lat' dir='ltr'><strong>Venetiarum,</strong></span> <span class='ocrx_word' id='word_1_368' title='bbox 3320 573 3424 654; x_wconf 89' lang='lat' dir='ltr'><strong>qui</strong></span> <span class='ocrx_word' id='word_1_369' title='bbox 3460 572 3667 636; x_wconf 89' lang='lat' dir='ltr'><strong>retulit</strong></span> <span class='ocrx_word' id='word_1_370' title='bbox 3691 572 3962 653; x_wconf 80' lang='lat' dir='ltr'><strong>exposita</strong></span> 
     </span>
     <span class='ocr_line' id='line_1_56' title="bbox 2425 667 3969 741; baseline 0.001 -15"><span class='ocrx_word' id='word_1_371' title='bbox 2425 667 2488 727; x_wconf 89' lang='lat' dir='ltr'><strong>in</strong></span> <span class='ocrx_word' id='word_1_372' title='bbox 2518 667 2674 731; x_wconf 83' lang='lat' dir='ltr'><strong>facto</strong></span> <span class='ocrx_word' id='word_1_373' title='bbox 2703 668 3055 741; x_wconf 83' lang='lat' dir='ltr'><strong>subsistere,</strong></span> <span class='ocrx_word' id='word_1_374' title='bbox 3087 669 3198 731; x_wconf 84' lang='lat' dir='ltr'><strong>hoc</strong></span> <span class='ocrx_word' id='word_1_375' title='bbox 3230 680 3319 731; x_wconf 69' lang='lat' dir='ltr'><strong>est</strong></span> <span class='ocrx_word' id='word_1_376' title='bbox 3348 668 3530 730; x_wconf 83' lang='lat' dir='ltr'><strong>fuisse</strong></span> <span class='ocrx_word' id='word_1_377' title='bbox 3557 687 3591 729; x_wconf 89' lang='lat' dir='ltr'><strong>a</strong></span> <span class='ocrx_word' id='word_1_378' title='bbox 3621 668 3778 727; x_wconf 87' lang='lat' dir='ltr'><strong>dicto</strong></span> <span class='ocrx_word' id='word_1_379' title='bbox 3811 668 3969 728; x_wconf 83' lang='lat' dir='ltr'><strong>Pon·</strong></span> 
     </span>
     <span class='ocr_line' id='line_1_57' title="bbox 2423 761 3970 844; baseline 0.001 -19"><span class='ocrx_word' id='word_1_380' title='bbox 2423 761 2583 825; x_wconf 85' lang='lat' dir='ltr'><strong>tifice</strong></span> <span class='ocrx_word' id='word_1_381' title='bbox 2603 782 2941 825; x_wconf 87' lang='lat' dir='ltr'><strong>concessum</strong></span> <span class='ocrx_word' id='word_1_382' title='bbox 2967 765 3156 824; x_wconf 85' lang='lat' dir='ltr'><strong>Breve</strong></span> <span class='ocrx_word' id='word_1_383' title='bbox 3178 774 3781 843; x_wconf 86' lang='lat' dir='ltr'><strong>supramemoratum,</strong></span> <span class='ocrx_word' id='word_1_384' title='bbox 3807 766 3970 844; x_wconf 88' lang='lat' dir='ltr'><strong>quod</strong></span> 
     </span>
     <span class='ocr_line' id='line_1_58' title="bbox 2425 856 3973 921; baseline 0.001 -3"><span class='ocrx_word' id='word_1_385' title='bbox 2425 857 2606 918; x_wconf 87' lang='lat' dir='ltr'><strong>etiam</strong></span> <span class='ocrx_word' id='word_1_386' title='bbox 2645 857 2761 918; x_wconf 85' lang='lat' dir='ltr'><strong>fuit</strong></span> <span class='ocrx_word' id='word_1_387' title='bbox 2802 856 3141 919; x_wconf 83' lang='lat' dir='ltr'><strong>exhibitum</strong></span> <span class='ocrx_word' id='word_1_388' title='bbox 3184 857 3246 918; x_wconf 90' lang='lat' dir='ltr'><strong>in</strong></span> <span class='ocrx_word' id='word_1_389' title='bbox 3291 857 3483 919; x_wconf 81' lang='lat' dir='ltr'><strong>forma</strong></span> <span class='ocrx_word' id='word_1_390' title='bbox 3522 859 3867 921; x_wconf 85' lang='lat' dir='ltr'><strong>authentica</strong></span> <span class='ocrx_word' id='word_1_391' title='bbox 3912 865 3973 920; x_wconf 90' lang='lat' dir='ltr'><strong>et</strong></span> 
     </span>
    </p>
   </div>
   <div class='ocr_carea' id='block_1_5' title="bbox 2415 949 3973 1031">
    <p class='ocr_par' dir='ltr' id='par_1_6' title="bbox 2415 949 3973 1031">
     <span class='ocr_line' id='line_1_59' title="bbox 2415 949 3973 1031; baseline 0.002 -21"><span class='ocrx_word' id='word_1_392' title='bbox 2415 949 2679 1027; x_wconf 21' lang='lat' dir='ltr'><strong>*ulterius</strong></span> <span class='ocrx_word' id='word_1_393' title='bbox 2707 951 3091 1031; x_wconf 77' lang='lat' dir='ltr'><strong>presbyteros</strong></span> <span class='ocrx_word' id='word_1_394' title='bbox 3119 951 3362 1013; x_wconf 87' lang='lat' dir='ltr'><strong>Indulto</strong></span> <span class='ocrx_word' id='word_1_395' title='bbox 3404 970 3539 1012; x_wconf 86' lang='lat' dir='ltr'><strong>usos</strong></span> <span class='ocrx_word' id='word_1_396' title='bbox 3581 951 3797 1022; x_wconf 82' lang='lat' dir='ltr'><strong>fuisse,</strong></span> <span class='ocrx_word' id='word_1_397' title='bbox 3828 971 3973 1013; x_wconf 81' lang='lat' dir='ltr'><strong>cau-</strong></span> 
     </span>
    </p>
   </div>
   <div class='ocr_carea' id='block_1_6' title="bbox 2414 1043 4042 5526">
    <p class='ocr_par' dir='ltr' id='par_1_7' title="bbox 2423 1043 3974 1498">
     <span class='ocr_line' id='line_1_60' title="bbox 2424 1043 3974 1127; baseline 0.001 -22"><span class='ocrx_word' id='word_1_398' title='bbox 2424 1062 2674 1124; x_wconf 86' lang='lat' dir='ltr'><strong>samque</strong></span> <span class='ocrx_word' id='word_1_399' title='bbox 2716 1043 3014 1125; x_wconf 81' lang='lat' dir='ltr'><strong>ignorari,</strong></span> <span class='ocrx_word' id='word_1_400' title='bbox 3060 1054 3305 1125; x_wconf 87' lang='lat' dir='ltr'><strong>propter</strong></span> <span class='ocrx_word' id='word_1_401' title='bbox 3344 1063 3529 1125; x_wconf 90' lang='lat' dir='ltr'><strong>quam</strong></span> <span class='ocrx_word' id='word_1_402' title='bbox 3571 1047 3649 1107; x_wconf 90' lang='lat' dir='ltr'><strong>ab</strong></span> <span class='ocrx_word' id='word_1_403' title='bbox 3693 1047 3821 1127; x_wconf 88' lang='lat' dir='ltr'><strong>ejus</strong></span> <span class='ocrx_word' id='word_1_404' title='bbox 3857 1065 3974 1107; x_wconf 88' lang='lat' dir='ltr'><strong>usu</strong></span> 
     </span>
     <span class='ocr_line' id='line_1_61' title="bbox 2426 1136 3974 1216; baseline 0.003 -19"><span class='ocrx_word' id='word_1_405' title='bbox 2426 1137 2781 1199; x_wconf 87' lang='lat' dir='ltr'><strong>destiterint.</strong></span> <span class='ocrx_word' id='word_1_406' title='bbox 2810 1136 2971 1199; x_wconf 89' lang='lat' dir='ltr'><strong>Certe</strong></span> <span class='ocrx_word' id='word_1_407' title='bbox 2994 1140 3165 1216; x_wconf 86' lang='lat' dir='ltr'><strong>liquet</strong></span> <span class='ocrx_word' id='word_1_408' title='bbox 3188 1141 3500 1201; x_wconf 83' lang='lat' dir='ltr'><strong>antedictae</strong></span> <span class='ocrx_word' id='word_1_409' title='bbox 3527 1140 3807 1202; x_wconf 84' lang='lat' dir='ltr'><strong>Ecclesiae</strong></span> <span class='ocrx_word' id='word_1_410' title='bbox 3826 1140 3974 1202; x_wconf 89' lang='lat' dir='ltr'><strong>Pre-</strong></span> 
     </span>
     <span class='ocr_line' id='line_1_62' title="bbox 2425 1231 3969 1312; baseline 0.001 -21"><span class='ocrx_word' id='word_1_411' title='bbox 2425 1234 2668 1311; x_wconf 76' lang='lat' dir='ltr'><strong>sbyteros</strong></span> <span class='ocrx_word' id='word_1_412' title='bbox 2711 1232 2892 1291; x_wconf 88' lang='lat' dir='ltr'><strong>eodem</strong></span> <span class='ocrx_word' id='word_1_413' title='bbox 2921 1231 3152 1292; x_wconf 83' lang='lat' dir='ltr'><strong>Indulto</strong></span> <span class='ocrx_word' id='word_1_414' title='bbox 3193 1236 3274 1294; x_wconf 89' lang='lat' dir='ltr'><strong>sic</strong></span> <span class='ocrx_word' id='word_1_415' title='bbox 3315 1243 3380 1293; x_wconf 88' lang='lat' dir='ltr'><strong>ut</strong></span> <span class='ocrx_word' id='word_1_416' title='bbox 3404 1253 3581 1312; x_wconf 87' lang='lat' dir='ltr'><strong>supra</strong></span> <span class='ocrx_word' id='word_1_417' title='bbox 3618 1236 3969 1305; x_wconf 83' lang='lat' dir='ltr'><strong>celebrandi,</strong></span> 
     </span>
     <span class='ocr_line' id='line_1_63' title="bbox 2424 1326 3974 1407; baseline 0.003 -24"><span class='ocrx_word' id='word_1_418' title='bbox 2424 1345 2550 1384; x_wconf 88' lang='lat' dir='ltr'><strong>usos</strong></span> <span class='ocrx_word' id='word_1_419' title='bbox 2576 1326 2779 1402; x_wconf 71' lang='lat' dir='ltr'><strong>fuisse,</strong></span> <span class='ocrx_word' id='word_1_420' title='bbox 2809 1327 3086 1384; x_wconf 83' lang='lat' dir='ltr'><strong>incertum</strong></span> <span class='ocrx_word' id='word_1_421' title='bbox 3112 1346 3237 1386; x_wconf 86' lang='lat' dir='ltr'><strong>vero</strong></span> <span class='ocrx_word' id='word_1_422' title='bbox 3264 1345 3380 1404; x_wconf 80' lang='lat' dir='ltr'><strong>qua</strong></span> <span class='ocrx_word' id='word_1_423' title='bbox 3404 1328 3471 1386; x_wconf 80' lang='lat' dir='ltr'><strong>de</strong></span> <span class='ocrx_word' id='word_1_424' title='bbox 3513 1347 3686 1388; x_wconf 71' lang='lat' dir='ltr'><strong>cama</strong></span> <span class='ocrx_word' id='word_1_425' title='bbox 3715 1329 3974 1407; x_wconf 85' lang='lat' dir='ltr'><strong>temporis</strong></span> 
     </span>
     <span class='ocr_line' id='line_1_64' title="bbox 2423 1420 3400 1498; baseline 0.004 -21"><span class='ocrx_word' id='word_1_426' title='bbox 2423 1438 2720 1498; x_wconf 78' lang='lat' dir='ltr'><strong>proqressu</strong></span> <span class='ocrx_word' id='word_1_427' title='bbox 2747 1430 3041 1478; x_wconf 73' lang='lat' dir='ltr'><strong>emecutum</strong></span> <span class='ocrx_word' id='word_1_428' title='bbox 3065 1438 3181 1478; x_wconf 86' lang='lat' dir='ltr'><strong>non</strong></span> <span class='ocrx_word' id='word_1_429' title='bbox 3205 1420 3400 1496; x_wconf 77' lang='lat' dir='ltr'><strong>suerit.</strong></span> 
     </span>
    </p>

    <p class='ocr_par' dir='ltr' id='par_1_8' title="bbox 2414 1512 4042 5440">
     <span class='ocr_line' id='line_1_65' title="bbox 2544 1512 3969 1597; baseline 0.004 -25"><span class='ocrx_word' id='word_1_430' title='bbox 2544 1512 2732 1574; x_wconf 88' lang='lat' dir='ltr'><strong>Porro</strong></span> <span class='ocrx_word' id='word_1_431' title='bbox 2769 1513 3096 1592; x_wconf 85' lang='lat' dir='ltr'><strong>antiquiori</strong></span> <span class='ocrx_word' id='word_1_432' title='bbox 3139 1514 3346 1576; x_wconf 84' lang='lat' dir='ltr'><strong>relicta</strong></span> <span class='ocrx_word' id='word_1_433' title='bbox 3388 1514 3749 1595; x_wconf 84' lang='lat' dir='ltr'><strong>Disciplina,</strong></span> <span class='ocrx_word' id='word_1_434' title='bbox 3790 1518 3969 1597; x_wconf 81' lang='lat' dir='ltr'><strong>juxta</strong></span> 
     </span>
     <span class='ocr_line' id='line_1_66' title="bbox 2426 1607 3969 1686; baseline 0.003 -20"><span class='ocrx_word' id='word_1_435' title='bbox 2426 1625 2607 1686; x_wconf 90' lang='lat' dir='ltr'><strong>quam</strong></span> <span class='ocrx_word' id='word_1_436' title='bbox 2640 1626 2750 1686; x_wconf 87' lang='lat' dir='ltr'><strong>pro</strong></span> <span class='ocrx_word' id='word_1_437' title='bbox 2776 1607 3068 1669; x_wconf 85' lang='lat' dir='ltr'><strong>sacrificio</strong></span> <span class='ocrx_word' id='word_1_438' title='bbox 3095 1608 3339 1680; x_wconf 87' lang='lat' dir='ltr'><strong>Missae,</strong></span> <span class='ocrx_word' id='word_1_439' title='bbox 3369 1607 3521 1673; x_wconf 84' lang='lat' dir='ltr'><strong>bora</strong></span> <span class='ocrx_word' id='word_1_440' title='bbox 3548 1610 3723 1672; x_wconf 86' lang='lat' dir='ltr'><strong>tertia</strong></span> <span class='ocrx_word' id='word_1_441' title='bbox 3752 1610 3969 1671; x_wconf 86' lang='lat' dir='ltr'><strong>diebus</strong></span> 
     </span>
     <span class='ocr_line' id='line_1_67' title="bbox 2422 1699 3969 1775; baseline 0.005 -16"><span class='ocrx_word' id='word_1_442' title='bbox 2422 1699 2643 1769; x_wconf 81' lang='lat' dir='ltr'><strong>Fastis,</strong></span> <span class='ocrx_word' id='word_1_443' title='bbox 2666 1699 2814 1760; x_wconf 88' lang='lat' dir='ltr'><strong>hora</strong></span> <span class='ocrx_word' id='word_1_444' title='bbox 2839 1710 3006 1761; x_wconf 80' lang='lat' dir='ltr'><strong>sexta</strong></span> <span class='ocrx_word' id='word_1_445' title='bbox 3027 1701 3240 1762; x_wconf 91' lang='lat' dir='ltr'><strong>diebus</strong></span> <span class='ocrx_word' id='word_1_446' title='bbox 3262 1702 3576 1765; x_wconf 83' lang='lat' dir='ltr'><strong>ferialibus</strong></span> <span class='ocrx_word' id='word_1_447' title='bbox 3592 1749 3607 1775; x_wconf 88' lang='lat'><strong>,</strong></span> <span class='ocrx_word' id='word_1_448' title='bbox 3633 1704 3783 1766; x_wconf 90' lang='lat' dir='ltr'><strong>hora</strong></span> <span class='ocrx_word' id='word_1_449' title='bbox 3809 1724 3969 1767; x_wconf 82' lang='lat' dir='ltr'><strong>nona</strong></span> 
     </span>
     <span class='ocr_line' id='line_1_68' title="bbox 2424 1793 3973 1877; baseline 0.003 -25"><span class='ocrx_word' id='word_1_450' title='bbox 2424 1793 2635 1853; x_wconf 89' lang='lat' dir='ltr'><strong>diebus</strong></span> <span class='ocrx_word' id='word_1_451' title='bbox 2655 1793 3025 1874; x_wconf 86' lang='lat' dir='ltr'><strong>jejuniorum</strong></span> <span class='ocrx_word' id='word_1_452' title='bbox 3051 1814 3154 1873; x_wconf 88' lang='lat' dir='ltr'><strong>per</strong></span> <span class='ocrx_word' id='word_1_453' title='bbox 3176 1815 3405 1856; x_wconf 90' lang='lat' dir='ltr'><strong>annum</strong></span> <span class='ocrx_word' id='word_1_454' title='bbox 3423 1845 3439 1867; x_wconf 94' lang='lat'><strong>,</strong></span> <span class='ocrx_word' id='word_1_455' title='bbox 3464 1806 3523 1857; x_wconf 89' lang='lat' dir='ltr'><strong>et</strong></span> <span class='ocrx_word' id='word_1_456' title='bbox 3545 1796 3696 1858; x_wconf 87' lang='lat' dir='ltr'><strong>bora</strong></span> <span class='ocrx_word' id='word_1_457' title='bbox 3721 1797 3973 1877; x_wconf 88' lang='lat' dir='ltr'><strong>Vesper-</strong></span> 
     </span>
     <span class='ocr_line' id='line_1_69' title="bbox 2422 1887 3967 1969; baseline 0.003 -21"><span class='ocrx_word' id='word_1_458' title='bbox 2422 1887 2550 1951; x_wconf 87' lang='lat' dir='ltr'><strong>tina</strong></span> <span class='ocrx_word' id='word_1_459' title='bbox 2600 1888 2812 1949; x_wconf 84' lang='lat' dir='ltr'><strong>diebus</strong></span> <span class='ocrx_word' id='word_1_460' title='bbox 2855 1888 3489 1969; x_wconf 83' lang='lat' dir='ltr'><strong>Quadragesimalibus</strong></span> <span class='ocrx_word' id='word_1_461' title='bbox 3530 1900 3660 1953; x_wconf 87' lang='lat' dir='ltr'><strong>erat</strong></span> <span class='ocrx_word' id='word_1_462' title='bbox 3705 1900 3967 1966; x_wconf 84' lang='lat' dir='ltr'><strong>statuta,</strong></span> 
     </span>
     <span class='ocr_line' id='line_1_70' title="bbox 2416 1980 3963 2065; baseline 0.003 -24"><span class='ocrx_word' id='word_1_463' title='bbox 2416 1983 2594 2060; x_wconf 83' lang='lat' dir='ltr'><strong>juxta</strong></span> <span class='ocrx_word' id='word_1_464' title='bbox 2637 1980 2787 2054; x_wconf 86' lang='lat' dir='ltr'><strong>late,</strong></span> <span class='ocrx_word' id='word_1_465' title='bbox 2828 1991 2888 2044; x_wconf 90' lang='lat' dir='ltr'><strong>et</strong></span> <span class='ocrx_word' id='word_1_466' title='bbox 2932 1982 3166 2043; x_wconf 85' lang='lat' dir='ltr'><strong>erudite</strong></span> <span class='ocrx_word' id='word_1_467' title='bbox 3202 1983 3488 2045; x_wconf 85' lang='lat' dir='ltr'><strong>recensita</strong></span> <span class='ocrx_word' id='word_1_468' title='bbox 3529 2004 3634 2065; x_wconf 87' lang='lat' dir='ltr'><strong>per</strong></span> <span class='ocrx_word' id='word_1_469' title='bbox 3674 1986 3749 2045; x_wconf 88' lang='lat' dir='ltr'><strong>cl.</strong></span> <span class='ocrx_word' id='word_1_470' title='bbox 3800 2005 3963 2046; x_wconf 87' lang='lat' dir='ltr'><strong>mem.</strong></span> 
     </span>
     <span class='ocr_line' id='line_1_71' title="bbox 2425 2072 3962 2159; baseline 0.003 -25"><span class='ocrx_word' id='word_1_471' title='bbox 2425 2072 2600 2135; x_wconf 85' lang='lat' dir='ltr'><strong>Card.</strong></span> <span class='ocrx_word' id='word_1_472' title='bbox 2634 2074 2856 2136; x_wconf 87' lang='lat' dir='ltr'><strong>Bonam</strong></span> <span class='ocrx_word' id='word_1_473' title='bbox 2897 2096 3088 2136; x_wconf 87' lang='lat' dir='ltr'><strong>rerum</strong></span> <span class='ocrx_word' id='word_1_474' title='bbox 3115 2075 3543 2156; x_wconf 75' lang='lat' dir='ltr'><strong>Liturqicarum</strong></span> <span class='ocrx_word' id='word_1_475' title='bbox 3588 2080 3685 2138; x_wconf 89' lang='lat' dir='ltr'><strong>lib.</strong></span> <span class='ocrx_word' id='word_1_476' title='bbox 3737 2083 3793 2139; x_wconf 87' lang='lat'><strong>1.</strong></span> <span class='ocrx_word' id='word_1_477' title='bbox 3835 2099 3962 2159; x_wconf 84' lang='lat' dir='ltr'><strong>cap.</strong></span> 
     </span>
     <span class='ocr_line' id='line_1_72' title="bbox 2421 2170 3969 2253; baseline 0.006 -26"><span class='ocrx_word' id='word_1_478' title='bbox 2421 2171 2521 2228; x_wconf 79' lang='lat'><strong>21.</strong></span> <span class='ocrx_word' id='word_1_479' title='bbox 2553 2189 2652 2248; x_wconf 85' lang='lat' dir='ltr'><strong>per</strong></span> <span class='ocrx_word' id='word_1_480' title='bbox 2680 2180 2890 2242; x_wconf 88' lang='lat' dir='ltr'><strong>totum,</strong></span> <span class='ocrx_word' id='word_1_481' title='bbox 2919 2170 2981 2230; x_wconf 91' lang='lat' dir='ltr'><strong>in</strong></span> <span class='ocrx_word' id='word_1_482' title='bbox 3013 2190 3085 2233; x_wconf 90' lang='lat' dir='ltr'><strong>eo</strong></span> <span class='ocrx_word' id='word_1_483' title='bbox 3111 2172 3272 2252; x_wconf 88' lang='lat' dir='ltr'><strong>quod</strong></span> <span class='ocrx_word' id='word_1_484' title='bbox 3301 2172 3512 2234; x_wconf 86' lang='lat' dir='ltr'><strong>attinet</strong></span> <span class='ocrx_word' id='word_1_485' title='bbox 3538 2173 3611 2234; x_wconf 88' lang='lat' dir='ltr'><strong>ad</strong></span> <span class='ocrx_word' id='word_1_486' title='bbox 3636 2174 3774 2244; x_wconf 87' lang='lat' dir='ltr'><strong>Jus,</strong></span> <span class='ocrx_word' id='word_1_487' title='bbox 3804 2174 3969 2253; x_wconf 88' lang='lat' dir='ltr'><strong>quod</strong></span> 
     </span>
     <span class='ocr_line' id='line_1_73' title="bbox 2424 2259 3974 2343; baseline 0.005 -24"><span class='ocrx_word' id='word_1_488' title='bbox 2424 2259 2814 2343; x_wconf 82' lang='lat' dir='ltr'><strong>Privilegium</strong></span> <span class='ocrx_word' id='word_1_489' title='bbox 2845 2265 3189 2336; x_wconf 80' lang='lat' dir='ltr'><strong>antecessit,</strong></span> <span class='ocrx_word' id='word_1_490' title='bbox 3218 2266 3441 2328; x_wconf 87' lang='lat' dir='ltr'><strong>Textus</strong></span> <span class='ocrx_word' id='word_1_491' title='bbox 3468 2266 3554 2327; x_wconf 80' lang='lat' dir='ltr'><strong>e&#39;st</strong></span> <span class='ocrx_word' id='word_1_492' title='bbox 3582 2269 3647 2326; x_wconf 88' lang='lat' dir='ltr'><strong>in</strong></span> <span class='ocrx_word' id='word_1_493' title='bbox 3674 2265 3820 2328; x_wconf 90' lang='lat' dir='ltr'><strong>Can.</strong></span> <span class='ocrx_word' id='word_1_494' title='bbox 3853 2266 3974 2328; x_wconf 88' lang='lat' dir='ltr'><strong>No-</strong></span> 
     </span>
     <span class='ocr_line' id='line_1_74' title="bbox 2423 2353 3968 2441; baseline 0.006 -30"><span class='ocrx_word' id='word_1_495' title='bbox 2423 2364 2504 2413; x_wconf 87' lang='lat' dir='ltr'><strong>cte</strong></span> <span class='ocrx_word' id='word_1_496' title='bbox 2534 2353 2752 2416; x_wconf 87' lang='lat' dir='ltr'><strong>Sancta</strong></span> <span class='ocrx_word' id='word_1_497' title='bbox 2779 2356 2844 2416; x_wconf 82' lang='lat' dir='ltr'><strong>de</strong></span> <span class='ocrx_word' id='word_1_498' title='bbox 2871 2354 3190 2418; x_wconf 78' lang='lat' dir='ltr'><strong>Consecrat.</strong></span> <span class='ocrx_word' id='word_1_499' title='bbox 3221 2359 3353 2418; x_wconf 86' lang='lat' dir='ltr'><strong>dist.</strong></span> <span class='ocrx_word' id='word_1_500' title='bbox 3390 2366 3443 2419; x_wconf 86' lang='lat'><strong>1.</strong></span> <span class='ocrx_word' id='word_1_501' title='bbox 3472 2359 3577 2420; x_wconf 88' lang='lat' dir='ltr'><strong>ubi</strong></span> <span class='ocrx_word' id='word_1_502' title='bbox 3603 2360 3687 2422; x_wconf 87' lang='lat' dir='ltr'><strong>sic</strong></span> <span class='ocrx_word' id='word_1_503' title='bbox 3714 2360 3968 2441; x_wconf 84' lang='lat' dir='ltr'><strong>legitur,</strong></span> 
     </span>
     <span class='ocr_line' id='line_1_75' title="bbox 2422 2447 3974 2517; baseline 0.005 -8"><span class='ocrx_word' id='word_1_504' title='bbox 2422 2447 2599 2509; x_wconf 84' lang='lat' dir='ltr'><strong>Nocte</strong></span> <span class='ocrx_word' id='word_1_505' title='bbox 2624 2449 2842 2511; x_wconf 84' lang='lat' dir='ltr'><strong>Sancta</strong></span> <span class='ocrx_word' id='word_1_506' title='bbox 2861 2449 3206 2512; x_wconf 67' lang='lat' dir='ltr'><strong>Natis-itatis</strong></span> <span class='ocrx_word' id='word_1_507' title='bbox 3231 2451 3463 2512; x_wconf 85' lang='lat' dir='ltr'><strong>Domini</strong></span> <span class='ocrx_word' id='word_1_508' title='bbox 3482 2454 3803 2516; x_wconf 78' lang='lat' dir='ltr'><strong>Salvatoris</strong></span> <span class='ocrx_word' id='word_1_509' title='bbox 3826 2456 3974 2517; x_wconf 87' lang='lat' dir='ltr'><strong>Mis·</strong></span> 
     </span>
     <span class='ocr_line' id='line_1_76' title="bbox 2415 2544 3976 2629; baseline 0.008 -28"><span class='ocrx_word' id='word_1_510' title='bbox 2415 2561 2507 2603; x_wconf 90' lang='lat' dir='ltr'><strong>sas</strong></span> <span class='ocrx_word' id='word_1_511' title='bbox 2545 2545 2813 2603; x_wconf 88' lang='lat' dir='ltr'><strong>celebrent</strong></span> <span class='ocrx_word' id='word_1_512' title='bbox 2845 2544 3201 2627; x_wconf 73' lang='lat' dir='ltr'><strong>Presbyteri,</strong></span> <span class='ocrx_word' id='word_1_513' title='bbox 3234 2558 3283 2606; x_wconf 92' lang='lat' dir='ltr'><strong>et</strong></span> <span class='ocrx_word' id='word_1_514' title='bbox 3311 2546 3613 2627; x_wconf 81' lang='lat' dir='ltr'><strong>Hymnum</strong></span> <span class='ocrx_word' id='word_1_515' title='bbox 3640 2552 3976 2629; x_wconf 75' lang='lat' dir='ltr'><strong>Anqelicum</strong></span> 
     </span>
     <span class='ocr_line' id='line_1_77' title="bbox 2421 2638 3974 2720; baseline 0.009 -26"><span class='ocrx_word' id='word_1_516' title='bbox 2421 2638 2487 2694; x_wconf 88' lang='lat' dir='ltr'><strong>in</strong></span> <span class='ocrx_word' id='word_1_517' title='bbox 2517 2638 2638 2696; x_wconf 90' lang='lat' dir='ltr'><strong>illis</strong></span> <span class='ocrx_word' id='word_1_518' title='bbox 2668 2640 2987 2699; x_wconf 87' lang='lat' dir='ltr'><strong>solemniter</strong></span> <span class='ocrx_word' id='word_1_519' title='bbox 3026 2641 3346 2712; x_wconf 85' lang='lat' dir='ltr'><strong>decantent,</strong></span> <span class='ocrx_word' id='word_1_520' title='bbox 3377 2645 3676 2720; x_wconf 86' lang='lat' dir='ltr'><strong>quoniam,</strong></span> <span class='ocrx_word' id='word_1_521' title='bbox 3706 2658 3758 2705; x_wconf 86' lang='lat' dir='ltr'><strong>et</strong></span> <span class='ocrx_word' id='word_1_522' title='bbox 3784 2648 3974 2707; x_wconf 84' lang='lat' dir='ltr'><strong>eadem</strong></span> 
     </span>
     <span class='ocr_line' id='line_1_78' title="bbox 2420 2727 3972 2810; baseline 0.009 -21"><span class='ocrx_word' id='word_1_523' title='bbox 2420 2727 2598 2789; x_wconf 88' lang='lat' dir='ltr'><strong>Nocte</strong></span> <span class='ocrx_word' id='word_1_524' title='bbox 2623 2732 2695 2790; x_wconf 89' lang='lat' dir='ltr'><strong>ab</strong></span> <span class='ocrx_word' id='word_1_525' title='bbox 2721 2731 2936 2810; x_wconf 75' lang='lat' dir='ltr'><strong>Anqelo</strong></span> <span class='ocrx_word' id='word_1_526' title='bbox 2960 2731 3294 2793; x_wconf 86' lang='lat' dir='ltr'><strong>Pastoribus</strong></span> <span class='ocrx_word' id='word_1_527' title='bbox 3320 2739 3619 2797; x_wconf 83' lang='lat' dir='ltr'><strong>nuntiatus</strong></span> <span class='ocrx_word' id='word_1_528' title='bbox 3660 2750 3760 2799; x_wconf 83' lang='lat' dir='ltr'><strong>est.</strong></span> <span class='ocrx_word' id='word_1_529' title='bbox 3792 2742 3869 2801; x_wconf 82' lang='lat' dir='ltr'><strong>At</strong></span> <span class='ocrx_word' id='word_1_530' title='bbox 3894 2759 3972 2803; x_wconf 81' lang='lat' dir='ltr'><strong>ex</strong></span> 
     </span>
     <span class='ocr_line' id='line_1_79' title="bbox 2423 2821 3968 2906; baseline 0.01 -24"><span class='ocrx_word' id='word_1_531' title='bbox 2423 2821 2537 2883; x_wconf 88' lang='lat' dir='ltr'><strong>boc</strong></span> <span class='ocrx_word' id='word_1_532' title='bbox 2563 2824 2752 2885; x_wconf 83' lang='lat' dir='ltr'><strong>Textu</strong></span> <span class='ocrx_word' id='word_1_533' title='bbox 2786 2845 2905 2886; x_wconf 91' lang='lat' dir='ltr'><strong>non</strong></span> <span class='ocrx_word' id='word_1_534' title='bbox 2941 2833 3131 2905; x_wconf 88' lang='lat' dir='ltr'><strong>potest</strong></span> <span class='ocrx_word' id='word_1_535' title='bbox 3156 2829 3426 2906; x_wconf 87' lang='lat' dir='ltr'><strong>quaestio</strong></span> <span class='ocrx_word' id='word_1_536' title='bbox 3453 2830 3865 2902; x_wconf 85' lang='lat' dir='ltr'><strong>determinari,</strong></span> <span class='ocrx_word' id='word_1_537' title='bbox 3885 2854 3968 2897; x_wconf 88' lang='lat' dir='ltr'><strong>an</strong></span> 
     </span>
     <span class='ocr_line' id='line_1_80' title="bbox 2421 2917 3970 3008; baseline 0.01 -32"><span class='ocrx_word' id='word_1_538' title='bbox 2421 2917 2602 2978; x_wconf 85' lang='lat' dir='ltr'><strong>Nocte</strong></span> <span class='ocrx_word' id='word_1_539' title='bbox 2625 2918 2971 2981; x_wconf 82' lang='lat' dir='ltr'><strong>Nativitatis</strong></span> <span class='ocrx_word' id='word_1_540' title='bbox 2994 2920 3268 2992; x_wconf 89' lang='lat' dir='ltr'><strong>Domini,</strong></span> <span class='ocrx_word' id='word_1_541' title='bbox 3299 2923 3479 2984; x_wconf 85' lang='lat' dir='ltr'><strong>Missa</strong></span> <span class='ocrx_word' id='word_1_542' title='bbox 3510 2935 3679 2998; x_wconf 88' lang='lat' dir='ltr'><strong>ante,</strong></span> <span class='ocrx_word' id='word_1_543' title='bbox 3714 2926 3805 2988; x_wconf 82' lang='lat' dir='ltr'><strong>vel</strong></span> <span class='ocrx_word' id='word_1_544' title='bbox 3838 2938 3970 3008; x_wconf 84' lang='lat' dir='ltr'><strong>post</strong></span> 
     </span>
     <span class='ocr_line' id='line_1_81' title="bbox 2423 3011 3968 3101; baseline 0.01 -31"><span class='ocrx_word' id='word_1_545' title='bbox 2423 3011 2681 3071; x_wconf 81' lang='lat' dir='ltr'><strong>mediam</strong></span> <span class='ocrx_word' id='word_1_546' title='bbox 2725 3022 2953 3074; x_wconf 88' lang='lat' dir='ltr'><strong>noctem</strong></span> <span class='ocrx_word' id='word_1_547' title='bbox 2992 3013 3070 3075; x_wconf 89' lang='lat' dir='ltr'><strong>sit</strong></span> <span class='ocrx_word' id='word_1_548' title='bbox 3108 3014 3501 3089; x_wconf 85' lang='lat' dir='ltr'><strong>celebranda,</strong></span> <span class='ocrx_word' id='word_1_549' title='bbox 3542 3019 3628 3080; x_wconf 88' lang='lat' dir='ltr'><strong>uti</strong></span> <span class='ocrx_word' id='word_1_550' title='bbox 3672 3040 3968 3101; x_wconf 85' lang='lat' dir='ltr'><strong>perpenso</strong></span> 
     </span>
     <span class='ocr_line' id='line_1_82' title="bbox 2422 3103 3972 3193; baseline 0.01 -29"><span class='ocrx_word' id='word_1_551' title='bbox 2422 3103 2579 3166; x_wconf 88' lang='lat' dir='ltr'><strong>dicto</strong></span> <span class='ocrx_word' id='word_1_552' title='bbox 2606 3105 2795 3166; x_wconf 78' lang='lat' dir='ltr'><strong>Textu</strong></span> <span class='ocrx_word' id='word_1_553' title='bbox 2839 3106 3042 3168; x_wconf 88' lang='lat' dir='ltr'><strong>firmat</strong></span> <span class='ocrx_word' id='word_1_554' title='bbox 3070 3106 3403 3189; x_wconf 73' lang='lat' dir='ltr'><strong>Pasqualiq.</strong></span> <span class='ocrx_word' id='word_1_555' title='bbox 3452 3113 3518 3172; x_wconf 84' lang='lat' dir='ltr'><strong>de</strong></span> <span class='ocrx_word' id='word_1_556' title='bbox 3547 3111 3765 3193; x_wconf 84' lang='lat' dir='ltr'><strong>Sacris.</strong></span> <span class='ocrx_word' id='word_1_557' title='bbox 3798 3136 3972 3180; x_wconf 80' lang='lat' dir='ltr'><strong>novae</strong></span> 
     </span>
     <span class='ocr_line' id='line_1_83' title="bbox 2423 3200 3974 3291; baseline 0.01 -34"><span class='ocrx_word' id='word_1_558' title='bbox 2423 3200 2556 3278; x_wconf 75' lang='lat' dir='ltr'><strong>leqis</strong></span> <span class='ocrx_word' id='word_1_559' title='bbox 2585 3210 2716 3259; x_wconf 86' lang='lat' dir='ltr'><strong>tom.</strong></span> <span class='ocrx_word' id='word_1_560' title='bbox 2753 3206 2806 3261; x_wconf 92' lang='grc'><strong>1.</strong></span> <span class='ocrx_word' id='word_1_561' title='bbox 2835 3213 3048 3280; x_wconf 82' lang='lat' dir='ltr'><strong>quaest.</strong></span> <span class='ocrx_word' id='word_1_562' title='bbox 3076 3206 3214 3264; x_wconf 67' lang='lat'><strong>405.</strong></span> <span class='ocrx_word' id='word_1_563' title='bbox 3235 3225 3338 3284; x_wconf 83' lang='lat' dir='ltr'><strong>per</strong></span> <span class='ocrx_word' id='word_1_564' title='bbox 3366 3217 3569 3279; x_wconf 89' lang='lat' dir='ltr'><strong>totam,</strong></span> <span class='ocrx_word' id='word_1_565' title='bbox 3602 3209 3706 3270; x_wconf 92' lang='lat' dir='ltr'><strong>ubi</strong></span> <span class='ocrx_word' id='word_1_566' title='bbox 3737 3210 3974 3291; x_wconf 56' lang='lat' dir='ltr'><strong>inquit„</strong></span> 
     </span>
     <span class='ocr_line' id='line_1_84' title="bbox 2419 3294 3967 3375; baseline 0.01 -21"><span class='ocrx_word' id='word_1_567' title='bbox 2419 3294 2661 3355; x_wconf 88' lang='lat' dir='ltr'><strong>Missam</strong></span> <span class='ocrx_word' id='word_1_568' title='bbox 2693 3306 2820 3375; x_wconf 86' lang='lat' dir='ltr'><strong>post</strong></span> <span class='ocrx_word' id='word_1_569' title='bbox 2853 3296 3110 3358; x_wconf 86' lang='lat' dir='ltr'><strong>mediam</strong></span> <span class='ocrx_word' id='word_1_570' title='bbox 3136 3307 3364 3360; x_wconf 87' lang='lat' dir='ltr'><strong>noctem</strong></span> <span class='ocrx_word' id='word_1_571' title='bbox 3393 3319 3519 3362; x_wconf 90' lang='lat' dir='ltr'><strong>esse</strong></span> <span class='ocrx_word' id='word_1_572' title='bbox 3544 3302 3967 3368; x_wconf 85' lang='lat' dir='ltr'><strong>celebrandam</strong></span> 
     </span>
     <span class='ocr_line' id='line_1_85' title="bbox 2421 3385 3964 3473; baseline 0.01 -28"><span class='ocrx_word' id='word_1_573' title='bbox 2421 3385 2603 3447; x_wconf 88' lang='lat' dir='ltr'><strong>Nocte</strong></span> <span class='ocrx_word' id='word_1_574' title='bbox 2635 3387 2977 3452; x_wconf 85' lang='lat' dir='ltr'><strong>Nativitatis</strong></span> <span class='ocrx_word' id='word_1_575' title='bbox 3014 3390 3255 3452; x_wconf 87' lang='lat' dir='ltr'><strong>Domini</strong></span> <span class='ocrx_word' id='word_1_576' title='bbox 3299 3412 3376 3454; x_wconf 79' lang='lat' dir='ltr'><strong>ex</strong></span> <span class='ocrx_word' id='word_1_577' title='bbox 3414 3395 3586 3473; x_wconf 81' lang='lat' dir='ltr'><strong>praxi</strong></span> <span class='ocrx_word' id='word_1_578' title='bbox 3628 3394 3964 3471; x_wconf 83' lang='lat' dir='ltr'><strong>Ecclesiae,</strong></span> 
     </span>
     <span class='ocr_line' id='line_1_86' title="bbox 2419 3480 3972 3564; baseline 0.008 -24"><span class='ocrx_word' id='word_1_579' title='bbox 2419 3480 2515 3540; x_wconf 91' lang='lat' dir='ltr'><strong>cui</strong></span> <span class='ocrx_word' id='word_1_580' title='bbox 2547 3489 2744 3543; x_wconf 86' lang='lat' dir='ltr'><strong>tamen</strong></span> <span class='ocrx_word' id='word_1_581' title='bbox 2774 3483 3048 3564; x_wconf 85' lang='lat' dir='ltr'><strong>derogari</strong></span> <span class='ocrx_word' id='word_1_582' title='bbox 3073 3493 3296 3564; x_wconf 87' lang='lat' dir='ltr'><strong>potest,</strong></span> <span class='ocrx_word' id='word_1_583' title='bbox 3322 3485 3515 3548; x_wconf 86' lang='lat' dir='ltr'><strong>velex</strong></span> <span class='ocrx_word' id='word_1_584' title='bbox 3538 3491 3972 3555; x_wconf 85' lang='lat' dir='ltr'><strong>consuetudine</strong></span> 
     </span>
     <span class='ocr_line' id='line_1_87' title="bbox 2419 3572 3970 3664; baseline 0.01 -31"><span class='ocrx_word' id='word_1_585' title='bbox 2419 3572 2683 3654; x_wconf 85' lang='lat' dir='ltr'><strong>legitime</strong></span> <span class='ocrx_word' id='word_1_586' title='bbox 2711 3577 3105 3657; x_wconf 87' lang='lat' dir='ltr'><strong>praescripta,</strong></span> <span class='ocrx_word' id='word_1_587' title='bbox 3134 3578 3231 3639; x_wconf 88' lang='lat' dir='ltr'><strong>vel</strong></span> <span class='ocrx_word' id='word_1_588' title='bbox 3259 3599 3331 3640; x_wconf 87' lang='lat' dir='ltr'><strong>ex</strong></span> <span class='ocrx_word' id='word_1_589' title='bbox 3361 3580 3683 3664; x_wconf 78' lang='lat' dir='ltr'><strong>Privilegio</strong></span> <span class='ocrx_word' id='word_1_590' title='bbox 3714 3586 3970 3664; x_wconf 86' lang='lat' dir='ltr'><strong>Aposto-</strong></span> 
     </span>
     <span class='ocr_line' id='line_1_88' title="bbox 2418 3667 3970 3756; baseline 0.008 -27"><span class='ocrx_word' id='word_1_591' title='bbox 2418 3667 2555 3729; x_wconf 84' lang='lat' dir='ltr'><strong>lico.</strong></span> <span class='ocrx_word' id='word_1_592' title='bbox 2592 3670 2661 3731; x_wconf 89' lang='lat' dir='ltr'><strong>In</strong></span> <span class='ocrx_word' id='word_1_593' title='bbox 2694 3669 2961 3732; x_wconf 89' lang='lat' dir='ltr'><strong>Concilio</strong></span> <span class='ocrx_word' id='word_1_594' title='bbox 2987 3672 3375 3745; x_wconf 85' lang='lat' dir='ltr'><strong>Tridentino,</strong></span> <span class='ocrx_word' id='word_1_595' title='bbox 3401 3676 3564 3756; x_wconf 84' lang='lat' dir='ltr'><strong>quod</strong></span> <span class='ocrx_word' id='word_1_596' title='bbox 3594 3685 3686 3739; x_wconf 34' lang='lat' dir='ltr'><strong>est*</strong></span> <span class='ocrx_word' id='word_1_597' title='bbox 3709 3678 3970 3743; x_wconf 84' lang='lat' dir='ltr'><strong>Privile-</strong></span> 
     </span>
     <span class='ocr_line' id='line_1_89' title="bbox 2417 3760 3965 3842; baseline 0.01 -23"><span class='ocrx_word' id='word_1_598' title='bbox 2417 3760 2516 3840; x_wconf 85' lang='lat' dir='ltr'><strong>gio</strong></span> <span class='ocrx_word' id='word_1_599' title='bbox 2546 3765 2836 3842; x_wconf 88' lang='lat' dir='ltr'><strong>posterius</strong></span> <span class='ocrx_word' id='word_1_600' title='bbox 2879 3766 2944 3822; x_wconf 87' lang='lat' dir='ltr'><strong>in</strong></span> <span class='ocrx_word' id='word_1_601' title='bbox 2973 3763 3201 3825; x_wconf 87' lang='lat' dir='ltr'><strong>Decreta</strong></span> <span class='ocrx_word' id='word_1_602' title='bbox 3243 3768 3307 3827; x_wconf 87' lang='lat' dir='ltr'><strong>de</strong></span> <span class='ocrx_word' id='word_1_603' title='bbox 3339 3769 3625 3830; x_wconf 72' lang='lat' dir='ltr'><strong>observan.</strong></span> <span class='ocrx_word' id='word_1_604' title='bbox 3663 3781 3715 3830; x_wconf 88' lang='lat' dir='ltr'><strong>et</strong></span> <span class='ocrx_word' id='word_1_605' title='bbox 3753 3775 3965 3834; x_wconf 79' lang='lat' dir='ltr'><strong>evitan.</strong></span> 
     </span>
     <span class='ocr_line' id='line_1_90' title="bbox 2417 3857 3968 3930; baseline 0.011 -18"><span class='ocrx_word' id='word_1_606' title='bbox 2417 3857 2482 3914; x_wconf 87' lang='lat' dir='ltr'><strong>in</strong></span> <span class='ocrx_word' id='word_1_607' title='bbox 2508 3858 2869 3918; x_wconf 84' lang='lat' dir='ltr'><strong>celebratione</strong></span> <span class='ocrx_word' id='word_1_608' title='bbox 2896 3858 3146 3930; x_wconf 85' lang='lat' dir='ltr'><strong>Missae,</strong></span> <span class='ocrx_word' id='word_1_609' title='bbox 3175 3870 3418 3923; x_wconf 86' lang='lat' dir='ltr'><strong>cavetur</strong></span> <span class='ocrx_word' id='word_1_610' title='bbox 3448 3867 3863 3928; x_wconf 88' lang='lat' dir='ltr'><strong>tantummodo</strong></span> <span class='ocrx_word' id='word_1_611' title='bbox 3892 3886 3968 3929; x_wconf 89' lang='lat' dir='ltr'><strong>ne</strong></span> 
     </span>
     <span class='ocr_line' id='line_1_91' title="bbox 2418 3948 3966 4033; baseline 0.007 -24"><span class='ocrx_word' id='word_1_612' title='bbox 2418 3948 2761 4010; x_wconf 83' lang='lat' dir='ltr'><strong>Sacerdotes</strong></span> <span class='ocrx_word' id='word_1_613' title='bbox 2787 3950 2954 4022; x_wconf 89' lang='lat' dir='ltr'><strong>aliis,</strong></span> <span class='ocrx_word' id='word_1_614' title='bbox 2985 3972 3171 4032; x_wconf 88' lang='lat' dir='ltr'><strong>quam</strong></span> <span class='ocrx_word' id='word_1_615' title='bbox 3193 3953 3409 4015; x_wconf 85' lang='lat' dir='ltr'><strong>debitis</strong></span> <span class='ocrx_word' id='word_1_616' title='bbox 3437 3955 3602 4017; x_wconf 87' lang='lat' dir='ltr'><strong>boris</strong></span> <span class='ocrx_word' id='word_1_617' title='bbox 3630 3956 3966 4033; x_wconf 84' lang='lat' dir='ltr'><strong>celebrent;</strong></span> 
     </span>
     <span class='ocr_line' id='line_1_92' title="bbox 2415 4042 3972 4130; baseline 0.01 -30"><span class='ocrx_word' id='word_1_618' title='bbox 2415 4042 2696 4121; x_wconf 88' lang='lat' dir='ltr'><strong>quocirca</strong></span> <span class='ocrx_word' id='word_1_619' title='bbox 2728 4054 2846 4105; x_wconf 89' lang='lat' dir='ltr'><strong>tota</strong></span> <span class='ocrx_word' id='word_1_620' title='bbox 2887 4045 3202 4107; x_wconf 83' lang='lat' dir='ltr'><strong>difficultas</strong></span> <span class='ocrx_word' id='word_1_621' title='bbox 3240 4055 3329 4109; x_wconf 90' lang='lat' dir='ltr'><strong>est</strong></span> <span class='ocrx_word' id='word_1_622' title='bbox 3358 4047 3419 4109; x_wconf 89' lang='lat' dir='ltr'><strong>in</strong></span> <span class='ocrx_word' id='word_1_623' title='bbox 3452 4049 3633 4112; x_wconf 87' lang='lat' dir='ltr'><strong>Bulla</strong></span> <span class='ocrx_word' id='word_1_624' title='bbox 3661 4056 3721 4113; x_wconf 68' lang='grc'><strong>4.</strong></span> <span class='ocrx_word' id='word_1_625' title='bbox 3757 4052 3825 4112; x_wconf 86' lang='lat' dir='ltr'><strong>S.</strong></span> <span class='ocrx_word' id='word_1_626' title='bbox 3863 4054 3972 4130; x_wconf 74' lang='lat' dir='ltr'><strong>Pii,</strong></span> 
     </span>
     <span class='ocr_line' id='line_1_93' title="bbox 2425 4134 3968 4224; baseline 0.008 -28"><span class='ocrx_word' id='word_1_627' title='bbox 2425 4134 2493 4196; x_wconf 82' lang='lat' dir='ltr'><strong>V.</strong></span> <span class='ocrx_word' id='word_1_628' title='bbox 2524 4135 2689 4197; x_wconf 87' lang='lat' dir='ltr'><strong>Bull.</strong></span> <span class='ocrx_word' id='word_1_629' title='bbox 2739 4149 2870 4198; x_wconf 89' lang='lat' dir='ltr'><strong>tom.</strong></span> <span class='ocrx_word' id='word_1_630' title='bbox 2912 4144 2970 4199; x_wconf 79' lang='lat'><strong>2.</strong></span> <span class='ocrx_word' id='word_1_631' title='bbox 3003 4140 3064 4200; x_wconf 90' lang='lat' dir='ltr'><strong>in</strong></span> <span class='ocrx_word' id='word_1_632' title='bbox 3102 4159 3256 4220; x_wconf 90' lang='lat' dir='ltr'><strong>qua,</strong></span> <span class='ocrx_word' id='word_1_633' title='bbox 3301 4151 3618 4224; x_wconf 87' lang='lat' dir='ltr'><strong>postquam</strong></span> <span class='ocrx_word' id='word_1_634' title='bbox 3649 4146 3730 4207; x_wconf 87' lang='lat' dir='ltr'><strong>ab</strong></span> <span class='ocrx_word' id='word_1_635' title='bbox 3756 4147 3968 4209; x_wconf 84' lang='lat' dir='ltr'><strong>eodem</strong></span> 
     </span>
     <span class='ocr_line' id='line_1_94' title="bbox 2419 4229 3966 4316; baseline 0.01 -28"><span class='ocrx_word' id='word_1_636' title='bbox 2419 4229 2706 4292; x_wconf 85' lang='lat' dir='ltr'><strong>Pontifice</strong></span> <span class='ocrx_word' id='word_1_637' title='bbox 2738 4229 2854 4293; x_wconf 81' lang='lat' dir='ltr'><strong>fuit</strong></span> <span class='ocrx_word' id='word_1_638' title='bbox 2878 4242 3258 4308; x_wconf 87' lang='lat' dir='ltr'><strong>enarratum,</strong></span> <span class='ocrx_word' id='word_1_639' title='bbox 3287 4238 3448 4316; x_wconf 90' lang='lat' dir='ltr'><strong>quod</strong></span> <span class='ocrx_word' id='word_1_640' title='bbox 3486 4239 3815 4302; x_wconf 87' lang='lat' dir='ltr'><strong>nonnullae</strong></span> <span class='ocrx_word' id='word_1_641' title='bbox 3842 4243 3966 4302; x_wconf 88' lang='lat' dir='ltr'><strong>Me·</strong></span> 
     </span>
     <span class='ocr_line' id='line_1_95' title="bbox 2419 4324 3965 4412; baseline 0.009 -29"><span class='ocrx_word' id='word_1_642' title='bbox 2419 4324 2816 4405; x_wconf 88' lang='lat' dir='ltr'><strong>tropolitanae</strong></span> <span class='ocrx_word' id='word_1_643' title='bbox 2834 4375 2848 4395; x_wconf 92' lang='lat'><strong>,</strong></span> <span class='ocrx_word' id='word_1_644' title='bbox 2873 4327 3287 4401; x_wconf 86' lang='lat' dir='ltr'><strong>Catbedrales,</strong></span> <span class='ocrx_word' id='word_1_645' title='bbox 3311 4339 3370 4390; x_wconf 89' lang='lat' dir='ltr'><strong>et</strong></span> <span class='ocrx_word' id='word_1_646' title='bbox 3388 4330 3749 4412; x_wconf 79' lang='lat' dir='ltr'><strong>Collegiatae</strong></span> <span class='ocrx_word' id='word_1_647' title='bbox 3772 4334 3965 4397; x_wconf 86' lang='lat' dir='ltr'><strong>Eccle-</strong></span> 
     </span>
     <span class='ocr_line' id='line_1_96' title="bbox 2416 4416 4042 4507; baseline 0.007 -29"><span class='ocrx_word' id='word_1_648' title='bbox 2416 4416 2541 4479; x_wconf 88' lang='lat' dir='ltr'><strong>siae</strong></span> <span class='ocrx_word' id='word_1_649' title='bbox 2585 4437 2621 4480; x_wconf 91' lang='lat' dir='ltr'><strong>a</strong></span> <span class='ocrx_word' id='word_1_650' title='bbox 2666 4419 2816 4481; x_wconf 89' lang='lat' dir='ltr'><strong>Sede</strong></span> <span class='ocrx_word' id='word_1_651' title='bbox 2843 4421 3216 4501; x_wconf 89' lang='lat' dir='ltr'><strong>Apostolica,</strong></span> <span class='ocrx_word' id='word_1_652' title='bbox 3248 4423 3342 4484; x_wconf 89' lang='lat' dir='ltr'><strong>vel</strong></span> <span class='ocrx_word' id='word_1_653' title='bbox 3379 4426 3508 4506; x_wconf 82' lang='lat' dir='ltr'><strong>ejus</strong></span> <span class='ocrx_word' id='word_1_654' title='bbox 3551 4427 3816 4507; x_wconf 83' lang='lat' dir='ltr'><strong>Legatis,</strong></span> <span class='ocrx_word' id='word_1_655' title='bbox 3861 4436 3969 4490; x_wconf 83' lang='lat' dir='ltr'><strong>aut</strong></span> <span class='ocrx_word' id='word_1_656' title='bbox 4039 4417 4042 4420; x_wconf 36' lang='lat'>¹</span> 
     </span>
     <span class='ocr_line' id='line_1_97' title="bbox 2418 4510 3966 4594; baseline 0.007 -22"><span class='ocrx_word' id='word_1_657' title='bbox 2418 4510 2599 4572; x_wconf 88' lang='lat' dir='ltr'><strong>etiam</strong></span> <span class='ocrx_word' id='word_1_658' title='bbox 2643 4531 2680 4573; x_wconf 89' lang='lat' dir='ltr'><strong>a</strong></span> <span class='ocrx_word' id='word_1_659' title='bbox 2721 4513 2935 4594; x_wconf 79' lang='lat' dir='ltr'><strong>MaJ&#39;ori</strong></span> <span class='ocrx_word' id='word_1_660' title='bbox 2985 4515 3456 4577; x_wconf 87' lang='lat' dir='ltr'><strong>Poenitentiario</strong></span> <span class='ocrx_word' id='word_1_661' title='bbox 3502 4517 3771 4580; x_wconf 85' lang='lat' dir='ltr'><strong>licentias</strong></span> <span class='ocrx_word' id='word_1_662' title='bbox 3807 4520 3966 4583; x_wconf 87' lang='lat' dir='ltr'><strong>obti-</strong></span> 
     </span>
     <span class='ocr_line' id='line_1_98' title="bbox 2419 4608 3965 4684; baseline 0.008 -19"><span class='ocrx_word' id='word_1_663' title='bbox 2419 4616 2681 4668; x_wconf 86' lang='lat' dir='ltr'><strong>nuerant</strong></span> <span class='ocrx_word' id='word_1_664' title='bbox 2726 4608 3103 4684; x_wconf 89' lang='lat' dir='ltr'><strong>celebrandi,</strong></span> <span class='ocrx_word' id='word_1_665' title='bbox 3147 4618 3206 4671; x_wconf 88' lang='lat' dir='ltr'><strong>et</strong></span> <span class='ocrx_word' id='word_1_666' title='bbox 3247 4610 3553 4673; x_wconf 85' lang='lat' dir='ltr'><strong>celebrare</strong></span> <span class='ocrx_word' id='word_1_667' title='bbox 3585 4612 3841 4676; x_wconf 83' lang='lat' dir='ltr'><strong>faciendi</strong></span> <span class='ocrx_word' id='word_1_668' title='bbox 3889 4616 3965 4678; x_wconf 88' lang='lat' dir='ltr'><strong>de</strong></span> 
     </span>
     <span class='ocr_line' id='line_1_99' title="bbox 2418 4701 3960 4789; baseline 0.006 -30"><span class='ocrx_word' id='word_1_669' title='bbox 2418 4717 2584 4771; x_wconf 88' lang='lat' dir='ltr'><strong>sero,</strong></span> <span class='ocrx_word' id='word_1_670' title='bbox 2621 4708 2679 4761; x_wconf 88' lang='lat' dir='ltr'><strong>et</strong></span> <span class='ocrx_word' id='word_1_671' title='bbox 2708 4701 2888 4763; x_wconf 87' lang='lat' dir='ltr'><strong>etiam</strong></span> <span class='ocrx_word' id='word_1_672' title='bbox 2917 4704 3073 4765; x_wconf 87' lang='lat' dir='ltr'><strong>circa</strong></span> <span class='ocrx_word' id='word_1_673' title='bbox 3098 4704 3241 4766; x_wconf 89' lang='lat' dir='ltr'><strong>solis</strong></span> <span class='ocrx_word' id='word_1_674' title='bbox 3267 4723 3572 4781; x_wconf 88' lang='lat' dir='ltr'><strong>occasum,</strong></span> <span class='ocrx_word' id='word_1_675' title='bbox 3602 4706 3847 4789; x_wconf 84' lang='lat' dir='ltr'><strong>vigiliae</strong></span> <span class='ocrx_word' id='word_1_676' title='bbox 3879 4709 3960 4769; x_wconf 88' lang='lat' dir='ltr'><strong>si-</strong></span> 
     </span>
     <span class='ocr_line' id='line_1_100' title="bbox 2416 4794 3963 4878; baseline 0.006 -26"><span class='ocrx_word' id='word_1_677' title='bbox 2416 4801 2673 4872; x_wconf 80' lang='lat' dir='ltr'><strong>gnanter</strong></span> <span class='ocrx_word' id='word_1_678' title='bbox 2713 4794 3088 4869; x_wconf 85' lang='lat' dir='ltr'><strong>Nativitatis‚</strong></span> <span class='ocrx_word' id='word_1_679' title='bbox 3130 4797 3374 4872; x_wconf 88' lang='lat' dir='ltr'><strong>Missas,</strong></span> <span class='ocrx_word' id='word_1_680' title='bbox 3412 4817 3570 4878; x_wconf 89' lang='lat' dir='ltr'><strong>quae</strong></span> <span class='ocrx_word' id='word_1_681' title='bbox 3613 4800 3808 4862; x_wconf 86' lang='lat' dir='ltr'><strong>media</strong></span> <span class='ocrx_word' id='word_1_682' title='bbox 3853 4821 3963 4862; x_wconf 90' lang='lat' dir='ltr'><strong>no-</strong></span> 
     </span>
     <span class='ocr_line' id='line_1_101' title="bbox 2416 4888 3962 4974; baseline 0.007 -28"><span class='ocrx_word' id='word_1_683' title='bbox 2416 4895 2541 4962; x_wconf 89' lang='lat' dir='ltr'><strong>cte,</strong></span> <span class='ocrx_word' id='word_1_684' title='bbox 2573 4906 2678 4949; x_wconf 90' lang='lat' dir='ltr'><strong>seu</strong></span> <span class='ocrx_word' id='word_1_685' title='bbox 2719 4888 2783 4949; x_wconf 90' lang='lat' dir='ltr'><strong>in</strong></span> <span class='ocrx_word' id='word_1_686' title='bbox 2823 4891 3057 4951; x_wconf 84' lang='lat' dir='ltr'><strong>Aurora</strong></span> <span class='ocrx_word' id='word_1_687' title='bbox 3099 4891 3365 4972; x_wconf 84' lang='lat' dir='ltr'><strong>ejusdem</strong></span> <span class='ocrx_word' id='word_1_688' title='bbox 3410 4892 3748 4953; x_wconf 83' lang='lat' dir='ltr'><strong>Nativitatis</strong></span> <span class='ocrx_word' id='word_1_689' title='bbox 3780 4894 3962 4974; x_wconf 85' lang='lat' dir='ltr'><strong>juxta</strong></span> 
     </span>
     <span class='ocr_line' id='line_1_102' title="bbox 2417 4981 3965 5065; baseline 0.006 -23"><span class='ocrx_word' id='word_1_690' title='bbox 2417 4981 2622 5043; x_wconf 83' lang='lat' dir='ltr'><strong>Ritum</strong></span> <span class='ocrx_word' id='word_1_691' title='bbox 2653 4983 2713 5044; x_wconf 92' lang='lat' dir='ltr'><strong>S.</strong></span> <span class='ocrx_word' id='word_1_692' title='bbox 2752 4985 2826 5046; x_wconf 90' lang='lat' dir='ltr'><strong>R.</strong></span> <span class='ocrx_word' id='word_1_693' title='bbox 2861 4985 2933 5045; x_wconf 90' lang='lat' dir='ltr'><strong>E.</strong></span> <span class='ocrx_word' id='word_1_694' title='bbox 2964 4993 3160 5046; x_wconf 74' lang='lat' dir='ltr'><strong>essent</strong></span> <span class='ocrx_word' id='word_1_695' title='bbox 3195 4984 3616 5059; x_wconf 88' lang='lat' dir='ltr'><strong>celebrandae,</strong></span> <span class='ocrx_word' id='word_1_696' title='bbox 3647 4987 3965 5065; x_wconf 88' lang='lat' dir='ltr'><strong>probibuit</strong></span> 
     </span>
     <span class='ocr_line' id='line_1_103' title="bbox 2417 5076 3966 5159; baseline 0.005 -22"><span class='ocrx_word' id='word_1_697' title='bbox 2417 5076 2706 5139; x_wconf 88' lang='lat' dir='ltr'><strong>Praelatis</strong></span> <span class='ocrx_word' id='word_1_698' title='bbox 2725 5122 2742 5150; x_wconf 96' lang='lat'><strong>,</strong></span> <span class='ocrx_word' id='word_1_699' title='bbox 2774 5087 2830 5139; x_wconf 91' lang='lat' dir='ltr'><strong>et</strong></span> <span class='ocrx_word' id='word_1_700' title='bbox 2862 5077 3153 5159; x_wconf 89' lang='lat' dir='ltr'><strong>Capitulis</strong></span> <span class='ocrx_word' id='word_1_701' title='bbox 3185 5078 3245 5139; x_wconf 92' lang='lat' dir='ltr'><strong>iu</strong></span> <span class='ocrx_word' id='word_1_702' title='bbox 3276 5079 3499 5140; x_wconf 88' lang='lat' dir='ltr'><strong>virtute</strong></span> <span class='ocrx_word' id='word_1_703' title='bbox 3527 5078 3776 5141; x_wconf 88' lang='lat' dir='ltr'><strong>Sanctae</strong></span> <span class='ocrx_word' id='word_1_704' title='bbox 3804 5083 3966 5145; x_wconf 88' lang='lat' dir='ltr'><strong>Obe-</strong></span> 
     </span>
     <span class='ocr_line' id='line_1_104' title="bbox 2417 5170 3964 5255; baseline 0.005 -25"><span class='ocrx_word' id='word_1_705' title='bbox 2417 5170 2709 5247; x_wconf 86' lang='lat' dir='ltr'><strong>dientiae,</strong></span> <span class='ocrx_word' id='word_1_706' title='bbox 2739 5180 2798 5233; x_wconf 91' lang='lat' dir='ltr'><strong>et</strong></span> <span class='ocrx_word' id='word_1_707' title='bbox 2839 5171 3118 5252; x_wconf 86' lang='lat' dir='ltr'><strong>imposita</strong></span> <span class='ocrx_word' id='word_1_708' title='bbox 3147 5191 3337 5251; x_wconf 89' lang='lat' dir='ltr'><strong>poena</strong></span> <span class='ocrx_word' id='word_1_709' title='bbox 3367 5181 3687 5252; x_wconf 84' lang='lat' dir='ltr'><strong>perpetuae</strong></span> <span class='ocrx_word' id='word_1_710' title='bbox 3713 5193 3964 5255; x_wconf 84' lang='lat' dir='ltr'><strong>suspen-</strong></span> 
     </span>
     <span class='ocr_line' id='line_1_105' title="bbox 2414 5264 3986 5348; baseline 0.006 -24"><span class='ocrx_word' id='word_1_711' title='bbox 2414 5264 2600 5325; x_wconf 88' lang='lat' dir='ltr'><strong>sionis</strong></span> <span class='ocrx_word' id='word_1_712' title='bbox 2629 5285 2662 5327; x_wconf 89' lang='lat' dir='ltr'><strong>a</strong></span> <span class='ocrx_word' id='word_1_713' title='bbox 2700 5266 2967 5337; x_wconf 87' lang='lat' dir='ltr'><strong>Divinis,</strong></span> <span class='ocrx_word' id='word_1_714' title='bbox 3010 5287 3079 5326; x_wconf 85' lang='lat' dir='ltr'><strong>ne</strong></span> <span class='ocrx_word' id='word_1_715' title='bbox 3120 5269 3371 5345; x_wconf 84' lang='lat' dir='ltr'><strong>deinceps</strong></span> <span class='ocrx_word' id='word_1_716' title='bbox 3397 5266 3608 5328; x_wconf 80' lang='lat' dir='ltr'><strong>Missas</strong></span> <span class='ocrx_word' id='word_1_717' title='bbox 3646 5266 3986 5348; x_wconf 65' lang='lat' dir='ltr'><strong>Vespa-nino.</strong></span> 
     </span>
     <span class='ocr_line' id='line_1_106' title="bbox 2422 5361 3961 5440; baseline 0.004 -22"><span class='ocrx_word' id='word_1_718' title='bbox 2422 5369 2658 5440; x_wconf 83' lang='lat' dir='ltr'><strong>tempore</strong></span> <span class='ocrx_word' id='word_1_719' title='bbox 2699 5361 3021 5438; x_wconf 77' lang='lat' dir='ltr'><strong>hujusmodi</strong></span> <span class='ocrx_word' id='word_1_720' title='bbox 3066 5364 3454 5432; x_wconf 80' lang='lat' dir='ltr'><strong>licentiarum,</strong></span> <span class='ocrx_word' id='word_1_721' title='bbox 3499 5371 3549 5420; x_wconf 89' lang='lat' dir='ltr'><strong>et</strong></span> <span class='ocrx_word' id='word_1_722' title='bbox 3582 5362 3961 5438; x_wconf 83' lang='lat' dir='ltr'><strong>facultatum,</strong></span> 
     </span>
    </p>

    <p class='ocr_par' dir='ltr' id='par_1_9' title="bbox 2867 5491 2876 5526">
     <span class='ocr_line' id='line_1_107' title="bbox 2867 5491 2876 5526; baseline 0 0"><span class='ocrx_word' id='word_1_723' title='bbox 2867 5491 2876 5526; x_wconf 72' lang='lat' dir='ltr'><strong>l</strong></span> 
     </span>
    </p>
   </div>
  </div>
 </body>
</html>
