4393 6299
943 526 1056 579 288

763 679 1032 750 darunt,
1077 687 1145 739 nt
1183 676 1303 738 hoc
1351 673 1598 737 interim
1640 671 1872 736 fructus
1921 670 2309 745 baereditatis

762 772 1332 855 multiplicarentur,
1361 768 1573 830 dilatio
1604 768 1892 848 temporis
1917 774 2191 830 avertere
2213 783 2317 844 po-

659 875 660 880 ’
764 870 903 932 terit
929 886 1107 946 supra
1139 864 1469 943 expositam
1515 861 2114 925 dismembrationem
2152 857 2305 918 redi·

761 973 934 1027 tuum
964 960 1594 1039 Archipresbyteratus
1617 1006 1634 1028 ,
1663 976 1856 1038 eoque
1912 955 2130 1016 fortius
2171 971 2309 1014 cum

759 1058 982 1121 erectio
1007 1053 1366 1134 Collegiatae
1399 1061 1633 1131 petatur
1664 1071 1825 1112 nunc
1862 1070 1971 1129 pro
1999 1060 2142 1110 tunc
2168 1094 2182 1117 ,
2216 1066 2310 1107 se-

762 1162 897 1217 cuta
929 1149 1206 1211 videlicet
1249 1155 1442 1208 morte
1478 1143 1996 1226 Archipresbyteri
2028 1187 2043 1202 .
2102 1140 2309 1202 Tertio

761 1248 907 1329 qnia
935 1246 1271 1306 Testatores
1293 1241 1370 1303 de
1399 1240 1833 1303 Maltraversiis
1854 1286 1869 1310 ‚
1896 1238 2121 1319 quibus
2157 1233 2313 1315 opti·

764 1361 863 1403 me
884 1338 1291 1401 innotescebat
1308 1336 1644 1417 amplitudo
1665 1335 1980 1396 redituum
2001 1330 2318 1411 Archipre-

762 1433 992 1518 sbyteri
1020 1480 1037 1505 ‚
1084 1432 1410 1493 voluerunt
1438 1479 1454 1503 ,
1502 1430 1666 1512 quod
1695 1449 1773 1491 ex
1821 1427 2121 1490 fructibus
2172 1444 2341 1487 suae)

760 1527 1149 1593 baereditatis
1189 1526 1383 1588 eidem
1425 1525 1879 1606 assignarentur
1927 1525 2103 1585 librae
2135 1526 2310 1582 1000.

762 1644 873 1706 pro
899 1620 1270 1704 quotidianis
1297 1619 1866 1689 distributionibus;
1898 1618 2051 1678 itaut
2079 1635 2313 1694 semper

759 1716 1082 1780 incalescat
1112 1722 1487 1794 assumptum
1515 1713 1592 1775 de
1631 1733 1754 1776 non
1786 1710 2156 1774 admittenda
2185 1711 2312 1771 dis-

761 1812 1201 1874 membratione
1266 1810 1571 1870 redituum
1629 1807 2312 1890 Archipresbyteratus3

762 1927 1023 1987 cmuque
1057 1904 1367 1966 memorati
1397 1906 1735 1965 Testatores
1773 1902 2027 1965 ulterius
2062 1904 2312 1964 deman-

763 2001 1044 2064 daverint
1067 2045 1084 2073 ,
1131 1998 1292 2079 quod
1328 1997 1556 2060 reditus
1585 2018 1793 2058 omnes
1820 1998 2270 2077 applicarentur
2292 2042 2307 2070 ‚

759 2106 822 2158 et
844 2102 1336 2158 converterentur
1364 2093 1427 2154 in
1455 2092 1909 2154 distributiones
1931 2093 2315 2173 quotidianas

763 2188 1174 2269 percipiendas
1202 2207 1237 2249 a
1280 2186 1596 2249 Canonicis
1620 2231 1637 2258 ,
1664 2186 1770 2267 qui
1816 2187 1895 2247 ab
1925 2186 2061 2247 aliis
2105 2186 2312 2246 Patro-

763 2283 858 2343 nis
895 2288 1037 2344 sunt
1065 2278 1481 2361 praesentandi
1512 2325 1529 2354 ,
1571 2278 1685 2341 boc
1733 2289 1930 2341 tamen
1958 2279 2312 2359 superaddi-

763 2386 860 2449 to,
888 2375 1053 2458 quod
1085 2374 1486 2437 canonicatus
1524 2383 2026 2453 nuncuparentur
2057 2374 2121 2433 de
2149 2373 2312 2434 Mal-

761 2472 1051 2533 travsrsiis
1077 2518 1092 2539 ,
1117 2469 1462 2531 continetur
1484 2468 1548 2529 in
1571 2468 1688 2530 bac
1715 2488 1780 2530 re
1806 2467 2103 2546 quaedam
2147 2468 2164 2526 i
2175 2488 2314 2528 nor·

760 2566 966 2627 dinata
998 2564 1275 2624 voluntas
1299 2608 1316 2629 .
1348 2582 1507 2642 quae
1550 2563 1749 2623 obstat
1792 2561 2076 2622 erectioni
2119 2559 2314 2622 Colle·

761 2660 989 2738 giatae.
1033 2659 1267 2732 Quarto
1295 2657 1441 2736 quia
1470 2656 1532 2715 in
1558 2656 1675 2717 hac
1704 2654 2002 2716 erectione
2026 2654 2318 2735 Collegia-

766 2762 892 2823 tae,
921 2749 1211 2811 nonnulla
1248 2748 1543 2810 Beneficia
1573 2748 1822 2809 fundata
1851 2748 1916 2809 in
1945 2748 2081 2810 aliis
2111 2747 2316 2809 Eccle-

766 2845 872 2905 siis
900 2845 960 2904 in
993 2841 1391 2904 Canonicatus
1415 2840 1564 2920 erigi
1596 2841 1838 2911 debent,
1876 2842 2038 2921 quod
2068 2859 2188 2902 non
2220 2860 2316 2902 so·

761 2939 894 3000 lum
943 2937 1297 2999 adversatur
1347 2935 1644 2996 voluntati
1700 2935 2114 2996 Fundatorum
2145 2983 2160 3006 ,
2214 2936 2316 2996 sed

767 3033 949 3095 etiam
976 3029 1407 3113 praejudicium
1430 3030 1605 3091 affert
1625 3029 2107 3111 vigintiquatuor
2131 3031 2318 3091 Bene-

767 3126 1004 3197 ficiatis‚
1038 3125 1143 3206 qui
1173 3122 1349 3185 modo
1371 3130 1512 3185 sunt
1532 3123 1595 3184 in
1621 3122 1886 3186 Ecclesia
1910 3122 1970 3184 S.
1997 3123 2311 3203 Stephani,

766 3230 829 3285 et
859 3221 965 3302 qui
993 3221 1130 3283 aliis
1150 3220 1586 3299 subsequenter
1607 3208 1993 3281 admittendis
2016 3218 2310 3299 praeferri

769 3316 844 3378 de
859 3317 1003 3397 jure
1034 3314 1363 3375 deberent.

885 3406 1213 3487 Excipiunt
1241 3424 1277 3466 e
1313 3413 1518 3468 contra
1540 3405 1868 3468 scribentes
1890 3425 2000 3486 pro
2028 3405 2317 3479 Consilio,

769 3510 829 3564 et
851 3500 1295 3564 Communitate
1319 3500 1543 3562 Casalis
1564 3500 1834 3581 Maioris,
1864 3508 1924 3562 et
1954 3519 2062 3580 pro
2085 3502 2321 3561 Execu·

771 3596 1003 3658 toribus
1020 3595 1506 3656 Testamentariis
1533 3614 1660 3655 esse
1682 3593 1878 3654 locum
1910 3595 2139 3677 gratiae
2173 3596 2321 3656 Ere-

768 3690 984 3752 ctionis
1012 3689 1374 3770 Collegiatae
1399 3734 1416 3761 ,
1444 3709 1579 3749 cum
1611 3688 1913 3769 Oppidum
1940 3690 2013 3750 sit
2039 3690 2278 3772 Insigne
2301 3735 2317 3762 ‚

770 3793 831 3848 et
859 3786 980 3846 Dos
1002 3784 1078 3845 sit
1106 3785 1513 3867 maximopere
1533 3803 1818 3864 congrua.
1853 3783 2082 3844 Deinde
2112 3803 2312 3864 prose-

768 3878 1011 3959 quondo
1039 3897 1289 3939 examen
1312 3876 1734 3955 exceptionum
1778 3878 2219 3957 propositarum
2256 3878 2322 3938 in

768 3970 1076 4034 luculento
1108 3969 1394 4051 suffragio
1419 3969 1890 4031 Eminentissimi
1941 3970 2275 4031 Zondadari
2302 4015 2319 4042 ,

774 4066 837 4128 in
862 4085 936 4128 eo
954 4065 1117 4146 quod
1142 4064 1355 4126 attinet
1376 4063 1451 4125 ad
1476 4063 1736 4143 primum
1757 4072 2048 4145 punctum
2074 4112 2089 4136 ,
2113 4065 2323 4127 dicunt

767 4178 890 4219 non
920 4159 1118 4219 deesse
1139 4157 1415 4235 exempla
1450 4157 1818 4219 erectionem
1842 4156 2311 4238 collegiatarum

768 4252 950 4314 etiam
979 4270 1117 4311 cum
1144 4250 1678 4312 dismembratione
1713 4251 1954 4312 Mensae
1986 4251 2308 4330 Archipre-

769 4344 1091 4427 sbyteralis
1110 4389 1127 4417 ,
1184 4364 1289 4406 nec
1339 4344 1495 4405 banc
1547 4363 1675 4405 esse
1723 4344 2317 4408 dismembrationem

771 4439 969 4502 Sacris
1009 4438 1356 4501 Canonibus
1403 4458 1645 4499 exosam
1670 4483 1687 4511 ‚
1725 4446 1854 4500 tum
1902 4442 2047 4520 quia
2089 4438 2158 4501 fit
2212 4460 2319 4520 pro

770 4539 1096 4615 augmento
1113 4531 1310 4594 cultus
1346 4530 1537 4591 divini
1564 4576 1581 4602 ,
1618 4540 1745 4591 tum
1776 4532 1921 4611 quia
1949 4542 2037 4594 est
2064 4533 2319 4613 pedisse-

771 4646 892 4708 qua
927 4624 1243 4686 mutationi
1269 4633 1458 4685 status
1489 4622 1809 4696 Ecclesiae,
1841 4624 1902 4684 in
1939 4643 2132 4705 eoque
2156 4627 2319 4706 quod

771 4727 997 4803 spectat
1019 4718 1094 4780 ad
1118 4715 1445 4778 secundum
1479 4724 1789 4797 punctum,
1819 4719 2011 4799 ajunt,
2035 4720 2097 4778 in
2119 4719 2321 4799 operi—

772 4814 889 4878 bus
933 4812 1048 4894 piis
1087 4810 1490 4891 adimplendis
1540 4830 1660 4873 non
1710 4830 1837 4872 esse
1879 4811 2320 4894 indulgendum

771 4906 1207 4977 dilationibus,
1250 4913 1311 4967 et
1349 4922 1585 4983 morae,
1638 4914 1698 4966 et
1745 4905 2084 4986 signanter,
2135 4927 2273 4969 cum
2300 4955 2317 4983 ,

773 5001 938 5064 ultra
959 5001 1292 5063 Testatores
1314 4998 1389 5059 de
1416 4997 1849 5060 Maltraversiis
1874 4999 1978 5061 alii
2001 5002 2085 5081 pii
2108 5004 2312 5065 Testa-

772 5103 933 5159 tores
959 5140 977 5169 ,
1015 5093 1245 5173 aliique
1272 5090 1467 5154 adsint
1494 5090 1729 5152 Fideles
1752 5135 1771 5164 ,
1800 5093 1905 5173 qui
1935 5093 2128 5174 legata
2162 5095 2322 5158 sece-

772 5197 959 5260 runt,
988 5189 1218 5268 absque
1264 5184 1505 5246 indulto
1534 5186 1967 5267 cujuscumque
1992 5189 2322 5251 dilationis.

773 5283 1070 5356 Demum,
1118 5279 1421 5360 loquendo
1462 5277 1538 5338 de
1577 5277 2030 5343 difficultatibus
2056 5284 2330 5347 excitatis

773 5395 850 5439 ex
868 5375 1075 5438 relicto
1093 5394 1302 5438 eorum
1323 5374 1398 5435 de
1417 5371 1875 5449 Maltraversiis,
1901 5378 2321 5456 praetendunt,
2364 5375 2371 5381 ’

783 5470 1018 5535 eusdem
1054 5469 1119 5533 in
1151 5468 1311 5533 facto
1337 5486 1462 5532 non
1488 5466 1816 5531 subsistere
1841 5516 1858 5541 ,
1892 5489 1998 5534 nec
2034 5488 2159 5533 esse
2215 5493 2322 5536 no·

1948 516 2391 589 commones
2431 515 2793 570 canonicis

2421 687 2566 731 vum
2594 713 2612 741 ‚
2641 665 2805 749 quod
2835 663 2899 726 in
2918 661 3322 726 erectionibus
3358 658 3724 740 Collegiatae
3746 656 3968 720 unian-

2421 770 2524 824 tur
2556 759 2851 822 Beneflcia
2887 759 2963 821 de
2985 759 3484 838 Jurepatronatus
3532 752 3851 814 existentia
3898 752 3967 814 in

2421 856 2557 917 aliis
2585 854 2863 917 Ecclesiis
2892 903 2907 924 ,
2939 853 3275 921 secedente,
3309 856 3482 929 prout
3527 847 3646 919 bic,
3676 865 3969 909 consensu

2427 947 2820 1012 patronorum
2844 994 2861 1022 ,
2887 956 2946 1009 et
2976 947 3119 1027 quia
3150 947 3212 1005 in
3243 944 3501 1020 allegato
3518 941 3807 1020 suffragio
3827 940 3973 1001 dici·

2421 1053 2522 1107 tur
2544 1043 2866 1107 Ecclesiam
2891 1042 2951 1103 S.
2985 1039 3269 1121 Stephani
3299 1038 3457 1099 ultra
3477 1035 3972 1115 Archipresbyte-

2424 1160 2560 1201 rum
2582 1185 2599 1211 ,
2628 1147 2688 1200 et
2718 1137 2988 1199 Vicarios
3020 1135 3322 1216 adjutores
3362 1131 3429 1191 in
3455 1149 3600 1191 cura
3628 1131 3852 1191 babere
3875 1126 3970 1188 vi-

2424 1235 2840 1316 gintiquatuor
2860 1230 3159 1311 simplices
3185 1226 3606 1296 Beneficiatos,
3639 1223 3744 1305 qui
3770 1222 3970 1284 eidem

2423 1328 2761 1390 inserviunt
2785 1327 2848 1389 in
2880 1324 3115 1387 Divinis
3135 1372 3150 1394 ,
3184 1321 3576 1402 respondetur
3603 1318 3771 1381 aliud
3798 1337 3926 1379 esse
3945 1364 3965 1390 ,

2424 1422 2585 1503 quod
2619 1422 2914 1483 Ecclesiae
2939 1417 3303 1481 inserviatur
3352 1435 3387 1477 a
3432 1413 3806 1495 simplicibus
3847 1413 3961 1473 Be-

2427 1515 2749 1587 neficiatis,
2779 1513 2885 1595 qui
2926 1513 3005 1575 ab
3034 1510 3341 1591 Episcopis
3387 1527 3506 1570 non
3557 1515 3854 1587 coguntur
3892 1505 3973 1567 ad
4050 1572 4056 1576 ,

2423 1610 2851 1682 Residentiam,
2876 1617 2936 1671 et
2956 1626 3094 1670 raro
3116 1603 3532 1667 interveniunt
3554 1600 3974 1662 functionibus

2418 1705 2825 1768 ecclesiasticis
2847 1750 2864 1776 ,
2915 1701 3083 1767 aliud
3121 1718 3262 1762 vero
3289 1744 3306 1772 ,
3339 1696 3503 1779 quod
3547 1697 3744 1758 eidem
3780 1696 3976 1757 inser-

2416 1802 2622 1863 viatur
2639 1819 2675 1862 a
2702 1797 2988 1878 collegio,
3012 1805 3073 1859 et
3099 1794 3273 1858 Clero
3299 1794 3365 1856 in
3399 1802 3560 1856 statu
3586 1789 3969 1872 collegiatae.

2541 1894 2834 1969 Quocirca
2867 1891 3223 1972 quaeritur:

2539 1988 2634 2047 An
2657 2036 2673 2059 ,
2705 1998 2756 2047 et
2787 1987 3057 2066 quomodo
3104 1986 3180 2044 sit
3208 1981 3491 2062 siquando
3526 1980 3868 2060 supplicatio
3912 1979 3977 2037 in

2422 2101 2555 2143 casu
2578 2093 2679 2142 otc.
3614 2103 3620 2108 ·

2527 2275 2678 2324 Sacra
2705 2272 2906 2338 Congr.
2933 2268 3021 2322 die
3046 2267 3142 2318 23.
3172 2264 3381 2335 Augusti
3415 2263 3717 2333 respondit:

2605 2359 2825 2421 Dilata,
2851 2369 2904 2410 et
2928 2355 3280 2409 examinetur
3312 2371 3498 2407 coram
3527 2348 3977 2406 Eminentia-imo

2422 2445 2715 2516 Praefecto
2747 2446 2966 2508 unodus,
3004 2444 3153 2512 quod
3183 2441 3485 2510 Collegium
3519 2444 3690 2507 possit
3729 2438 3870 2506 erigi
3888 2477 3902 2501 ,
3932 2449 3987 2489 ee

2418 2554 2602 2589 comm
2631 2534 2817 2587 eodem
2840 2531 3287 2587 Etninentissae‘mo
3310 2525 3838 2597 Proficeoimen‘m
3861 2523 3980 2577 red-

2419 2624 2587 2678 datur
2628 2624 2773 2676 ratio
2821 2622 2890 2675 ab
2931 2619 3486 2684 Administraeoribus
3535 2616 3602 2669 de
3642 2613 3985 2667 haereditate

2420 2711 2830 2766 maltravenia.
3692 2697 3695 2698 ⁷

2853 2901 3215 2977 QUAESTto
3260 2898 3560 2962 ccxxn.

2568 3106 2643 3169 In
2670 3105 2863 3169 Causa
2890 3104 3283 3167 Ratisbouensi
3312 3101 3574 3164 Vimriao
3590 3147 3612 3173 ¹,
3641 3100 3733 3162 dis
3757 3104 3819 3161 Ω.

2884 3234 2889 3241 ·
2965 3215 3218 3295 Anqusti
3246 3216 3422 3274 1721.

2427 3350 2616 3469 Cum
2643 3405 2867 3477 Abbas,
2892 3412 2950 3467 et
2974 3402 3252 3466 Monacbi
3283 3398 3567 3463 Coenobii
3585 3398 3651 3460 in
3677 3395 3970 3459 Waldas-

2426 3520 2551 3562 sen.
2584 3500 2831 3561 Ordinis
2862 3496 3269 3560 Cisterciensis
3308 3495 3499 3557 felicis
3545 3492 3979 3556 recordationis

2428 3594 2715 3656 Clementi
2757 3593 2952 3673 Papae
3001 3592 3112 3652 xl.
3145 3576 3555 3670 exposuissent
3580 3634 3598 3660 ‚
3628 3586 3787 3668 quod
3839 3605 3986 3665 apo-

2428 3687 2633 3750 stolica
2687 3687 3090 3748 intercedente
3133 3685 3488 3747 auctoritate
3525 3681 3818 3743 Bonisacii
3859 3672 3991 3742 1x.*

2429 3792 2487 3844 et
2513 3782 2664 3843 Sixti
2694 3782 2802 3843 lv.
2844 3779 3175 3841 nonnullae
3203 3799 3311 3839 suo
3343 3776 3707 3840 Monasterio
3740 3775 3981 3837 fuerant

2429 3876 2635 3936 unitae
2659 3874 3034 3955 Parecbiales
3059 3874 3360 3935 Ecclesiae
3383 3872 3733 3954 praesertim
3756 3875 3819 3930 in
3836 3869 3980 3930 Tur-

2431 3979 2686 4042 senrcut‚
2738 3969 2973 4030 Benthel
3033 3969 3310 4032 Wondreb
3334 4014 3350 4041 ,
3394 3966 3794 4045 Falkcmberyh
3840 3983 3995 4026 cum·

2431 4083 2706 4146 expressa
2731 4062 3013 4124 facultate
3034 4083 3134 4123 eas
3160 4061 3504 4124 moderandi
3529 4081 3634 4141 per
3655 4058 3981 4120 Monachus

2431 4160 2507 4221 ad
2541 4167 2753 4218 nutum
2780 4157 3166 4229 amovibiles‚
3202 4177 3303 4217 seu
3339 4176 3442 4236 per
3469 4155 3814 4216 Sacerdotes
3848 4171 3979 4214 sae·

2430 4253 2663 4315 culares
2689 4300 2707 4325 ,
2739 4260 2798 4312 et
2822 4251 2984 4332 quod
3006 4251 3435 4313 Consistorium
3465 4248 3822 4329 Episcopale
3864 4247 3978 4308 Ec-

2430 4348 2644 4411 clesiae
2674 4344 3121 4407 Ratisbonensis
3144 4345 3206 4404 in
3237 4342 3703 4404 controversiam
3731 4359 3978 4402 revoca-

2432 4442 2532 4503 bat
2558 4440 2898 4502 facultatem
2927 4436 3309 4518 praeficiendi
3334 4437 3616 4497 Monacos
3642 4453 3822 4497 curae
3843 4431 3979 4494 ani-
4088 4492 4095 4493 a

2430 4554 2689 4605 marum,
2721 4542 2780 4595 et
2802 4552 2902 4595 eos
2926 4552 3033 4613 pro
3060 4531 3247 4594 animi
3277 4531 3572 4592 sententia
3606 4524 4003 4597 removendi,'

2428 4630 2735 4692 fuer-unta
2777 4627 3101 4689 Sanctitate
3145 4627 3267 4688 Sua
3319 4645 3521 4707 preces
3570 4622 3851 4686 remissae
3900 4618 3979 4684 ad

2430 4722 2586 4786 banc
2612 4723 2742 4783 Sac.
2772 4719 3327 4803 Congregationem.
3740 4742 3741 4745 ¹
3770 4788 3779 4801 ἡ
3868 4796 3873 4801 ·

2548 4815 2849 4894 Scriptum
2884 4814 2997 4874 fuit
3012 4816 3185 4896 juxta
3213 4833 3439 4874 morem
3465 4807 3982 4893 pro'insormatio-
4087 4883 4101 4895 ι

2433 4930 2508 4971 ne
2533 4910 2862 4972 Ordinario
2896 4908 3334 4979 Ratisbonensi,
3357 4916 3415 4969 et
3443 4908 3549 4969 ille
3572 4906 3633 4967 in
3665 4907 3789 4967 suis
3816 4904 3980 4966 litte-

2434 5004 2516 5065 ris
2544 5003 2830 5065 unionem
2874 5002 3170 5064 dictarum
3202 5000 3603 5062 Ecclesiarum
3654 4998 3995 5073 parochiaf

2435 5098 2583 5159 lium
2628 5096 2913 5169 admisit,
2947 5097 3053 5158 sed
3097 5096 3326 5158 addidit
3380 5096 3458 5156 ab
3508 5088 4013 5155 immemorabili*

2436 5201 2700 5272 tempore
2728 5190 2909 5252 fuisse
2935 5190 3007 5250 ad
3035 5210 3133 5250 eas
3154 5191 3232 5251 ab
3268 5189 3604 5251 Abbatibus
3635 5196 3981 5266 praesenta·

2438 5294 2524 5346 tos
2576 5295 2863 5364 tanquam
2894 5283 3165 5345 Vicarios
3220 5292 3534 5364 perpetuos
3561 5327 3577 5353 ‚
3632 5280 3982 5342 Sacerdotes

2433 5380 2765 5443 saeculares
2787 5424 2804 5452 ,
2839 5378 2945 5459 qui
2994 5378 3302 5440 ordinaria
3339 5375 3693 5439 auctoritate
3727 5374 3980 5440 fuerunt

2435 5473 2732 5549 instituti,
2783 5492 2890 5536 nec
2932 5490 3205 5554 unquam
3231 5472 3561 5555 ⁸retroactis
3609 5471 3990 5553 temporibus
