4393 6299
945 471 1016 531 2⁸
1937 465 2390 536 Qfflsrtoxss
2442 464 2809 523 ementes

760 621 991 708 ’ΜΘ
1021 634 1128 700 ⁶⁰2
1175 620 1340 706 ¹1¹¹⁰d
1365 618 1705 702 qumquam
1729 619 1949 683 referat
1972 621 2295 685 Decretum
2347 642 2356 655 ²

2430 617 2549 700 ptis
2573 665 2593 694 ‚
2636 620 2723 682 uti
2753 621 3179 685 demandatum
3207 622 3324 686 fuit
3362 626 3443 688 ab
3466 626 3761 709 Episcopo
3788 631 3847 692 in
3870 634 3979 695 Ta·

762 723 1088 807 allegatum
1109 717 1455 800 Capitulum
1476 718 1620 781 anni
1651 723 1824 780 1703.
1860 725 1989 780 tum
2009 720 2155 800 quia
2191 720 2310 782 fuit
2423 713 2597 776 bellis
2619 736 2728 795 pro
2759 717 3089 798 regulauda
3118 717 3449 785 officiatura
3477 721 3978 789 CatbedralisEc-

761 820 1119 899 abrogatum
1150 817 1229 879 ab
1255 813 1377 877 alio
1406 816 1657 877 Decreto
1674 813 2008 895 Capitulari
2029 816 2190 877 edito
2212 817 2312 878 die

761 921 821 977 5.
860 915 1064 979 Martii
1096 916 1270 975 1704.
1319 911 1406 974 uti
1450 918 1704 974 testatur
1751 911 2308 974 Reverendissimus

755 1002 1254 1093 'Archiepiscopus
1278 1006 1339 1068 in
1362 1026 1473 1069 suo
1492 1015 1653 1079 voto,
1677 1007 1837 1086 quod
1861 1006 2113 1068 laudum
2132 1029 2306 1089 prae-

754 1106 972 1179 cessit,
1003 1114 1130 1167 tum
1163 1103 1306 1184 quia
1334 1102 1597 1183 primum
1633 1101 1784 1163 illud
1817 1102 2136 1164 Decretum
2178 1122 2301 1165 non

755 1203 874 1266 fuit
920 1199 1276 1265 auctoritate
1326 1196 1636 1260 ordinaria
1683 1194 1977 1259 vallatum
2005 1240 2022 1257 .
2081 1197 2302 1262 Subdit

754 1315 1000 1380 quoque
1022 1293 1293 1356 scribens
1320 1309 1432 1372 pro
1459 1290 1762 1353 Canonico
1796 1289 2068 1353 Guerino
2095 1337 2112 1363 ‚
2154 1311 2300 1354 con-

752 1390 1132 1456 suetudinem
1166 1384 1465 1448 Ecclesiae
1510 1384 2011 1467 Metropolitanae
2052 1384 2306 1449 Floren-

751 1491 917 1552 tinae
962 1502 1083 1545 non
1117 1500 1244 1544 eme
1279 1480 1594 1561 probatam
1635 1499 1710 1542 ex
1757 1479 2135 1543 attestatione
2173 1480 2306 1553 Ma·¹

747 1581 918 1665 gistri
952 1575 1468 1642 caeremoniarum
1495 1621 1512 1648 ,
1560 1595 1670 1637 nec
1722 1582 1809 1636 est
1855 1575 2256 1641 omittendum
2285 1624 2301 1651 ,

747 1676 913 1760 quod
941 1669 1656 1754 allegatae‘resolutiones
1681 1668 2175 1751 congregationis
2196 1669 2305 1733 Sa-

746 1789 989 1835 crorum
1032 1767 1286 1830 Rituum
1327 1760 1680 1835 firmanteS,
1714 1763 1879 1842 quod
1913 1764 2303 1844 coadjutores

747 1863 1127 1946 Dignitatum
1153 1906 1170 1933 ,
1203 1865 1263 1921 et
1289 1876 1412 1919 non
1459 1855 1757 1919 Canonici'
1792 1854 2053 1936 explere
2084 1857 2304 1921 debent

741 1957 1082 2021 functiones
1130 1960 1461 2034 spectantes
1499 1950 1576 2013 ad
1620 1950 2002 2033 ¹Dignitatem
2037 1951 2298 2035 Coadju·

740 2061 888 2127 tam,
919 2052 1167 2113 fuerunt
1192 2049 1271 2110 ab
1304 2042 1416 2109 hac
1438 2047 1618 2108 Sacra
1647 2045 2123 2128 Congregatione
2147 2047 2296 2109 Con·

740 2148 866 2213 ciiii
891 2155 1173 2208 extensae
1196 2143 1271 2205 ad
1306 2141 1692 2224 Coadjutores
1721 2140 2295 2215 Canonicorum31n

740 2261 919 2308 causa
946 2239 1169 2303 etenim
1202 2235 1473 2299 Casalen.
1523 2235 1999 2298 confirmationis
2041 2239 2247 2299 statuti
2277 2285 2293 2311 ,

738 2335 1044 2420 proposita
1066 2332 1167 2394 die
1188 2336 1287 2392 28.
1319 2330 1595 2391 Januarii
1630 2335 1804 2392 1690.
1853 2330 1916 2390 in
1945 2326 2067 2411 qu'a
2105 2351 2291 2411 quae-

734 2433 918 2496 situm
974 2427 1132 2502 fuit,
1186 2445 1264 2488 an
1301 2424 1638 2503 coadjmori
1668 2473 1684 2495 ,
1734 2422 1954 2486 absente
2009 2424 2298 2488 Canonico

737 2525 1020 2603 coadjuto
1045 2568 1062 2595 ,
1101 2521 1425 2582 indistincte
1475 2528 1744 2600 competat
1790 2522 2126 2580 exercitium
2174 2539 2291 2581 om-

733 2624 898 2683 nium
917 2618 1275 2699 functionum
1291 2616 1385 2674 sui
1410 2612 1682 2692 coadjuti
1706 2660 1723 2685 ‚
1749 2613 1884 2675 licet
1909 2612 2193 2676 Canonici
2228 2616 2289 2677 in

734 2714 951 2778 ordine
973 2698 1352 2774 succedentes
1375 2707 1833 2789 praetenderent
1861 2727 1971 2795 eas.
2002 2710 2077 2771 ad
2102 2730 2166 2771 se
2185 2758 2203 2783 ,
2233 2720 2293 2773 et

734 2828 857 2873 non
881 2806 958 2870 ad
980 2803 1369 2886 coadjutores
1385 2801 1826 2864 canonicorum
1849 2802 2170 2882 pertinere,
2206 2824 2293 2867 re-

732 2918 1016 2983 sponsum
1042 2897 1191 2968 fuit,
1229 2896 1423 2975 danda
1445 2915 1553 2956 esse
1580 2894 1814 2957 Decreta
1836 2916 2014 2975 supra
2037 2900 2289 2976 alloquia

730 3018 768 3060 o
794 2994 981 3056 Sacra
997 2993 1241 3053 Rituum
1266 2986 1709 3069 Conqreqatz‘one
1737 2990 1892 3051 edita
1913 2992 1979 3049 t'n
2000 2989 2291 3055 Patavina

734 3089 988 3153 videlicet
1011 3132 1029 3161 ,
1054 3095 1109 3152 et
1131 3083 1463 3163 Neritonea.

849 3182 964 3245 His
992 3179 1221 3263 positis,
1244 3178 1562 3260 quaeritur
1674 3243 1679 3248 ,

850 3277 899 3339 1.
935 3275 1030 3336 Aa
1064 3273 1389 3337 canonicus
1419 3270 1736 3351 coadjutus
1763 3275 1937 3354 possit
1959 3293 2151 3364 perlae
2191 3278 2283 3357 ip-

729 3393 850 3437 sum
867 3371 1093 3452 explere
1101 3369 1415 3447 functiones
1432 3375 1790 3448 nuncupatas
1807 3368 1873 3428 de
1886 3367 2281 3444 Hebdomada,

728 3478 782 3530 et
808 3464 1001 3526 Tarm
1017 3465 1082 3523 in
1107 3483 1242 3525 casu
1268 3471 1371 3523 ete.

846 3557 928 3618 11.
962 3556 1057 3617 An
1095 3576 1156 3618 eo
1192 3556 1491 3636 impedito,
1520 3556 1606 3636 cel
1630 3555 1873 3626 nolente,
1900 3557 2074 3635 possit
2102 3555 2285 3618 dictas

724 3654 1035 3734 finctiones
1058 3668 1320 3731 peraqere
1347 3646 1663 3725 coadjutor
1682 3695 1697 3716 ,
1730 3666 1827 3708 seu
1854 3651 2041 3728 potius
2059 3650 2160 3727 jus
2190 3671 2283 3712 eas

726 3746 996 3829 explevi&
1017 3745 1345 3806 devolvatur
1370 3743 1447 3804 ad
1472 3739 1828 3804 eanonicam
1847 3743 1913 3802 in
1942 3741 2136 3805 Turno
2154 3765 2280 3807 suc-

725 3842 1084 3906 cedentem'ia
1104 3857 1239 3900 casu
1262 3880 1279 3898 .
1758 3838 1767 3848 ·

829 4048 969 4100 Sacr.
996 4046 1194 4113 Congr.
1224 4040 1312 4093 die
1340 4042 1394 4092 9.
1417 4037 1545 4110 Apu-q
1568 4041 1724 4092 ¹³18.
1755 4042 2070 4109 respondit,

901 4131 998 4187 Ad
1024 4134 1073 4183 1.
1102 4124 1445 4198 firmative
1465 4165 1480 4191 ,
1533 4137 1587 4178 et
1610 4127 1867 4197 amplius.
1919 4129 2016 4181 Aa
2035 4129 2086 4204 2.
2117 4125 2280 4212 “ffirss'

719 4222 939 4288 malive,
968 4217 1156 4288 quoad
1171 4215 1410 4289 primam
1433 4225 1668 4286 partem,
1717 4226 1770 4267 et
1809 4217 2054 4285 negative
2098 4218 2285 4288 quoad

710 4308 1006 4367 secundum
1028 4346 1039 4358 .

1176 4467 1540 4574 QuAEsrt‘o
1575 4496 1815 4557 xxm.

916 4683 989 4751 In
1014 4686 1209 4751 Causa
1235 4685 1485 4749 Gallim.
1518 4685 1607 4746 die
1631 4688 1690 4746 9.
1719 4684 1862 4766 Apr.
1895 4690 2068 4748 1718.

715 4821 1015 4942 Comites
1038 4876 1113 4939 de
1141 4872 1370 4946 Lutiis,
1400 4871 1473 4935 ad
1503 4890 1656 4953 quos
1686 4874 1829 4953 jure
1857 4872 2275 4937 haereditarie

714 4972 1014 5042 Familiae
1037 4967 1483 5032 Brancaleonae
1510 4965 1769 5046 pertinet
1785 4967 1883 5048 jus
1910 4968 2268 5031 nominandi

716 5071 792 5136 ad
826 5063 1278 5149 Cappellaniam
1324 5062 1388 5123 in
1441 5060 1783 5122 cathedrali
1822 5061 2080 5125 Ecclesia
2126 5063 2263 5126 Cal-

715 5164 890 5228 liensi
922 5167 1180 5223 erectam
1230 5157 1348 5219 suh
1375 5154 1761 5217 invocatione
1784 5156 1844 5216 S.
1872 5157 2257 5232 Bernardini,

712 5257 1109 5328 contendunt,
1132 5250 1565 5334 Cappellanum
1590 5268 1625 5312 a
1649 5269 1713 5311 se
1730 5249 2107 5313 nominatum
2139 5271 2272 5313 non

717 5352 913 5418 teneri
942 5349 1178 5411 deferre
1203 5345 1480 5409 Pluviale
1505 5343 1684 5407 certis
1708 5345 1923 5407 diebus
1941 5392 1957 5418 ‚
1994 5353 2054 5407 et
2104 5346 2268 5408 cele-‘

713 5450 899 5518 brare
923 5444 1103 5510 certis
1124 5440 1352 5525 pariter
1387 5439 1602 5504 diebus
1618 5484 1637 5515 ,
1667 5446 1728 5503 et
1760 5438 1927 5502 boris
1966 5442 2225 5527 praescri
2233 5476 2258 5490 ·

2420 808 2637 872 etesiae
2662 811 2956 875 exaratis.

2538 904 2956 967 Fundamenta
3003 905 3307 970 dictorum
3337 909 3638 973 Comitum
3676 912 3750 974 do
3779 915 3975 978 Lutiis

2419 997 2754 1061 consistunt
2797 999 2860 1060 in
2903 1000 3000 1062 his
3020 1047 3037 1073 ‚
3086 1021 3244 1082 quae
3296 1012 3670 1085 sequuntur:
3715 1010 3973 1088 probant

2421 1092 2628 1174 itaque
2650 1095 2869 1175 primo,
2903 1096 3131 1158 reditus
3153 1097 3580 1179 Cappellaniae
3605 1122 3732 1164 esse
3758 1104 3820 1164 in
3843 1124 3972 1167 scu·

2420 1187 2496 1249 tis
2523 1193 2621 1249 27.
2653 1198 2713 1251 et
2754 1190 2957 1253 obulis
2982 1196 3080 1254 30.
3120 1202 3397 1256 monetae
3426 1195 3682 1270 Urbini;
3711 1219 3974 1280 cumque

2417 1280 2820 1363 Cappellanus
2848 1292 3124 1348 teneatur
3147 1288 3458 1351 celebrare
3484 1290 3758 1370 quolibet
3803 1313 3967 1357 anno

2418 1376 2630 1439 Missas
2655 1382 2787 1439 182.
2813 1377 3086 1443 inferunt
3098 1399 3239 1443 eum
3258 1381 3398 1445 aliis
3417 1385 3705 1447 oneribus
3724 1389 3968 1469 gravari

2417 1491 2537 1532 non
2570 1474 2861 1552 potuisse.

2531 1568 2808 1630 Secundo
2837 1570 3231 1645 contendunt,
3259 1573 3426 1652 quod
3456 1593 3667 1648 onera,
3699 1584 3827 1638 tum
3865 1578 3970 1641 de·

2414 1659 2657 1724 lationis
2677 1661 2992 1733 Pluvialis‚
3024 1672 3153 1726 tum
3187 1666 3616 1729 celebrationis
3643 1672 3821 1733 certis
3846 1672 3973 1734 die·

2413 1756 2548 1828 bus,
2571 1765 2630 1818 et
2660 1757 2848 1830 horis,
2882 1757 3227 1822 nullatenus
3244 1761 3447 1824 adsint
3492 1763 3556 1823 in
3612 1764 3975 1831 fundatione

2411 1849 2836 1932 Cappellaniae
2860 1899 2876 1925 ,
2927 1853 3075 1916 hinc
3130 1855 3483 1925 deducendo
3532 1878 3650 1919 non
3703 1861 3974 1940 potuisse

2411 1947 2770 2027 Episcopum
2796 1967 2981 2009 onera
3000 1968 3325 2030 apponere,
3340 1970 3499 2033 quae
3526 1953 3543 2012 i
3552 1973 3589 2013 n
3611 1953 3976 2021 fundatione

2411 2059 2529 2101 non
2554 2050 2696 2103 sunt
2741 2043 3046 2123 apposita.
3101 2045 3176 2106 Et
3215 2047 3497 2126 quamvis
3538 2047 3975 2130 Cappellaniae

2410 2135 2822 2223 fundationem
2871 2137 3149 2201 invenire
3218 2159 3339 2202 non
3392 2144 3741 2222 potuerint,
3810 2147 3973 2210 alias

2407 2239 2605 2296 tamen
2619 2231 3150 2313 Cappellaniarum
3172 2243 3511 2297 erectarum
3528 2236 3591 2298 in
3613 2237 3969 2303 Catbedrali

2405 2325 2665 2388 Ecclesia
2700 2326 3081 2391 fundationes
3102 2328 3415 2405 exhibent,
3443 2330 3505 2393 in
3529 2331 3756 2413 quihus
3775 2354 3971 2399 onera

2406 2421 2695 2483 recensita
2727 2441 2847 2483 non
2876 2422 3280 2485 inveniuntur
3304 2468 3320 2485 .

2520 2516 2724 2579 Tertio
2774 2517 2956 2579 iidem
3010 2521 3257 2581 Actores
3283 2529 3596 2594 asserunt,
3622 2522 3971 2586 observan-

2403 2609 2548 2671 tiam
2579 2608 2690 2691 pro
2718 2630 2783 2673 se
2813 2612 3100 2686 militare,
3134 2613 3211 2675 ad
3243 2614 3407 2695 quod
3437 2626 3820 2695 assumptum
3863 2619 3974 2681 de·

2404 2706 2861 2767 monstrandum
2886 2752 2903 2779 ,
2944 2709 3148 2769 Testes
3185 2708 3503 2788 proferunt
3534 2709 3919 2789 deponentes
3950 2758 3967 2785 ,

2399 2800 2559 2880 quod
2596 2801 2688 2860 sui
2727 2800 3078 2881 Cappellani
3116 2802 3189 2864 ad
3221 2802 3467 2863 libitum
3502 2802 3566 2864 in
3607 2805 3974 2872 cathedrali

2399 2893 2662 2957 Ecclesia
2710 2895 3099 2960 celebrarunt
3146 2906 3320 2960 extra
3367 2898 3498 2960 dies
3517 2945 3536 2969 ‚
3579 2910 3641 2962 et
3677 2899 3878 2965 horas
3911 2907 3977 2966 in
4026 2959 4030 2963 .

2399 2989 2665 3052 Tabellis
2694 2991 3114 3073 praescriptas.

2518 3085 2606 3148 Ad
2616 3105 2821 3146 versus
2842 3085 2991 3149 haec
3014 3085 3252 3167 reponit
3269 3085 3626 3168 Episcopus,
3649 3107 3718 3152 se
3742 3110 3975 3156 curare

2395 3181 2841 3243 observantiam
2884 3180 3278 3243 Tabellarum
3304 3227 3321 3256 ‚
3362 3183 3443 3244 ob
3471 3201 3611 3243 eum
3646 3184 3856 3247 solum
3895 3189 3973 3248 ti-

2399 3295 2535 3337 nem
2559 3321 2576 3348 ,
2609 3295 2685 3337 ne
2711 3294 2820 3338 sua
2863 3275 3240 3338 Catbedralis
3264 3275 3472 3338 debito
3497 3276 3827 3342 fraudetur
3856 3283 3976 3344 ob·

2393 3368 2603 3449 sequio
2629 3388 2644 3430 ε
2675 3388 2796 3450 ψῃ)
2829 3369 3151 3448 praemissa
3176 3370 3606 3450 protestatione
3632 3419 3650 3443 ,
3698 3375 3919 3438 subdit
3950 3421 3969 3450 ,

2394 3464 2714 3544 antiquum
2758 3484 2886 3525 esse
2941 3477 3169 3526 morem
3217 3460 3522 3527 Ecclesiae
3582 3465 3919 3532 Calliensis
3949 3517 3971 3547 ,

2392 3559 2552 3638 quod
2569 3558 2721 3620 fiant
2745 3558 3054 3630 Tabellae,
3078 3568 3209 3620 tum
3241 3578 3350 3640 pro
3377 3559 3698 3630 diebus,in
3721 3564 3979 3642 quibus

2389 3653 2736 3715 Sacerdotes
2765 3654 2987 3716 debent
3012 3654 3248 3716 deferre
3275 3653 3598 3724 Pluvialia,
3628 3663 3767 3717 tum
3795 3659 3975 3738 pari·
4005 3661 4010 3662 ⁷

2389 3756 2480 3809 ter
2501 3768 2609 3828 pro
2628 3749 2864 3822 diebus,
2895 3760 2948 3811 et
2983 3748 3149 3810 boris
3167 3798 3182 3819 ‚
3210 3750 3270 3810 in
3311 3750 3537 3829 quibus
3561 3750 3795 3814 Missae
3821 3763 3979 3818 suut

2387 3842 2805 3915 celebrandae,
2832 3861 2990 3924 quae
3010 3862 3126 3916 res,
3153 3850 3220 3903 ut
3253 3845 3513 3923 ponatur
3531 3843 3598 3905 in
3620 3843 3843 3922 claris,
3865 3867 3976 3911 co·

2388 3936 2546 4015 piam
2575 3935 2986 3998 authenticam
3017 3931 3348 3998 transmisit
3391 3936 3807 4018 antiquarum
3839 3944 3971 4005 Ta·

2387 4029 2709 4103 bellarum,
2726 4049 2954 4092 necnon
2975 4031 3257 4110 antiquas
3274 4031 3472 4093 Consti
3480 4031 3758 4097 tutiones
3770 4036 3982 4100 editas

2383 4141 2577 4204 usque
2597 4124 2672 4186 de
2699 4143 2862 4186 anno
2890 4130 3064 4185 1568.
3098 4125 3161 4186 in
3193 4124 3417 4204 quibus
3454 4143 3490 4187 a
3533 4126 3670 4189 suis
3694 4128 3977 4193 Praedo-

2384 4218 2720 4279 eessoribus
2745 4217 3176 4280 demandatum
3211 4227 3323 4289 est,
3374 4227 3440 4279 ut
3467 4219 3622 4281 ordo
3656 4223 3976 4289 Tabellae

2385 4313 2872 4392 serveturquoad
2889 4313 3354 4374 celebrationem
3385 4314 3721 4377 Missarum
3753 4318 3823 4378 in
3850 4321 3978 4381 Ca-

2387 4406 2646 4468 tbedrali
2675 4405 2939 4468 Ecclesia
2970 4406 3333 4484 explendam
3359 4449 3374 4465 .

2502 4502 2690 4562 Affcrt
2712 4495 2967 4562 ulterius
2983 4501 3272 4562 Edictum·
3283 4502 3555 4582 Episcopi
3590 4503 3973 4579 Castellani,

2381 4594 2756 4674 publicatum
2800 4614 2962 4657 anno
3000 4598 3175 4655 1689.
3238 4594 3301 4655 in
3356 4613 3477 4674 quo
3511 4593 3845 4674 loquendo
3894 4602 3983 4665 de

2378 4689 2759 4769 Cappellanis
2799 4688 3106 4770 obligatis·
3130 4688 3207 4749 ad
3237 4687 3679 4749 celebrandum
3732 4693 3802 4754 in
3860 4697 3978 4759 Ca.

2372 4781 2628 4844 tbedrali
2654 4781 2940 4855 Ecclesia,
2954 4781 3105 4843 haec
3120 4781 3424 4843 habentur
3443 4802 3459 4840 ε
3486 4780 3617 4843 Con
3640 4785 3694 4844 it
3705 4801 3980 4865 presente

2371 4876 2596 4956 publico
2629 4875 2859 4947 Edicto,
2891 4877 3156 4936 incr-mdo
3178 4876 3351 4936 anche
3376 4875 3439 4936 al
3468 4875 3713 4940 Decreta
3758 4882 3841 4944 da
3867 4887 3976 4945 ηοί

2373 4989 2542 5050 sopra
2565 4971 2626 5029 di
2648 4972 2734 5029 cio
2761 4969 2907 5049 sotto
2933 4971 3091 5031 nella
3112 4967 3300 5029 Sacra
3339 4968 3546 5039 Visite,
3573 4976 3928 5039 ordim‘amo
3946 5025 3969 5054 ,

2371 5082 2400 5124 e
2418 5065 2806 5125 comundiamo
2832 5084 2871 5125 a
2899 5066 3035 5124 tutti
3065 5066 3110 5123 li
3139 5061 3481 5141 Cappellam'
3500 5111 3514 5131 ,
3551 5073 3727 5127 tanto
3755 5089 3972 5151 perpe..

2375 5160 2485 5227 tui,
2505 5178 2652 5217 come
2673 5159 2985 5225 amocibili,
3011 5159 3107 5217 che
3134 5158 3325 5216 hamio
3351 5158 3399 5214 it
3420 5176 3546 5236 peso
3574 5160 3643 5218 di
3665 5165 3978 5229 celebrare

2370 5251 2524 5312 nella
2549 5252 2703 5312 detta
2735 5251 3059 5312 Camdrale
3080 5298 3097 5320 ,
3125 5252 3222 5310 che
3247 5252 3749 5318 inviolabitmente
3771 5279 3972 5322 osser-

2369 5348 2501 5406 vino
2520 5344 2594 5405 da
2629 5348 2750 5406 loro
2787 5348 2965 5415 stessi,
2992 5365 3025 5404 ο
3045 5364 3146 5424 per
3163 5363 3353 5405 mezzo
3379 5346 3601 5406 d'altri
3660 5350 3726 5411 la
3764 5356 3967 5420 solita

2373 5443 2558 5503 tcvota
2583 5484 2601 5515 ,
2631 5446 2682 5501 st
2716 5441 2860 5501 delle
2888 5439 3068 5503 Messe
3092 5448 3342 5510 cantate,
3367 5457 3518 5501 come
3546 5441 3702 5508 delle
3732 5451 3968 5529 prim,
