4393 6299
954 467 1064 522 808

776 623 1058 685 Bonacin.
1109 641 1260 703 oper.
1313 622 1519 683 moral.
1569 628 1703 680 tom.
1766 623 1822 680 1.
1879 617 1945 677 de
2000 616 2309 694 irreyutor.

776 720 988 798 disput.
1019 722 1078 777 7.
1106 724 1320 793 quaest.
1343 719 1402 774 2.
1426 724 1619 794 punct.
1664 717 1724 773 2.
1755 712 2022 791 proposit.
2066 715 2119 770 1.
2152 730 2313 768 num.

780 815 876 871 12.
905 821 956 871 et
983 815 1076 870 13.
1109 822 1164 866 ct
1190 808 1326 867 licet
1355 806 1633 868 nonnulli
1658 813 1868 886 putent
1900 804 2054 864 hanc
2082 803 2317 883 irregu-

775 904 1077 967 laritatem
1111 903 1225 963 sibi
1277 901 1474 963 locum
1504 900 1921 963 tantummodo
1966 897 2274 958 vindicare
2299 941 2315 969 ,

776 997 1021 1078 quando
1045 993 1352 1076 publicum
1375 1002 1486 1068 est,
1507 1003 1568 1056 et
1590 1002 1821 1065 notum,
1857 1011 2171 1072 porsonam
2194 1009 2322 1052 esse

778 1089 1322 1162 Hermafroditam,
1353 1089 1652 1150 Marchin.
1696 1098 1864 1149 tract.
1907 1091 1960 1147 1.
1993 1088 2058 1146 de
2104 1084 2321 1147 Sacra-

776 1197 958 1246 mcnto
1000 1183 1236 1245 Ordinis
1262 1204 1392 1264 par.
1430 1189 1483 1244 1.
1522 1204 1645 1263 cap.
1679 1189 1738 1244 2.
1787 1203 1945 1242 num.
1990 1185 2084 1241 11.
2140 1178 2315 1240 Tolet.

780 1284 842 1340 in
869 1301 1072 1340 summ.
1123 1281 1219 1339 lib.
1271 1284 1324 1339 1.
1353 1300 1478 1360 cap.
1526 1284 1626 1340 63.
1657 1298 1816 1338 num.
1851 1282 1908 1339 6.
1948 1275 2207 1337 Gibalin.
2257 1276 2322 1333 de

777 1378 1018 1453 irrequt.
1056 1397 1180 1455 cap.
1210 1380 1267 1435 3.
1299 1385 1528 1435 constet.
1554 1380 1610 1433 6.·
1645 1376 1706 1433 in
1734 1374 1836 1453 fin.
1868 1371 2086 1432 horum
2116 1377 2321 1431 tamen

777 1470 1105 1531 Auctorum
1129 1470 1286 1534 dicta
1316 1468 1716 1529 communiori
1749 1466 2082 1529 sententiae
2104 1465 2320 1527 adver-

775 1571 1022 1635 santur,
1049 1570 1195 1623 teste
1220 1561 1453 1622 Fittiuc.
1477 1582 1626 1642 oper.
1656 1563 1858 1623 moral.
1890 1573 2021 1621 tom.
2057 1565 2111 1622 1.
2145 1570 2312 1622 tract.

781 1663 878 1718 19.
905 1661 1031 1737 cap.
1060 1663 1118 1717 6.
1147 1676 1306 1717 num.
1342 1662 1476 1718 163.
1505 1656 1647 1718 etin
1667 1655 1940 1717 terminis
1959 1655 2323 1717 emittendae

778 1750 1163 1832 professionis
1187 1749 1435 1813 firmant
1469 1751 1743 1811 Pellizar.
1774 1754 1889 1811 toco
1914 1753 2111 1819 citato,
2142 1749 2318 1810 Perez

781 1847 896 1906 loco
912 1846 1132 1926 pariter
1146 1847 1341 1916 citato,
1366 1843 1581 1925 Capon.
1610 1846 1837 1924 discept.
1868 1849 2005 1904 220.
2035 1863 2193 1903 num.
2220 1847 2318 1904 34.

778 1939 989 2002 Donat.
1025 1942 1098 1999 in
1120 1942 1301 2019 praxi
1323 1959 1516 2000 rerum
1549 1940 1750 2018 Requl.
1783 1949 1916 1999 tom.
1950 1943 2010 1998 2.
2044 1948 2213 1999 tract.
2263 1942 2320 1996 3.

777 2036 845 2096 de
864 2036 1239 2115 qualitatibus
1260 2036 1704 2114 recipiendorum
1735 2043 1948 2112 quaest.
1972 2038 2071 2094 23.
2100 2052 2201 2112 per
2218 2042 2319 2092 tot.

777 2127 1087 2191 Monocett.
1121 2130 1187 2188 in
1229 2130 1462 2207 formed.
1508 2130 1677 2206 leqali
1717 2139 1848 2187 tom.
1896 2132 1953 2187 3.
1990 2129 2081 2186 tit.
2120 2131 2175 2185 1.
2210 2127 2321 2203 for·

775 2225 937 2284 mula
971 2228 1068 2285 36.
1109 2242 1268 2283 num.
1324 2229 1423 2283 29.
1461 2224 1660 2285 Tertia
1696 2232 1784 2284 est
1811 2221 2001 2284 videri
2023 2222 2324 2304 judiciuin

777 2336 904 2380 esse
929 2318 1151 2381 debere
1183 2317 1574 2390 Medicorum,
1608 2318 1655 2379 si
1686 2319 1760 2380 de
1792 2318 1939 2380 viris
1964 2326 2179 2399 agatur
2204 2361 2220 2389 ,
2254 2323 2321 2376 ut

776 2411 1161 2493 dignoscatur
1205 2411 1457 2492 quinam
1514 2433 1589 2473 ex
1636 2413 1879 2474 sexibus
1926 2411 2270 2493 praevaleat
2307 2457 2321 2479 ,

776 2506 932 2569 itaut
959 2507 1151 2568 solum
1179 2506 1614 2569 Hermafroditi
1647 2507 1870 2569 dictum
1922 2525 2042 2568 uon
2072 2506 2150 2567 sit
2195 2503 2323 2566 ullo

768 2599 958 2666 ,modo
980 2599 1277 2660 sufficiens
1303 2599 1560 2660 Sanchez
1589 2601 1652 2661 de
1679 2603 1931 2661 matrim.
1955 2602 2053 2660 lib.
2079 2604 2141 2660 7.
2173 2599 2324 2678 disp.

782 2699 917 2755 106.
948 2714 1108 2754 num.
1140 2699 1200 2754 2.
1237 2693 1535 2756 Cabassut.
1572 2697 1635 2754 in
1678 2697 1850 2754 theor.
1892 2706 1943 2755 et
1969 2697 2148 2775 praxi
2168 2694 2329 2772 juris

783 2787 1005 2849 Canon.
1046 2790 1142 2847 tib.
1173 2793 1230 2849 3.
1256 2808 1381 2868 cap.
1419 2795 1516 2849 25.
1548 2808 1707 2848 ntem.
1745 2793 1838 2849 17.
1875 2789 2157 2850 Monac-el.
2212 2790 2327 2847 loco

782 2884 881 2942 cit.
912 2901 1070 2941 num.
1111 2886 1211 2942 26.
1250 2883 1457 2943 Donat.
1509 2885 1621 2942 loco
1659 2886 1878 2962 pariter
1927 2884 2023 2942 cit.
2062 2901 2222 2942 num.
2259 2886 2318 2941 7.

784 2975 1053 3038 clericae.
1079 2977 1144 3036 de
1173 2975 1437 3037 Sacram.
1466 2976 1682 3036 Poenit.
1713 2979 1875 3036 decis.
1905 2980 2002 3036 43.
2034 2995 2192 3035 num.
2228 2980 2321 3036 10.

783 3070 892 3132 nbi
929 3069 1169 3153 regulas
1217 3071 1461 3132 deducit
1510 3071 1585 3133 ad
1624 3091 1747 3132 rem
1775 3117 1792 3144 ,
1829 3071 1904 3132 de
1957 3089 2078 3151 qua
2123 3070 2332 3152 agitur

784 3165 1012 3227 medice
1040 3165 1511 3247 perpendendas3
1531 3166 1800 3247 adeoque
1820 3186 1957 3227 cum
1977 3166 2039 3226 in
2063 3165 2325 3246 quadam

785 3277 962 3321 causa
985 3306 1002 3333 ,
1029 3260 1124 3321 cui
1177 3258 1391 3343 titulus
1436 3270 1565 3321 erat
1603 3261 1851 3321 Dubium
1887 3258 2285 3321 ordinationis
2312 3306 2330 3333 ,

786 3372 944 3434 quae
982 3353 1097 3416 fuit
1123 3356 1185 3415 in
1216 3355 1330 3417 bac
1358 3355 1488 3415 Sac.
1525 3356 1995 3437 Congregatione
2027 3354 2332 3436 proposita

788 3450 879 3509 die
902 3453 998 3509 16.
1029 3448 1359 3511 Novembris
1389 3454 1421 3508 -1
1434 3454 1569 3509 686.
1619 3469 1896 3531 quaeque
1922 3449 2038 3510 fuit
2064 3449 2333 3510 resoluta

793 3544 884 3604 die
916 3547 1008 3604 11.
1056 3542 1339 3603 Januarii
1370 3547 1543 3605 1687.
1593 3544 1936 3605 dubitatum
1988 3542 2195 3605 fuisset
2258 3544 2333 3604 de

791 3637 1051 3718 quodam
1075 3637 1348 3707 Novitio,
1376 3639 1480 3719 qui
1506 3645 1635 3698 erat
1657 3639 1982 3698 emissurus
2003 3628 2329 3700 professio·

791 3750 934 3793 nem
958 3777 973 3803 ,
1003 3750 1081 3793 an
1109 3741 1259 3793 esset
1285 3731 1773 3793 Hermafroditus
1797 3777 1813 3805 ,
1844 3740 1902 3793 et
1931 3730 2015 3793 sic
2058 3751 2137 3793 an
2179 3740 2331 3795 esset

793 3825 1186 3909 irregularia,
1215 3834 1275 3887 et
1322 3844 1458 3888 cum
1507 3845 1578 3888 eo
1619 3834 1770 3888 esset
1817 3827 2284 3907 dispensandum
2316 3875 2331 3897 ,

794 3920 984 3983 auditi
1013 3919 1263 3982 fuerunt
1288 3920 1528 3992 Medici,
1553 3920 1816 4002 quicum
1848 3919 2186 3981 retulissent
2215 3922 2333 3981 Re-

798 4013 1112 4096 ligiosum,
1143 4013 1220 4075 de
1240 4032 1362 4094 quo
1390 4015 1713 4095 agebatur,
1758 4032 1884 4074 esse
1932 4032 2195 4086 marem,
2231 4031 2338 4074 nec

797 4109 861 4169 in
890 4126 962 4169 eo
986 4105 1349 4168 considerari
1377 4127 1544 4188 posse
1589 4108 1780 4169 ullam
1822 4127 1990 4168 secus
2015 4107 2337 4187 duplicita-

799 4209 943 4270 tem,
990 4219 1338 4280 responsum
1370 4201 1486 4263 fuit
1530 4221 1665 4261 eum
1706 4221 1824 4262 non
1880 4221 2005 4264 esse
2045 4202 2341 4284 irregula-

801 4302 952 4367 rc'm,
989 4303 1047 4356 81
1071 4294 1364 4374 judicium
1395 4296 1612 4356 debere
1633 4315 1757 4356 esse
1793 4296 2244 4369 Matronarum,
2295 4295 2343 4356 si

801 4390 877 4452 de
900 4389 1149 4469 Virgine
1165 4395 1378 4471 agatur
1398 4389 1473 4451 ad
1496 4390 1927 4451 Professionem
1949 4390 2340 4461 admittenda,

798 4476 969 4565 ¹juxta
1000 4484 1241 4545 Textum
1281 4485 1346 4543 'in
1370 4500 1496 4564 cap.
1548 4503 1776 4544 causam
1803 4486 1869 4543 de
1893 4486 2112 4564 probat.
2165 4482 2344 4563 quid-

799 4579 952 4661 'qnid
978 4570 1170 4653 esset}
1200 4578 1250 4639 si
1284 4587 1563 4660 ageretur
1597 4578 1671 4638 de
1696 4597 1788 4651 ea,
1839 4596 1997 4658 quae
2030 4579 2151 4658 jam
2200 4577 2345 4637 Pro-

799 4672 1120 4734 fessionem
1165 4672 1454 4735 emisisset
1485 4675 1662 4754 juxta
1707 4670 2002 4735 celebrem
2033 4673 2145 4733 dec.
2210 4675 2344 4732 136.

797 4768 1074 4849 'Spei-etti.
1349 4758 1392 4793 ⁵¹·
1619 4804 1623 4815 ·

797 4874 806 4879 “
871 4938 874 4943 .
926 4858 1040 4923 His
1064 4854 1401 4934 stantibtffl,
1425 4860 1763 4943 quaeritur:

928 4957 978 5016 I.
1027 4955 1120 5015 'An
1166 4953 1403 5017 Novitia
1434 4952 1509 5016 s'it
1542 4954 1891 5018 admittenda
1925 4956 2001 5015 ad
2043 4948 2352 5033 professio-

805 5070 934 5113 nem
959 5053 1023 5111 in
1044 5070 1180 5111 casu
1209 5059 1310 5110 ete.
1341 5061 1394 5111 et
1413 5061 1688 5129 quatenus
1715 5049 1991 5128 neqative:

803 5160 816 5173 ·
928 5144 1009 5207 ΙΙ.
1049 5146 1142 5205 A‘n
1170 5158 1296 5231 qum
1318 5162 1383 5205 ea
1415 5146 1490 5203 sit
1531 5130 1961 5223 dispensandum
1986 5145 2050 5203 in
2087 5164 2223 5204 casu
2251 5152 2352 5204 etc.

801 5340 812 5345 ’
920 5328 1413 5416 588τιι·ζοηςι·“.““’ᾶί8
1440 5328 1489 5399 6.
1519 5346 1825 5401 Decembris
1859 5351 2006 5402 1721.
2041 5350 2333 5418 respondIt:

807 5442 818 5452 '
897 5442 906 5452 ‘
995 5434 1094 5487 Ad
1121 5444 1404 5503 utrumque
1431 5428 1708 5503 Negatio?-

1977 463 2420 532 Quffis‘riomzs
2458 462 2814 520 canentem.

2780 613 3140 690 QUAESTIO
3196 609 3611 678 ccxxxvll.

2431 806 2499 865 In
2525 805 2714 866 Causa
2758 804 3126 890 Praenestina
3145 852 3161 875 ,
3192 804 3281 866 dte
3302 806 3402 863 22.
3439 803 3766 865 Novembris
3794 801 3967 864 ¹721.

2432 936 2969 1076 Archipresbyter
3018 996 3241 1058 Terrae
3294 991 3564 1073 Zagaroli
3591 1038 3607 1064 ,
3677 990 3976 1053 Dioecesis

2433 1090 2853 1152 Praenestinae
2870 1089 3012 1152 huic
3032 1089 3162 1151 Sac.
3185 1087 3646 1169 congregationi
3672 1087 3971 1168 exposuit,

2431 1188 2593 1266 quod
2625 1186 2687 1245 in
2718 1184 2920 1246 Platea
2947 1183 3140 1247 dictae
3166 1186 3406 1256 Terrae,
3440 1183 3742 1245 Animalia
3775 1180 3975 1243 Porci·

2430 1299 2510 1342 na
2537 1280 2882 1342 venduntur
2902 1282 3083 1340 obuiis
3111 1285 3204 1340 17.
3232 1280 3319 1341 nti
3344 1279 3531 1359 vulgo
3554 1277 3775 1339 dicitur
3804 1278 3976 1339 lade-

2429 1377 2559 1437 cina
2582 1381 2607 1448 ,'
2636 1375 2684 1436 si
2714 1373 2933 1436 solutio
2968 1375 3073 1437 fiat
3104 1376 3167 1434 in
3222 1381 3536 1445 numerata
3591 1371 3841 1451 pecunia
3866 1417 3884 1444 ,
3915 1378 3978 1434 81

2429 1469 2591 1548 quod
2626 1467 2815 1549 aliqui
2851 1469 3214 1530 Mercatores
3241 1467 3457 1529 divites
3488 1467 3647 1528 dicta
3675 1465 3979 1528 Animalia

2429 1563 2577 1624 dare
2617 1570 3098 1633 consueverunt,
3131 1560 3338 1621 habita
3382 1560 3504 1622 fide
3531 1560 3607 1621 de
3652 1559 3845 1639 pretio
3871 1604 3889 1632 ,
3918 1566 3981 1620 et

2430 1657 2630 1726 modo,
2668 1654 2772 1738 qui
2804 1656 3099 1737 sequitur,
3133 1665 3202 1717 ut
3220 1655 3519 1724 videlicet,
3551 1653 3597 1715 si
3623 1652 3843 1715 solutio
3874 1652 3980 1714 681

2431 1751 2706 1832 proximo
2764 1761 3032 1831 tempore
3082 1749 3386 1812 paschatis
3458 1746 3932 1810 Resurrectionis
3957 1792 3976 1820 ,

2430 1846 2743 1908 solvantur
2770 1845 3074 1907 Animalia
3118 1845 3191 1907 ad
3229 1845 3525 1906 rationem
3553 1845 3851 1902 conten-um
3881 1844 3977 1901 19.

2441 1943 2500 2002 ta
2527 1942 2753 2010 «lecina,
2783 1948 2844 2001 ct
2887 1939 3048 2019 qnod
3098 1938 3146 2000 si
3199 1939 3515 1999 differatur
3542 1936 3766 1998 solutio
3792 1951 3986 2016 usque

2431 2037 2506 2098 ad
2542 2054 2803 2097 mensem
2834 2033 3085 2116 Augusti
3113 2081 3130 2106 ,
3161 2033 3384 2094 solutio
3414 2032 3521 2094 681
3557 2032 3633 2093 ad
3689 2028 3987 2092 rationem

2431 2133 2725 2191 obulorum
2750 2135 2849 2190 20.
2883 2132 3102 2210 pariter
3133 2131 3188 2189 la
3213 2130 3410 2188 (lecina
3436 2174 3453 2201 ,
3480 2133 3540 2188 et
3564 2124 3805 2206 quaerit
3827 2123 3985 2186 idem

2435 2227 2932 2308 Archipresbyter
2957 2275 2973 2297 ,
3006 2245 3081 2287 an
3109 2224 3170 2286 hi
3198 2223 3554 2287 Contractus
3581 2219 3813 2304 possint
3836 2217 3986 2282 tole-

2437 2344 2586 2386 rari.

2556 2422 2758 2493 Agunt
2787 2417 2861 2480 de
2883 2417 2997 2480 bac
3023 2436 3087 2478 re
3111 2413 3400 2490 Theologi
3424 2460 3439 2486 ,
3472 2419 3532 2474 et
3551 2412 3859 2491 signanter
3888 2407 3992 2470 Di-

2438 2536 2548 2575 vus
2570 2514 2834 2575 Thomas
2867 2518 2927 2573 2.
2979 2516 3039 2571 2.
3077 2520 3292 2589 qvmest.
3330 2514 3429 2570 78.
3461 2517 3575 2569 art.
3611 2511 3674 2566 2.
3707 2505 3783 2566 ad
3804 2509 3863 2564 7.
3902 2499 3988 2563 ibi

2436 2612 2489 2670 si
2512 2610 2724 2686 aliquis
2745 2609 2939 2668 carius
2962 2607 3073 2665 veli
3079 2614 3096 2662 t
3130 2604 3359 2664 vendere
3393 2621 3481 2661 res
3515 2620 3647 2660 suas
3672 2647 3687 2669 ,
3718 2616 3894 2677 quam
3918 2597 3992 2655 sit

2430 2704 2653 2780 justum
2676 2702 2943 2781 pretium,
2969 2709 3033 2756 ut
3058 2698 3121 2758 de
3144 2698 3380 2776 pecunia
3405 2695 3669 2754 solvenda
3700 2702 3995 2772 emptorem

2439 2804 2681 2875 expectet
2712 2839 2729 2866 ,
2783 2792 3074 2870 manifeste
3132 2809 3313 2849 visura
3381 2788 3756 2848 committitur
3784 2832 3800 2856 ,
3857 2784 3995 2862 quia

2441 2888 2761 2967 hujusmodi
2789 2887 3103 2964 expectatio
3133 2886 3306 2964 pretii
3330 2882 3581 2942 solvendi
3627 2881 3788 2940 habet
3813 2879 3995 2939 ratio·

2439 3004 2564 3044 nem
2587 2984 2773 3041 mutui
2797 3025 2813 3041 .
2846 2979 3002 3040 Uncle
3027 2979 3305 3057 quidquid
3327 2979 3485 3037 ultra
3506 2977 3730 3054 justum
3750 2975 3995 3054 pretium

2442 3096 2544 3159 pro
2607 3075 2927 3156 hujusmodi
2973 3074 3359 3154 expectatione
3406 3072 3662 3148 exiqitur
3685 3115 3700 3142 ,
3726 3078 3803 3129 est
3834 3067 3999 3145 quari

2438 3172 2685 3251 pretium
2706 3171 2919 3239 mutui,
2947 3169 3095 3247 quod
3117 3169 3359 3247 pertinet
3379 3166 3455 3226 ad
3470 3167 3747 3226 rationem
3765 3180 3993 3222 usurae.

2442 3265 2573 3328 Hoc
2608 3265 2803 3345 ipsum
2850 3264 3143 3343 repetitur
3192 3281 3224 3323 a
3275 3261 3336 3321 S.
3370 3262 3624 3321 Doctore
3654 3256 3860 3336 Opuse.
3892 3258 3994 3316 73.

2443 3362 2508 3420 de
2537 3363 2727 3420 usu-ris
2750 3380 2873 3438 cap.
2910 3365 2968 3419 8.
3001 3358 3107 3438 qui
3138 3355 3319 3416 etiam
3364 3354 3766 3434 iuterrogatus
3805 3369 3841 3411 a
3883 3350 3999 3411 Le-

2446 3463 2607 3515 ctore
2642 3452 2995 3514 Florentino
3025 3498 3041 3522 ,
3099 3460 3304 3512 utrum
3363 3449 3410 3509 si
3464 3447 3527 3508 in
3584 3442 3997 3524 expectatione

2447 3549 2732 3628 temporis
2754 3549 2827 3609 dc
2847 3546 3132 3607 solvendo
3154 3545 3347 3625 pretio
3373 3543 3508 3624 plus
3533 3548 3790 3620 petatur,
3808 3556 3995 3619 qnam

2444 3645 2492 3704 si
2527 3652 2666 3704 tuuc
2692 3642 2960 3702 solvatur
2995 3638 3253 3719 pretium
3277 3657 3415 3699 cum
3442 3655 3535 3697 res
3564 3633 3882 3706 venditur,
3913 3631 3993 3692 sit

2444 3737 2760 3797 usurarius
2792 3734 3169 3805 contrarius»,
3230 3731 3548 3793 collatione
3594 3729 3806 3789 habita
3860 3743 3998 3787 cum

2446 3830 2751 3893 Cat-dinali
2801 3828 3057 3891 Ostiensi
3114 3827 3198 3889 sic
3231 3845 3337 3906 per
3383 3824 3614 3886 litteras
3657 3818 3996 3901 respondit,

2446 3928 2619 3987 Teste
2648 3923 2715 3984 S.
2752 3923 3039 3984 Antonino
3061 3924 3124 3981 in
3158 3920 3401 3982 Summa
3422 3927 3579 3999 part.
3611 3920 3670 3976 2.
3701 3917 3793 3975 tit.
3822 3915 4003 3993 primo

2446 4039 2571 4099 cap.
2606 4024 2665 4080 8.
2691 4017 2756 4099 §-
2792 4023 2848 4079 t.
2886 4017 2996 4077 ibi:
3026 4017 3309 4096 supposito
3335 4060 3350 4086 ,
3390 4013 3538 4092 quod
3569 4008 3903 4071 consuetudo
3938 4005 4004 4067 de

2446 4114 2719 4173 dilatione
2747 4112 3045 4171 solutionis
3064 4128 3238 4184 usque
3266 4108 3343 4168 ad
3365 4108 3615 4185 spatium
3643 4104 3821 4162 trium
3847 4117 4002 4159 men-

2449 4210 2600 4267 sium
2624 4255 2636 4273 .
2687 4209 2832 4267 sicut
2860 4207 3200 4286 proponitur
3227 4251 3243 4273 ,
3270 4204 3345 4261 sit
3385 4201 3461 4261 ad
3487 4215 3773 4258 commune
3802 4197 4004 4253 bonum

2455 4300 2843 4360 Mercator-um
2864 4346 2879 4367 ‚
2905 4300 3115 4357 scilicet
3132 4316 3237 4376 pro
3265 4293 3623 4373 expediendis
3651 4287 4001 4349 mercationi·

2455 4395 2574 4463 bus,
2603 4404 2654 4452 et
2684 4412 2797 4452 non
2820 4395 2884 4450 in
2911 4392 3169 4469 fraudem
3197 4408 3506 4449 usurarum
3535 4384 3859 4444 introducta
3876 4430 3890 4451 ,
3915 4381 4002 4440 vi-

2457 4487 2621 4546 detur
2647 4484 2755 4546 esse
2782 4484 3263 4563 distinquenclum,
3291 4483 3427 4559 quia
3453 4488 3554 4540 aut
3587 4476 3853 4535 Venditor
3874 4490 4004 4533 ven-

2457 4580 2542 4639 dit
2567 4599 2699 4639 suas
2746 4599 2948 4639 merces
2994 4579 3069 4639 ad
3120 4578 3421 4636 terminum
3451 4572 3801 4653 praedictum
3846 4569 4005 4627 ultra

2458 4676 2829 4754 quantitatem
2868 4674 3018 4749 justi
3061 4672 3232 4751 pretii
3256 4679 3483 4748 propter
3526 4665 4000 4746 eaepectationem,

2460 4779 2562 4830 aut
2588 4769 2891 4827 secundum
2912 4767 3059 4844 justi
3080 4765 3252 4844 pretii
3284 4764 3697 4842 quantitatem.
3733 4756 3805 4817 Si
3823 4756 4008 4835 primo

2462 4864 2619 4922 modo
2643 4908 2658 4934 ,
2700 4882 2811 4921 non
2840 4871 2916 4921 cst
2948 4861 3215 4929 dubium,
3259 4877 3367 4917 esse
3406 4855 3741 4915 usurarium
3779 4856 4008 4909 contra-

2460 4966 2610 5016 ctum
2634 5002 2649 5029 ‚
2673 4976 2799 5015 cum
2824 4949 3135 5035 expectatio
3169 4952 3428 5031 temporis
3450 4949 3552 5031 sub
3595 4947 3775 5027 pretio
3799 4943 3969 5004 cadat
3982 4984 3999 5001 .

2464 5049 2538 5110 Si
2564 5061 2752 5111 autern
2771 5049 3008 5110 secundo
3034 5048 3192 5107 modo
3220 5096 3232 5117 ,
3280 5063 3393 5104 non
3437 5054 3516 5103 est
3545 5059 3725 5101 usura
3745 5057 3767 5098 .·
3794 5043 3852 5099 et
3900 5034 4007 5098 alii

2462 5142 2847 5215 concordant,
2895 5141 3068 5202 Azor.
3101 5142 3285 5199 instit.
3329 5137 3551 5219 Moral.
3582 5143 3716 5220 tom.
3760 5136 3817 5192 3.
3844 5139 4003 5212 part.

2464 5243 2521 5298 3.
2558 5238 2655 5297 lib.
2688 5241 2749 5295 7.
2774 5256 2897 5316 cap.
2933 5240 2990 5296 9.
3023 5233 3257 5297 Melina
3285 5233 3351 5293 de
3372 5229 3628 5309 justitia,
3650 5235 3704 5286 et
3716 5226 3850 5303 jure
3872 5234 4004 5285 tom.

2464 5336 2528 5392 2.
2556 5341 2722 5391 tract.
2747 5334 2805 5389 2.
2836 5330 3046 5408 disput.
3081 5333 3220 5389 355.
3261 5323 3594 5385 cardinatis
3627 5321 3693 5380 de
3719 5318 3879 5398 Lupo
3926 5337 4010 5378 eo-

2467 5428 2588 5487 dem
2620 5434 2783 5485 tract.
2810 5433 2940 5483 tom.
2965 5427 3024 5481 2.
3050 5422 3261 5502 disput.
3287 5423 3386 5480 26.
3409 5425 3537 5477 sect.
3569 5419 3629 5474 7.
3655 5411 3720 5494 S.
3754 5416 3813 5473 2.
3845 5429 4002 5472 num.
