4393 6299
976 493 1047 542 vn
1925 482 2371 558 QuAEsTioffls
2411 478 2770 538 cANoNtcffi

791 664 995 707 rerum
1020 651 1176 706 statu
1205 641 1531 705 celebratio
1560 640 1802 702 videtur
1821 638 2214 719 praescripta,
2239 634 2343 698 sed

789 756 910 801 non
940 738 1286 820 applicatiO,
1315 745 1382 798 ut
1410 736 1477 797 in
1500 734 1776 798 terminis
1799 730 2177 795 fundationis
2194 730 2342 811 Cap·

788 833 1088 913 pellaniae
1114 852 1248 894 cum
1278 849 1463 892 onere
1491 829 1881 910 quotidianae
1917 824 2345 889 celebrationis

788 929 1050 1008 quadam
1081 927 1228 988 bora
1259 925 1654 987 determinata
1673 968 1689 994 ,
1720 926 1873 984 accio
1900 923 2061 982 molti
2085 921 2347 1000 occupati

789 1025 1092 1102 ela'neqozj
1109 1024 1331 1103 pessino
1352 1021 1568 1083 andare
1602 1040 1640 1081 a
1670 1020 1909 1079 sentirla
1935 1063 1951 1090 ,
1981 1028 2031 1078 et
2055 1019 2119 1076 in
2145 1016 2345 1096 ispccie

2570 632 2840 715 Sequuto
2860 626 3186 692 Testatoris
3211 622 3381 687 obitu
3398 666 3416 696 ,
3441 618 3649 707 Patres
3674 618 3737 679 S.
3766 612 4006 697 Philip·

2452 728 2512 810 pi
2547 728 2979 790 renuntiarunt
3003 719 3360 787 haereditati
3385 764 3402 792 ,
3427 717 3762 795 eademque
3807 712 4010 775 delata

2451 824 2569 886 fuit
2612 823 2690 886 ad
2734 824 2937 884 Patres
2967 818 3452 886 Praedicatores‚
3487 810 3594 893 qui
3623 828 3758 871 eam
3799 808 4008 869 adive-

2455 927 2601 982 runt
2632 937 2771 981 cum
2800 915 3090 980 beneficio
3114 913 3262 994 legis
3290 956 3307 984 ,
3342 918 3402 971 et
3428 903 3797 977 Inventarii,
3831 900 4009 964 habi·-

2456 1022 2639 1095 toque
2667 1031 2912 1075 recursu
2942 1010 3018 1073 ad
3054 1007 3368 1069 vicarium
3400 999 3759 1064 Generalem
3794 998 4009 1057 Asten-

783 1121 870 1197 qli
890 1117 1120 1179 Scolari
1142 1117 1367 1197 quando
1389 1135 1578 1177 escono
1601 1116 1762 1175 dalla
1777 1113 2013 1183 Scuola,
2038 1109 2348 1191 respondit
2453 1130 2601 1182 sem,
2626 1109 2705 1171 ab
2728 1108 2935 1170 eodem
2968 1104 3369 1166 obtinuerunt
3386 1099 3476 1158 dic
3497 1100 3558 1156 2.
3580 1094 3804 1174 Aprilis
3827 1096 4002 1152 1696.

787 1212 936 1274 haec
968 1214 1147 1273 Sacra
1169 1210 1566 1292 Cougrcgatio
1595 1212 1659 1268 in
1689 1206 1907 1269 Collen.
1940 1206 2344 1288 applicationis
2446 1203 2806 1266 sententiam
2834 1247 2851 1275 ,
2894 1201 2961 1262 in
3004 1217 3125 1278 qua
3168 1193 3538 1256 declaratum
3583 1188 3700 1249 fuit
3726 1233 3743 1261 ‚
3791 1184 3954 1265 quod
3985 1229 4006 1257 ,

789 1307 1082 1389 Sacrificii
1131 1312 1225 1368 17.
1258 1305 1574 1366 Decembris
1604 1309 1776 1365 1679.
1823 1305 1919 1363 lib.
1951 1307 2048 1363 40.
2077 1300 2344 1361 Decreto-

788 1422 917 1463 rum
946 1404 1046 1480 sol.
1077 1406 1135 1463 4.
1164 1409 1223 1463 et
1252 1402 1315 1461 in
1348 1398 1621 1462 terminis
1662 1397 2089 1479 Cappellaniae
2111 1402 2346 1456 erectae

786 1517 924 1557 cum
953 1515 1137 1558 onere
1168 1503 1493 1576 perpetuae
1534 1493 1958 1555 celebrationis
2002 1491 2221 1552 Missae
2250 1491 2343 1551 al·

790 1594 830 1651 Γ
851 1612 954 1651 ora
977 1592 1072 1651 che
1096 1592 1257 1651 dalla
1280 1590 1467 1651 Dama
1486 1586 1801 1669 Superiora
1826 1589 1915 1648 clel
1943 1586 2259 1650 Monistero
2283 1584 2345 1644 di

787 1685 857 1747 S.
889 1683 1094 1747 Orsola
1117 1688 1202 1764 qli
1231 1690 1367 1746 sarci
1392 1687 1694 1766 prescritta
1717 1732 1735 1756 ,
1765 1704 1793 1744 c
1825 1685 2117 1761 diseqnata
2157 1701 2259 1761 per
2289 1681 2348 1739 ‘il

786 1783 1008 1842 eomodo
1029 1782 1170 1842 delle
1194 1801 1290 1841 sue
1310 1780 1613 1850 Monac-he,
1633 1778 1941 1859 respondit
1966 1777 2114 1838 haec
2132 1775 2342 1859 eadem

789 1877 969 1937 Sacra
996 1875 1391 1957 Congregatio
1415 1877 1480 1935 in
1510 1873 1887 1935 Tricastinea.
1935 1872 2341 1953 applicationis

790 1971 1083 2053 sacrificii
1108 2017 1123 2043 ‚
1166 1990 1312 2049 quae
1333 1971 1447 2048 suit
1471 1971 1757 2051 proposita
1804 1969 1893 2028 die
1925 1972 2017 2027 18.
2054 1966 2214 2028 Julii
2238 2013 2255 2037 ,
2292 1974 2344 2026 et

789 2067 1037 2127 resoluta
1057 2066 1145 2126 die
1164 2071 1222 2126 8.
1257 2065 1509 2144 Anqusei
1535 2069 1709 2125 1711.
1734 2066 1827 2124 uti
1848 2065 2085 2124 habetur
2107 2060 2207 2123 lib.
2240 2066 2340 2122 61.

788 2159 1151 2220 Deci-clerum
1175 2161 1276 2237 fol.
1305 2165 1444 2220 332.
1477 2169 1528 2219 et
1553 2160 1654 2236 fol.
1687 2164 1825 2219 358.

946 2254 1059 2315 His
1084 2254 1383 2317 stantibus
1410 2254 1757 2337 quaeritur-(z

907 2350 1002 2408 Aa
1034 2347 1420 2430 Cappellanus
1462 2345 1720 2411 temtor
1752 2345 1998 2411 mnam
2042 2347 2337 2428 applicare

786 2464 891 2524 pro
923 2444 1195 2527 suffragio
1230 2445 1473 2506 Animae
1499 2444 1843 2508 Fundatoris
1868 2489 1885 2517 ,
1915 2445 2000 2503 vel
2037 2444 2224 2521 potius
2269 2452 2347 2502 te⁶

788 2552 993 2601 meatur
1012 2540 1085 2601 ad
1104 2541 1281 2600 solam
1304 2538 1520 2602 Missae
1541 2540 1963 2601 celebrationem
1982 2538 2049 2597 in
2066 2555 2204 2609 casu
2238 2546 2340 2597 etc.

898 2704 1038 2753 Sacr.
1066 2701 1262 2771 Congr.
1295 2700 1604 2769 respoudit:
1792 2702 1795 2703 ⁷
2038 2735 2045 2741 .

978 2788 1179 2854 Negoti
1182 2807 1247 2851 ee,
1264 2786 1452 2855 quaml
1465 2788 1706 2858 primam
1723 2797 1964 2856 ·pareem,·
1996 2783 2343 2856 affirmative

788 2875 974 2945 quoad
995 2876 1315 2928 secundam·

1250 3024 1613 3100 QrAEsrto
1653 3024 1876 3119 Lx1x,

950 3204 1017 3263 In
1048 3173 1249 3266 Causa,
1281 3202 1508 3263 Astemi
1531 3165 1924 3304 'B'cacplacitif
1967 3202 2057 3262 die
2089 3205 2186 3262 19.

1296 3296 1627 3359 Novembris
1667 3301 1842 3357 1718.

793 3426 1110 3548 Audiuus
1132 3486 1333 3568 Cagna
1358 3486 1424 3547 in
1452 3505 1562 3547 suo
1598 3485 1816 3547 ultimo
1844 3505 2031 3558 ,cum
2071 3506 2198 3567 quo
2243 3486 2347 3548 de-

792 3580 965 3642 cessit
983 3581 1384 3653 TestamentO,
1404 3579 1649 3641 condito
1669 3579 1768 3640 die
1792 3583 1884 3640 18.
1913 3580 2141 3659 Aprilis
2166 3585 2343 3641 1692.

791 3673 953 3735 inter
990 3683 1220 3736 caetera
1270 3674 1601 3754 disposuit,
1654 3675 1815 3755 quod
1867 3675 2127 3751 singulis
2168 3675 2348 3737 annis
2387 3715 2391 3720 ,

793 3766 1260 3829 distribueretur
1298 3767 1672 3848 Pauperibus
1699 3767 1918 3847 Oppidi
1956 3769 2211 3829 Sanctae
2237 3768 2349 3828 Vi-

794 3862 1018 3923 ctoriae
1044 3860 1761 3942 eleemosynalibrarum
1797 3868 1894 3923 50.
1935 3863 2097 3941 quod
2153 3853 2349 3934 solve·

794 3964 1007 4017 rentur
1035 3955 1229 4017 librae
1253 3961 1385 4017 100.
1416 3975 1526 4035 pro
1549 3956 1929 4039 eleemosyna
1951 3956 2348 4019 Concionato-

792 4050 880 4112 ris
906 4049 1461 4132 Quadragesimalis
1491 4050 1632 4112 dicti
1668 4051 1914 4131 Oppidi,
1953 4061 2012 4113 et
2035 4052 2200 4132 quod
2234 4051 2354 4114 sol·

792 4151 1087 4206 verentur
1103 4145 1378 4225 quinque
1401 4145 1567 4207 dotes
1585 4146 1881 4208 librarum
1911 4152 2044 4208 100.
2075 4166 2184 4227 pro
2204 4141 2350 4228 qua·

795 4240 946 4302 libet
992 4239 1269 4320 quinque
1321 4239 1548 4302 Puellis
1593 4241 1859 4323 ejusdem
1919 4242 2140 4324 Oppidi
2209 4264 2350 4306 cum

794 4334 1168 4415 praelatione
1191 4342 1390 4395 tamen
1422 4333 1630 4396 favore
1673 4356 1922 4397 suarum
1973 4337 2349 4421 Consangui-

794 4449 1074 4492 nearum:
1119 4430 1481 4510 scriptisque
1511 4431 1947 4512 subsequenter
1988 4431 2353 4496 haeredibus

797 4525 1247 4587 universalibus
1281 4525 1565 4587 Patribus
1592 4526 1793 4588 Sancti
1830 4526 2092 4608 Philippi
2124 4527 2349 4591 Civita-

797 4618 875 4682 tis
906 4619 1157 4679 Taurini
1187 4667 1202 4690 ,
1245 4619 1365 4680 alia
1407 4619 1623 4701 adjecit
1655 4637 1838 4682 onera
1864 4667 1879 4694 ,
1931 4621 2353 4685 celebrationis

798 4714 1076 4776 videlicet
1121 4725 1446 4793 perpetuae
1479 4715 1739 4777 duarum
1796 4716 2118 4778 Missarum
2149 4719 2350 4798 quoti-

792 4808 1120 4870 diauarum
1141 4852 1156 4879 ,
1194 4816 1253 4868 et
1276 4806 1439 4887 quod
1473 4818 1928 4889 superextantes
1948 4811 2180 4872 reditus
2210 4832 2354 4875 suae

796 4900 1187 4963 baereditatis
1214 4901 1276 4961 in
1307 4900 1429 4962 alia
1458 4921 1641 4983 opera
1674 4904 1771 4982 pia
1805 4902 2306 4983 impenderentur
2336 4953 2351 4979 ,

794 5003 1104 5058 reservata
1138 4995 1312 5057 tertia
1363 5006 1535 5075 parte
1584 5015 1857 5059 summae
1908 5002 2354 5080 superextantis

796 5109 910 5169 pro
937 5090 1318 5171 eleemosyna
1370 5090 1617 5152 Patrum
1668 5091 2189 5173 Cappuccinorum
2240 5095 2355 5157 loci

796 5184 873 5246 de
895 5186 1014 5245 Bra
1038 5229 1054 5257 ,
1079 5192 1137 5244 et
1161 5203 1278 5244 nou
1311 5181 1783 5264 adimplentibus
1813 5187 2096 5250 Patribus
2126 5189 2187 5249 S.
2219 5189 2356 5251 Phi·

796 5273 948 5357 lippi
1004 5296 1189 5338 ouera
1229 5277 1511 5356 imposita
1539 5323 1556 5351 ,
1604 5279 1915 5343 substituit
1959 5301 2098 5343 cum
2142 5282 2356 5345 iisdem

799 5371 1257 5450 gravaminibus
1288 5372 1496 5434 Patres
1522 5372 1970 5439 Praedicatores
2009 5378 2354 5440 Conventus

801 5466 863 5527 S.
895 5463 1198 5528 vincentii
1228 5466 1494 5548 ejusdem
1523 5467 1638 5532 loci
1668 5469 1742 5532 de
1770 5471 1910 5533 Bra.

2452 1309 2648 1363 stante
2670 1297 2977 1359 redituum
3004 1288 3423 1353 insufficientia
3445 1304 3557 1366 pro
3584 1282 3871 1345 oneribus
3899 1279 4010 1341 ad-

2454 1391 2797 1472 implendiS‚
2825 1397 3174 1451 tenerentur
3198 1382 3310 1464 ipsi
3340 1379 3586 1462 quidem
3608 1378 3683 1439 ad
3708 1370 4007 1456 integram

2454 1486 2916 1550 celebrationem
2945 1481 3207 1544 duarum
3243 1478 3598 1547 Missarum,
3628 1471 3730 1533 sed
3776 1473 3840 1530 in
3883 1479 3958 1529 'eo
3986 1513 4004 1540 ,

2453 1583 2614 1664 quod
2643 1581 2857 1643 attinet
2886 1579 2961 1640 ad
2984 1577 3151 1638 dotes
3176 1574 3418 1635 relictas
3451 1570 3514 1630 in
3544 1585 3778 1629 summa
3814 1564 4009 1626 libra-

2457 1699 2589 1740 rum
2632 1683 2763 1737 100.
2812 1694 2920 1754 pro
2946 1671 3241 1754 qualibet,
3274 1674 3625 1730 tenerentur
3648 1662 3723 1724 ad
3752 1659 3912 1722 solas
3932 1657 4011 1719 li-

2457 1777 2595 1837 bras
2627 1779 2724 1834 50.
2746 1780 2808 1832 et
2823 1771 2887 1830 in
2910 1787 3003 1840 ec,
3030 1765 3195 1848 quod
3215 1769 3442 1844 spectat
3457 1759 3534 1822 ad
3558 1757 4009 1836 eleemosynam

2454 1870 2753 1931 librarum
2777 1871 2875 1926 501
2912 1866 3267 1925 tenerentur
3297 1850 3719 1919 tantummodo
3746 1849 3828 1911 ad
3855 1848 4015 1909 elee-

2454 1980 2770 2045 mosynam
2801 1960 2898 2021 30.
2915 1973 3188 2035 cumque
3211 1971 3334 2014 non
3361 1950 3638 2012 obstante
3662 1941 4017 2026 hujusmodi

2449 2057 2830 2128 reductione,
2856 2052 3042 2114 iidem
3072 2051 3280 2112 Patres
3303 2043 3751 2109 Praedicatores
3768 2058 3888 2120 pro
3917 2057 4022 2099 no-

2456 2170 2531 2215 va
2556 2149 2905 2214 reductione
2925 2143 3267 2207 insteterint
3285 2159 3487 2203 coram
3511 2135 3720 2198 eodem
3736 2132 4018 2207 vicarie,

2454 2256 2512 2309 et
2538 2241 2949 2307 communitas
2977 2236 3198 2319 Oppidi
3236 2235 3299 2297 S.
3333 2229 3637 2294 Victoriae
3664 2273 3681 2301 ‚
3733 2227 3822 2289 de
3851 2227 4025 2309 cujus

2455 2343 2742 2403 interesse
2773 2336 3066 2420 agebatur
3088 2379 3105 2407 ,
3148 2350 3211 2393 se
3243 2328 3389 2403 huic
3437 2343 3630 2387 novae
3662 2320 4026 2403 opposuerit

2455 2433 2817 2506 reductioni,
2850 2433 3175 2494 deventum
3195 2426 3313 2488 fuit
3335 2426 3424 2485 dic
3446 2427 3546 2483 23.
3576 2419 3814 2500 Aprilis
3838 2421 4015 2479 1715.

2457 2531 2532 2595 ad
2562 2521 3027 2592 transactionem
3042 2566 3058 2584 .

2483 2656 2490 2663 ·
2574 2625 2693 2687 Pro
2727 2608 2917 2709 liujus
2955 2628 3154 2682 autem
3188 2611 3496 2675 intellectu
3548 2605 4018 2681 transactionis,

2453 2739 2673 2801 operae
2719 2717 2977 2798 pretium
3035 2719 3120 2773 est
3178 2709 3514 2776 adnotare,
3568 2702 3733 2783 quod
3794 2700 4021 2760 Paulus

2457 2815 2812 2878 Franci-scus
2836 2856 2851 2883 ,
2901 2819 2960 2870 ct
2994 2801 3320 2869 catharina
3355 2798 3651 2879 conjuges
3690 2797 3772 2857 de
3817 2794 3971 2856 Riva
3997 2837 4019 2868 ,

2454 2921 2513 2972 et
2536 2906 2770 2971 incolae
2790 2900 3011 2983 Oppidi
3035 2900 3287 2960 Sanctae
3307 2891 3612 2955 Victoriae
3630 2888 3850 2952 favore
3868 2888 4022 2949 Con·
4136 2948 4141 2952 ,

2456 3014 2672 3067 ventus
2696 3048 2712 3073 ‚
2743 3009 2802 3061 et
2830 3000 3076 3058 Patrem
3106 2989 3494 3053 donationem
3524 2984 3806 3047 fecerunt
3837 2985 3929 3044 dic
3957 2986 4018 3043 9.

2456 3101 2615 3179 Maji
2633 3102 2806 3160 1705.
2831 3088 3236 3155 universalem
3256 3081 3532 3146 omnium
3554 3081 3863 3142 bonorum
3889 3095 4025 3140 suo·

2457 3216 2592 3258 rum
2620 3240 2636 3267 ,
2675 3184 2877 3253 locum
2926 3195 3128 3249 tamen
3179 3180 3534 3244 habituram
3587 3185 3725 3257 post
3781 3173 4022 3238 obitum

2458 3292 2796 3369 utriusque,
2828 3280 3110 3362 imposito
3132 3273 3481 3340 Donatariis
3508 3290 3693 3333 onere
3724 3277 4024 3352 perpetuo

2456 3381 2770 3449 duodecim
2797 3378 3118 3441 Missarum
3152 3370 3426 3452 quolibet
3459 3385 3653 3429 anno.

2572 3480 2723 3541 Tota
2754 3473 2940 3556 igitur
2974 3466 3300 3544 transactio
3325 3462 3596 3526 consistit
3615 3459 3680 3520 in
3710 3460 3983 3522 cessione
4002 3504 4019 3528 ,

2456 3594 2639 3657 quam
2670 3574 2876 3633 Patres
2897 3564 3129 3626 faciunt
3155 3553 3586 3626 Communitati
3621 3553 3883 3614 Sanctae
3908 3550 4022 3614 vi·

2456 3669 2681 3733 ctoriae
2709 3660 3159 3726 nonnullorum·
3189 3654 3490 3718 Censuum
3516 3695 3533 3722 ‚
3575 3656 3637 3730 et
3683 3646 3966 3707 omnium
3992 3689 4012 3719 ,

2456 3775 2516 3827 et
2538 3760 2918 3844 singulorum
2940 3755 3239 3815 bonorum
3263 3744 3652 3810 existentium
3677 3743 3742 3803 in
3768 3762 3841 3803 eo
3864 3741 4018 3813 loco,

2456 3869 2516 3922 et
2545 3852 2980 3940 pertinentium
3007 3859 3128 3910 tam
3170 3845 3246 3906 ad
3274 3838 3711 3904 haereditatem
3743 3833 3971 3898 Audiui
3997 3878 4016 3907 ,

2458 3973 2641 4036 quam
2667 3951 2742 4012 ad
2770 3945 3156 4009 donationem
3179 3939 3517 4018 conjugum
3544 3933 3621 3995 de
3639 3933 3795 3995 Riva
3815 3977 3832 4002 ,
3864 3944 4023 4009 quae

2458 4048 2664 4112 omnia
2707 4046 2892 4124 'juxta
2946 4036 3300 4099 relationem
3351 4028 3581 4090 Vicarii
3651 4022 4022 4107 Capitularis

2460 4141 2727 4207 Astensis
2749 4133 3080 4200 ascendunt
3107 4129 3184 4192 ad
3209 4124 3468 4207 capitale
3490 4131 3805 4184 scutorum
3842 4123 4017 4180 1200.

2460 4245 2734 4300 monetae
2765 4235 3112 4299 Romanae,
3156 4231 3217 4284 et
3254 4220 3332 4283 ad
3379 4235 3618 4281 annuos
3672 4217 3906 4280 fructus
3954 4212 4023 4272 in

2449 4335 2633 4397 scutis
2660 4316 2764 4392 50.
2787 4325 3022 4389 Cedunt
3046 4325 3357 4401 praeterea
3379 4312 3564 4374 iidem
3597 4313 3807 4375 Patres
3844 4309 4022 4370 Com·

2460 4423 2742 4489 munitati
2765 4413 3084 4483 ‘nonnulla
3137 4409 3383 4472 nomina
3443 4405 3790 4468 debitorum
3846 4397 4023 4481 parvi

2462 4518 2775 4591 momenti,
2805 4525 2865 4578 et
2890 4513 3015 4575 fere
3037 4503 3423 4586 inexigibiiia
3451 4504 3682 4581 absque
3705 4498 3832 4560 ulla
3859 4492 4021 4556 obli-

2460 4617 2703 4700 gatione
2745 4606 3097 4676 evictionis,
3148 4609 3209 4662 et
3253 4621 3289 4661 e
3332 4607 3541 4660 contra
3584 4597 3768 4657 iidem
3812 4591 4020 4680 Patres

2460 4713 2726 4774 retinent
2772 4701 3204 4787 possessionem
3261 4695 3525 4757 aliorum
3569 4692 3911 4756 bonorum,
3959 4687 4020 4742 et

2461 4809 2764 4871 Censuum
2796 4796 3190 4863 conflantium
3221 4793 3283 4852 in
3314 4799 3504 4851 totum
3532 4781 3790 4867 capitale
3816 4786 4015 4839 scuto-

2459 4887 2599 4965 rum
2625 4903 2802 4962 3800.
2841 4904 2902 4957 et
2935 4907 3210 4956 annuum
3244 4885 3507 4947 reditum
3535 4890 3841 4943 scutorum
3875 4873 4009 4931 167.

2463 5003 2561 5059 40.
2593 5004 2654 5058 et
2683 4995 2842 5056 bona
2860 5036 2876 5064 ,
2909 5006 3068 5070 quae
3091 4982 3482 5046 dimittuntur
3506 4976 3711 5038 favore
3739 4968 4018 5070 Commu·

2464 5091 2716 5162 nitatis,
2772 5090 3043 5167 spectant
3093 5078 3168 5141 ad
3236 5072 3671 5138 haereditatem
3733 5058 3957 5163 Audiui
3990 5099 4011 5129 ,

2465 5185 2720 5266 demptis
2746 5180 2927 5244 scutis
2961 5183 3094 5238 160.
3134 5192 3293 5255 quae
3317 5168 3615 5251 pertinent
3642 5159 3716 5222 ad
3743 5157 4017 5262 00113110-

2465 5302 2606 5344 nem
2634 5279 2881 5341 illorum
2914 5274 2988 5335 de
3010 5273 3185 5341 Riva,
3209 5276 3269 5330 et
3298 5266 3479 5334 bona,
3512 5274 3668 5341 quae
3690 5250 3768 5312 ab
3798 5244 4017 5353 iisdem

2465 5375 2747 5438 Patribus
2787 5370 3165 5439 detinentur,
3197 5368 3338 5424 sunt
3369 5356 3588 5439 pariter
3613 5339 4018 5410 haereditaria

2467 5469 2688 5533 Audiui
2740 5466 2978 5548 Cagnae
2999 5508 3017 5536 ,
3053 5460 3294 5538 dempto
3321 5453 3517 5515 Censu
3541 5447 3609 5508 in
3633 5447 3795 5505 sorte
3819 5438 4018 5496 scuto·
