4393 6299
944 478 1048 531 801

762 637 1021 693 neantur
1039 629 1425 691 Sacramenta
1449 623 1714 705 recipere
1735 622 1941 687 abillo
1966 621 2184 695 solum,
2199 621 2307 703 qui

760 725 944 789 habet
967 725 1030 785 in
1056 743 1119 785 se
1141 720 1495 784 translatam
1521 738 1733 780 curam
1763 718 2121 780 Animarum
2145 759 2163 777 .

882 820 960 880 Et
985 828 1114 898 post
1145 815 1314 885 haec,
1340 810 1662 875 transitum
1688 811 1961 875 faciendo
2003 810 2077 873 ad
2102 809 2313 872 dissol-

762 911 959 975 venda
989 910 1380 972 fundamenta
1424 925 1461 969 a
1492 907 1843 969 Promotore
1884 904 2100 969 Fiscali
2131 904 2318 967 dedu-

764 1014 882 1079 cta,
917 1004 1222 1068 contendit
1246 1001 1584 1065 Canonicus
1631 1000 1966 1063 Jacobillus
2020 1016 2143 1060 non
2191 1018 2319 1061 esse

766 1099 1187 1163 attendendam
1217 1097 1632 1160 visitationem
1659 1097 1805 1157 anni
1831 1099 2002 1156 ¹573.
2054 1113 2193 1155 cum
2228 1093 2312 1154 ei-

767 1195 904 1259 dem
924 1194 1317 1255 adversentur
1353 1199 1439 1254 tot
1459 1191 1582 1254 alia
1601 1196 1989 1252 monumenta
2018 1208 2055 1250 a
2077 1206 2141 1250 se
2164 1187 2317 1249 alle-

767 1298 927 1372 gata,
952 1287 1177 1369 quibus
1197 1286 1406 1350 asserit
1425 1285 1696 1367 probari,
1724 1303 1933 1345 curam
1961 1282 2321 1344 Animarum

766 1403 893 1447 esse
918 1401 1098 1465 penes
1128 1380 1484 1463 Capitulum
1525 1400 1666 1443 cum
1689 1377 1975 1440 exercitio
2000 1375 2319 1438 commisso

764 1478 963 1540 tribus
981 1475 1275 1538 Sacristis.
1301 1473 1629 1537 Contendit
1647 1472 1901 1535 ulterius
1932 1469 2172 1532 nullum
2195 1469 2314 1532 sibi

767 1568 1206 1653 praejudicium
1244 1566 1491 1639 inferri,
1520 1566 1616 1628 vel
1647 1584 1722 1628 ex
1752 1563 2223 1645 provisionibus,
2254 1562 2321 1623 in

765 1665 993 1746 quibus
1025 1663 1252 1725 dictum
1280 1661 1399 1724 fuit
1432 1681 1630 1723 curam
1658 1663 1843 1721 etiam
1885 1658 2325 1736 jurisdictionu-

776 1762 881 1820 lem
899 1758 1244 1830 Animarum
1259 1757 1562 1817 imminere
1586 1754 1916 1823 Prioratui,
1961 1751 2055 1814 vel
2092 1751 2154 1812 in
2183 1749 2324 1832 qui-

774 1854 889 1916 bus
920 1851 1275 1932 praecedens
1300 1869 1562 1912 examen
1618 1848 1976 1929 requisitum
2020 1846 2163 1920 fuit,
2196 1854 2324 1909 tum

773 1946 919 2027 quia
943 1945 1128 2007 verba
1151 1942 1459 2023 praedicta
1485 1962 1607 2003 non
1637 1942 1887 2003 fuerunt
1907 1938 2323 2020 supplicantis,

775 2039 876 2101 sed
911 2039 1108 2118 Papae
1127 2037 1533 2110 concedentis,
1561 2036 1717 2097 itaut
1746 2053 1954 2095 eorum
1983 2032 2327 2113 intelligen-

775 2135 858 2194 tia
880 2151 1006 2194 esse
1033 2132 1274 2202 debeat,
1305 2150 1430 2193 non
1456 2131 1620 2212 quod
1651 2127 1952 2190 Prioratui
1984 2126 2062 2188 sit
2085 2145 2328 2189 annexa

777 2226 938 2289 Cura
975 2224 1364 2296 Animarum,
1390 2224 1495 2286 sed
1517 2225 1683 2305 quod
1736 2224 1897 2303 Papa
1928 2241 2066 2283 eum
2093 2219 2328 2301 suppli-

776 2321 936 2384 canti
962 2319 1344 2392 concedebat,
1368 2319 1601 2381 etiamsi
1628 2318 1739 2398 ipsi
1774 2316 1933 2379 Cura
1964 2315 2327 2380 Animarum

778 2424 931 2479 esset
956 2433 1216 2486 annexa,
1247 2421 1375 2475 tum
1393 2413 1539 2493 quia
1571 2411 1888 2492 requisitio
1914 2408 2331 2490 praecedentis

778 2507 1077 2572 examinis
1102 2506 1407 2569 concludit
1435 2506 1826 2568 collationem
1877 2506 1943 2564 in
1996 2505 2183 2583 [orma
2237 2502 2330 2561 di-

782 2624 979 2683 qnum,
1008 2612 1069 2664 et
1098 2621 1216 2662 non
1249 2603 1313 2660 in
1335 2602 1527 2678 [orma
1550 2602 1828 2678 qratiam,
1853 2597 1955 2659 sed
1980 2597 2331 2658 nullatenus

785 2695 1088 2758 concludit
1114 2695 1516 2758 annexionem
1545 2693 1742 2756 Curae
1787 2692 2172 2764 Animarum,
2225 2707 2332 2764 seu

784 2791 1137 2871 qualitatem
1165 2787 1443 2850 Beneficii
1486 2788 1693 2849 Curati
1715 2832 1732 2860 ,
1757 2787 1919 2868 quod
1943 2806 2064 2849 non
2096 2785 2332 2849 confer-

787 2893 889 2944 tur
937 2902 1076 2944 cum
1124 2883 1506 2963 expressione
1546 2881 1850 2964 diligentis
1911 2881 2212 2943 examinis
2249 2880 2331 2943 ab

786 2977 1083 3057 Episcopo
1108 2976 1389 3049 faciendi,
1422 2976 1482 3037 in
1521 2995 1646 3057 quo
1670 2975 1952 3038 Provisus
1982 2975 2175 3056 reperi
2193 2981 2333 3036 atur

792 3072 1075 3142 idoneus,
1106 3070 1207 3131 sed
1256 3090 1364 3153 per
1403 3069 1879 3133 commissionem
1915 3068 2210 3131 examinis
2254 3069 2334 3131 ab

789 3166 1083 3247 Episcopo
1107 3164 1365 3227 faciendi
1390 3184 1518 3225 cua·
1541 3165 2056 3225 Examinatoribus
2076 3166 2141 3223 in
2163 3163 2334 3224 Dioc-

791 3280 990 3322 ccsono
1019 3259 1251 3338 Synodo
1303 3259 1611 3339 deputatis.
1647 3256 1967 3322 Contendit
2017 3265 2336 3337 praeterea

790 3354 1028 3435 saepius
1058 3354 1294 3415 Priores
1321 3372 1385 3414 se
1404 3352 1820 3432 subscripsisse
1841 3351 1904 3411 in
1927 3350 2195 3433 Pagellis
2225 3370 2337 3431 pro

794 3448 1229 3512 communione
1253 3445 1520 3509 Paschali
1565 3466 1704 3508 cum
1728 3445 1856 3508 solo
1885 3444 2062 3508 titulo
2084 3445 2331 3513 prioris,

794 3544 1014 3607 omisso
1032 3542 1155 3604 alio
1179 3540 1410 3614 Cur-ati,
1440 3551 1500 3603 et
1521 3540 1890 3603 Canonicum
1911 3539 2338 3621 Cbrispoldum

797 3639 871 3701 de
896 3636 1200 3717 Gregoriis
1229 3643 1599 3715 praesentem
1640 3635 1909 3697 Priorem
1938 3635 2232 3697 habuisse
2260 3634 2340 3697 ab

795 3733 1091 3813 Episcopo
1109 3730 1411 3792 licentiam
1422 3729 1704 3792 audiendi
1719 3729 2159 3803 confessiones,
2185 3729 2345 3792 itaut

799 3826 962 3891 solus
986 3825 1142 3888 adsit
1164 3824 1389 3885 Prioris
1411 3824 1782 3887 interventus
1803 3824 2235 3895 Matrimoniis,
2260 3843 2337 3886 ex

799 3942 924 4005 quo
944 3921 1017 3983 ad
1039 3921 1260 3982 Curam
1284 3916 1642 3980 Animarum
1667 3938 1788 3981 non
1816 3918 1977 3982 valet
2025 3937 2342 4001 argumen-

800 4026 930 4081 tum
952 4059 968 4077 .
1018 4014 1294 4094 Denique
1320 4013 1627 4075 contendit
1656 4022 2048 4093 praetensum
2093 4012 2343 4094 quidem

801 4110 986 4175 fuisse
1018 4108 1080 4170 in
1127 4106 1241 4170 hac
1286 4107 1467 4170 Sacra
1505 4106 1979 4189 Congregatione
2006 4125 2045 4169 a
2080 4106 2295 4171 Priore
2322 4154 2341 4183 ,

803 4203 965 4285 quod
997 4202 1157 4265 Cura
1198 4201 1556 4263 Animarum
1593 4201 1668 4263 ad
1718 4220 1782 4264 se
1812 4201 2183 4283 pertineret,
2239 4203 2344 4266 sed

803 4296 918 4361 hoc
937 4315 973 4358 a
994 4294 1271 4375 Capitulo
1287 4293 1470 4356 fuisse
1490 4294 1940 4376 impugnatum,
1963 4315 2103 4358 cum
2125 4297 2347 4377 proba-

806 4389 1003 4460 verit,
1044 4387 1265 4449 Curam
1292 4386 1649 4451 Animarum
1682 4388 1757 4449 ad
1806 4408 1870 4450 se
1906 4388 2235 4469 pertinere,
2289 4397 2351 4453 et

807 4485 935 4566 ejus
973 4480 1328 4544 exercitium
1377 4481 1652 4544 sacristis
1688 4483 2012 4553 committi,
2041 4493 2347 4547 reservato

806 4576 1063 4657 singulis
1087 4574 1405 4638 Canonicis
1434 4577 1574 4657 jure
1621 4576 2085 4639 administrandi
2137 4578 2351 4640 Sacra·

810 4678 1079 4733 mentum
1107 4667 1394 4748 Baptismi
1420 4668 1650 4748 absque
1685 4669 1811 4730 ulla
1838 4669 2062 4731 Prioris
2082 4670 2351 4745 licentia,

808 4764 898 4827 uti
918 4764 1098 4825 etiam
1128 4762 1243 4826 fuit
1270 4762 1486 4825 deinde
1513 4764 1591 4825 ab
1620 4763 1738 4825 hac
1783 4764 1963 4827 Sacra
2011 4764 2354 4847 Congrege-

811 4859 975 4924 tione
997 4856 1350 4921 resolutum.
1375 4856 1559 4920 Plura
1581 4857 1704 4921 alia
1725 4858 2113 4921 continentur
2136 4860 2201 4920 in
2214 4859 2357 4921 scri·

809 4952 1007 5033 pturis
1026 4951 1167 5013 dicti
1203 4950 1511 5024 Canonici,
1537 4970 1695 5031 quae
1726 4950 1789 5013 in
1810 4952 1896 5014 eis
1917 4952 2034 5034 legi
2069 4963 2350 5035 possunt.

812 5046 1120 5126 Proposita
1136 5045 1251 5106 suit
1264 5046 1454 5107 Causa
1480 5045 1543 5106 in
1563 5045 2067 5127 Congregatione3
2098 5067 2358 5128 cumque

811 5142 1182 5222 disputatum
1229 5140 1414 5201 fuerit
1439 5139 1736 5211 dubium,
1790 5161 1869 5203 an
1916 5144 1992 5201 sit
2029 5144 2357 5203 nlo-vando

810 5235 1150 5315 supplicatio
1174 5237 1240 5293 in
1259 5254 1396 5297 casu
1414 5245 1517 5295 etc.
1544 5242 1605 5295 et
1630 5233 1811 5296 Sacra
1839 5234 1986 5297 haec
2012 5235 2355 5318 Congrege-

813 5329 900 5390 tio
926 5328 1300 5409 responderit
1329 5362 1371 5374 -
1393 5347 1508 5387 non
1526 5347 1634 5389 csso
1655 5316 2037 5390 relaxandam
2068 5332 2358 5411 supplica·

815 5425 1043 5495 tionem,
1066 5423 1286 5488 iterum
1320 5422 1622 5506 proposita
1648 5422 1765 5488 suit
1793 5423 2085 5489 instantia
2112 5444 2138 5485 ε,

1925 468 2370 539 QUAESTIONES
2419 465 2783 521 canomcn

2539 621 2634 681 An
2676 621 2751 681 sit
2777 617 3068 691 standum,
3112 616 3202 677 vel
3227 611 3644 678 modenana-a
3668 610 3863 674 decisis
3902 613 3969 674 in

2422 734 2558 777 casu
2600 725 2701 777 etc.

2528 909 2682 960 Sacra
2702 906 2902 974 Congr.
2928 903 3018 957 die
3034 902 3126 955 28.
3154 900 3435 955 Februarii
3464 897 3626 952 ¹722.
3656 893 3935 965 respoudit
3957 915 3972 946 τ

2604 991 2842 1048 Pmevlo
2894 1007 3103 1044 recessu
3128 1007 3164 1042 a
3190 987 3407 1052 (lechis,
3461 1004 3575 1040 ene
3609 981 3979 1037 relaxandam

2418 1080 2881 1152 supplicationem
2913 1097 3035 1132 cum
3061 1076 3417 1146 expedicione
3453 1085 3635 1127 tamen
3656 1071 3874 1142 gratioe
3922 1070 3980 1122 in

2399 1169 2602 1239 jor-ma
2648 1168 2868 1237 dignum
2892 1208 2912 1235 ,
2968 1185 3161 1234 nempe
3210 1183 3333 1217 cum
3385 1164 3639 1216 clausula
3664 1200 3684 1228 ,
3713 1158 3862 1228 quod
3880 1176 3986 1227 per

2423 1258 2657 1329 diligens
2680 1274 2914 1310 examen
2965 1272 3155 1308 coram
3192 1247 3838 1318 ordinariosociendum
3864 1245 3982 1301 ido·

2423 1365 2557 1402 neus
2585 1343 3043 1418 repertus-suerit,
3082 1355 3136 1396 et
3159 1341 3237 1395 acl
3256 1351 3509 1394 mentem.

2814 1551 3176 1630 Qun-:sno
3216 1548 3610 1614 ccxxxlv.

2451 1759 2526 1822 In
2548 1759 2740 1823 Cama
2768 1757 3129 1838 Traiectemi,
3158 1756 3250 1818 die
3271 1759 3373 1816 22.
3411 1752 3741 1817 Novembris
3775 1753 3950 1812 1721.

2432 1888 2733 2025 Quidam
2754 1943 3193 2016 Missionarius,
3211 1942 3317 2023 qui
3336 1941 3484 2005 dicit
3502 1959 3566 2003 se
3586 1959 3713 2002 esse
3734 1937 3987 2001 unicum

2433 2041 2739 2104 Pastorem
2778 2039 3151 2103 Catholicum
3187 2038 3251 2100 in
3297 2035 3681 2098 Exercitibus
3724 2032 3987 2096 Hellan-

2432 2135 2605 2210 dicis,
2640 2133 2871 2216 quique
2897 2133 3099 2214 potius
3131 2151 3164 2193 a
3186 2131 3456 2193 Statibus
3484 2125 3868 2191 Hollandicis
3893 2134 3987 2187 to-

2433 2227 2681 2303 leratus,
2729 2247 2917 2310 quam
2964 2225 3268 2289 stabilitus
3301 2224 3593 2306 appellari
3624 2221 3813 2294 valet,
3846 2218 3990 2282 licet

2429 2326 2555 2405 jam
2597 2322 2865 2386 decimus
2893 2322 3182 2404 septimus
3207 2321 3452 2383 labatur
3504 2336 3724 2389 annus,
3755 2336 3830 2379 ex
3862 2334 3987 2396 quo

2437 2418 2740 2500 praedicto
2767 2415 3047 2500 pastorali
3081 2414 3357 2499 fungitur
3389 2414 3607 2488 officio,
3632 2431 3740 2495 per
3762 2410 3987 2492 episto-

2437 2511 2557 2573 lam
2588 2512 2904 2574 certiorem
2932 2509 3192 2572 reddidit
3222 2511 3297 2572 D.
3335 2509 3635 2571 Abbatem
3675 2504 3737 2568 S.
3774 2503 3991 2568 Catha-

2438 2605 2610 2669 rinae
2637 2603 3086 2668 Internuntium
3110 2603 3458 2672 Bruxellen.
3511 2600 3675 2683 quod
3721 2605 3986 2681 quatuor

2437 2699 2673 2763 circiter
2700 2701 2777 2763 ad
2822 2700 2963 2763 binc
2990 2698 3166 2762 annis
3194 2700 3490 2780 quaedam
3540 2694 3764 2758 Mulier
3799 2690 3985 2755 vidua

2439 2794 2742 2857 Catholica
2769 2794 3220 2857 matrimonium
3248 2791 3556 2856 contraxit
3584 2810 3724 2854 cum
3757 2787 3986 2850 Luthe-

2439 2908 2591 2952 rano
2611 2891 2776 2952 Mose
2795 2889 3048 2971 Trajecti
3075 2908 3276 2951 coram
3296 2887 3578 2949 Ministro
3611 2882 3984 2954 Lutherano,

2398 3049 2404 3055 ,
2440 2992 2502 3046 et
2527 2984 2589 3045 in
2611 2982 2807 3046 forma
2854 2982 3014 3063 apud
3037 2981 3414 3044 Lutheranos
3436 2979 3681 3051 usitata,
3713 2985 3775 3039 et
3825 2973 3989 3056 quod

2440 3098 2631 3162 usque
2650 3077 2849 3141 adhuc
2867 3076 3009 3141 habi
3019 3076 3061 3138 ti
3082 3084 3224 3137 sunt
3247 3095 3356 3157 pro
3383 3073 3675 3157 legitimis
3702 3069 3990 3154 Conjugi·

2443 3174 2579 3247 bus,
2612 3182 2737 3234 tum
2765 3172 2912 3254 quia
2927 3171 3174 3253 quidam
3195 3170 3470 3232 Director
3497 3165 3843 3249 spiritualis
3860 3164 3994 3225 Mu·

2444 3268 2579 3330 lieri
2640 3267 2930 3350 persuasit
2980 3264 3437 3328 matrimonium
3488 3282 3615 3325 esse
3670 3259 3945 3323 validum
3970 3302 3988 3330 ‚

2446 3370 2574 3423 tum
2601 3362 2746 3442 quia
2775 3360 2948 3422 multi
3000 3369 3121 3422 tam
3152 3358 3429 3431 Lovanii‚
3457 3375 3640 3437 quam
3668 3352 3818 3417 alibi
3851 3371 3993 3412 seu-

2445 3454 2608 3517 tiunt
2641 3474 2750 3536 pro
2783 3451 3095 3516 validitate
3115 3451 3521 3515 consimilium
3566 3445 3991 3510 matrimonio·

2445 3569 2610 3624 rum,
2639 3558 2699 3612 et
2724 3548 2884 3631 quod
2913 3546 3107 3609 solum
3134 3545 3452 3627 postremis
3473 3544 3689 3605 diebus
3740 3540 3994 3611 Mulier,

2447 3662 2604 3725 quae
2624 3642 2905 3705 dubitare
2922 3641 3116 3721 coepit
3147 3639 3224 3702 de
3248 3639 3560 3701 validitate
3587 3632 3993 3720 matrimonii,

2448 3735 2703 3799 dubium
2746 3735 3119 3817 praedictum
3170 3734 3284 3795 sibi
3314 3732 3587 3813 aperuit,
3648 3730 3745 3792 cui
3796 3737 3997 3789 tamen

2446 3830 2765 3912 probibuit
2793 3848 2870 3892 ne
2907 3830 3062 3890 illud
3090 3836 3300 3889 notum
3327 3826 3555 3889 faceret
3602 3822 3698 3886 vel
3756 3823 3996 3893 marito,

2451 3923 2547 3986 vel
2576 3923 2903 4004 Capitaneo
2936 3920 3214 4003 Legionis
3240 3921 3585 3982 Draconum
3615 3914 3998 3985 Wallonum,

2454 4019 2614 4080 inter
2640 4036 2793 4099 quos
2818 4018 3073 4079 maritus
3113 4014 3447 4095 adscriptus
3474 4020 3603 4085 est,
3654 4030 3792 4074 cum
3839 4008 4004 4072 enim

2454 4111 2560 4174 ille
2591 4111 2770 4173 etiam
2810 4112 2889 4173 sit
2916 4110 3298 4172 Lutheranus
3318 4154 3336 4182 ‚
3386 4106 3558 4170 dubii
3590 4102 3996 4168 manifestatio

2451 4206 2663 4270 cedere
2688 4212 2881 4287 pooeet
2909 4205 2971 4266 in
3004 4203 3436 4267 detrimentum
3470 4198 3813 4264 Catholicae
3840 4195 3999 4259 Reli-

2455 4298 2676 4383 gionis,
2690 4299 2822 4362 etin
2846 4297 3097 4379 epistola
3116 4297 3196 4359 ab
3220 4294 3604 4357 Internuntio
3622 4287 4000 4354 Bruxellensi

2455 4394 2791 4478 quaesivit,
2836 4412 2912 4455 an
2939 4389 3396 4454 matrimonium
3417 4394 3570 4451 eoeet
3596 4386 3890 4457 validum,
3943 4390 4004 4443 et

2455 4496 2752 4569 quatenus
2774 4486 3053 4548 validum
3086 4504 3207 4545 non
3242 4490 3415 4557 esset,
3467 4480 3640 4563 petiit
3670 4477 4002 4548 licentiam,

2459 4588 2529 4642 ut
2551 4601 2754 4643 coram
2797 4600 2861 4642 se
2891 4584 3085 4660 posset
3132 4593 3453 4638 consensus
3478 4570 3757 4635 renovari
3785 4593 3803 4646 ς
3837 4587 4008 4631 cum·

2457 4695 2577 4757 que
2603 4675 2811 4737 habita
2839 4674 2917 4736 ab
2966 4670 3349 4734 Internuntio
3394 4666 3667 4749 epistola,
3701 4662 4005 4727 censuerit

2461 4768 2587 4849 ipse
2628 4768 2783 4830 nihil
2815 4788 2849 4830 a
2878 4786 2942 4829 se
2983 4764 3329 4846 responderi
3383 4781 3552 4844 posse
3580 4809 3596 4832 ,
3626 4758 3746 4821 nisi
3794 4755 4008 4820 habito

2462 4862 2724 4924 Oraculo
2751 4861 2933 4944 hujus
2955 4858 3085 4921 Sac.
3114 4854 3628 4939 congregationis,
3671 4851 3811 4913 licet
3833 4848 4011 4910 incli-

2465 4975 2613 5017 nare
2642 4956 2920 5017 videatur
2949 4972 3057 5033 pro
3084 4950 3462 5013 concessione
3507 4944 3807 5010 facultatis
3831 4960 4011 5004 reno-

2466 5049 2644 5111 vandi
2696 5055 2869 5110 caute
2932 5064 3133 5107 coram
3194 5041 3576 5105 Missionario
3619 5055 3971 5100 consensum
3990 5080 4007 5107 ,

2466 5142 2781 5222 quaeritur
2820 5142 2884 5202 in
2931 5139 3262 5220 praesenti,
3308 5157 3384 5198 an
3436 5132 3888 5196 matrimonium
3933 5129 4016 5191 sit

2464 5236 2773 5308 validum,
2808 5243 2867 5297 et
2904 5242 3204 5316 quatenus
3246 5230 3516 5293 validum
3558 5216 3677 5289 non
3700 5233 3883 5296 esset,
3921 5240 4003 5283 an

2465 5329 2543 5391 sit
2562 5327 3062 5409 permittendum,
3112 5334 3181 5388 ut
3218 5331 3540 5387 renovetur
3572 5335 3893 5384 consensus
3912 5333 4016 5378 co-

2468 5442 2601 5486 ram
2626 5420 3003 5486 Missionario
3018 5463 3036 5481 .
