4393 6299
1687 471 2149 543 Quas‘rto
2207 471 2390 533 ocur.

405 621 580 706 plura
607 613 851 689 stabilia
873 623 1198 705 possidere,
1231 623 1605 707 persolvisse,
1630 635 1692 689 et
1723 626 1941 707 persol-

397 737 539 780 vere
569 736 775 789 onera,
806 724 865 777 et
890 716 1247 798 suffragium
1286 719 1518 781 dedisse
1560 719 1625 780 iu
1653 720 1941 782 electione

396 811 667 893 syndici,
710 819 770 873 et
800 810 1063 872 aliorum
1092 811 1475 886 Officialium,
1507 814 1815 877 accessisse
1843 813 1938 876 ul·

393 906 582 968 terius
621 905 701 966 ad
729 904 1048 967 Civitatem
1090 905 1570 985 Neapolitanam,
1600 916 1670 968 ut
1700 907 1938 969 cuidam

393 995 679 1059 liti-suae
726 998 1063 1070 assisteret;
1101 998 1164 1059 in
1207 1017 1330 1079 quo
1378 1019 1581 1061 rerum
1631 999 1891 1062 themate
1915 1043 1932 1073 ,

393 1111 531 1152 cum
560 1110 667 1153 sua
693 1090 981 1153 nativitas
1013 1091 1079 1153 in
1106 1091 1360 1154 Civitate
1387 1093 1783 1173 Neapolitana
1815 1093 1937 1155 fue-

393 1183 478 1246 rit
502 1183 909 1260 accidentalis,
940 1184 1266 1258 concludit,
1299 1205 1469 1247 suam
1493 1187 1935 1250 ordinationem

396 1277 702 1359 pertinere
744 1278 821 1340 ad
867 1278 1226 1359 Episcopum
1270 1279 1722 1362 Caputaquen.,
1755 1282 1936 1343 etiam

393 1371 767 1452 procedendo
793 1392 920 1433 cum
951 1372 1201 1451 alleqota
1245 1368 1430 1436 Bulla
1483 1374 1744 1436 Innocens.
1796 1374 1935 1435 XII.

389 1483 549 1544 quae
577 1464 643 1546 §.
671 1470 766 1526 11.
794 1465 1059 1528 decernit
1084 1467 1506 1530 attendendam
1554 1488 1680 1532 esse
1706 1488 1934 1540 veram,

391 1566 454 1618 et
475 1557 816 1621 naturalem
837 1557 1149 1638 originem
1156 1559 1387 1634 Patris,
1414 1561 1661 1642 quando
1684 1560 1848 1624 filius
1870 1562 1888 1622 i
1897 1582 1931 1622 n

388 1650 514 1715 alia
524 1651 780 1715 Civitate
804 1662 983 1714 natus
1002 1663 1091 1714 est
1108 1672 1185 1715 ex
1198 1654 1527 1726 accidenti,
1552 1664 1613 1716 et
1637 1655 1723 1716 sic
1743 1673 1937 1735 quan-

391 1744 522 1806 do
502 1762 568 1806 ιιι
596 1764 669 1809 ea
711 1746 889 1808 Pater
924 1746 1315 1863 domicilium
1340 1747 1415 1810 de
1466 1749 1614 1811 Jure
1641 1768 1762 1810 non
1798 1767 1937 1810 con·

394 1839 625 1901 traxit.
898 1883 902 1888 ·

498 1933 977 1996 NecFranciscus
989 1932 1104 1995 sibi
1125 1937 1508 2015 putatobesse
1521 1916 1939 2019 posselongam

392 2026 593 2088 Patris
621 2029 1093 2107 permanentiam
1120 2028 1184 2089 in
1227 2029 1484 2093 Civitate
1504 2031 1894 2112 Neapolitana
1920 2079 1937 2101 ,

393 2120 566 2201 quia,
613 2140 720 2201 pro
768 2122 1179 2185 contrahendo
1216 2110 1699 2200 domicilio,'non
1726 2125 1943 2196 sufficit

395 2213 696 2277 habitatio
725 2215 1103 2290 decennalis,
1132 2218 1595 2299 sed-requiritur
1632 2215 1940 2300 transpo'r-

393 2309 545 2371 tatio
577 2304 824 2390 majoris
865 2310 1052 2389 partis
1086 2311 1420 2386 bonorum,
1454 2331 1576 2375 una
1608 2333 1744 2375 cum
1767 2316 1939 2395 jura-

389 2410 625 2476 mento,
678 2402 743 2463 in
792 2422 915 2483 quo
963 2403 1299 2469 declaretur
1369 2407 1610 2469 animus
1653 2416 1941 2487 perpetuo

391 2497 788 2576 permanendi
830 2497 896 2557 in
919 2496 1073 2572 loco,
1099 2498 1189 2561 uti
1209 2508 1456 2562 cavetur
1481 2503 1545 2561 in
1567 2522 1723 2581 saepo
1763 2505 1938 2564 citata

394 2588 579 2652 Bulla
601 2590 666 2672 §-
711 2595 805 2652 ts.
829 2588 1074 2671 quando
1108 2590 1219 2655 nec
1242 2594 1668 2679 transportatio
1698 2597 1940 2677 majoris

396 2682 587 2762 partis
607 2685 905 2751 bonorum
937 2685 1000 2746 in
1029 2705 1167 2748 casu
1188 2694 1279 2748 est
1306 2688 1634 2759 verificata,
1670 2709 1777 2751 nec
1807 2690 1939 2751 ani-

398 2796 535 2839 mus
557 2778 754 2841 adfuit
779 2779 973 2843 Patris
994 2781 1409 2865 contrahendi⁸
1439 2783 1835 2854 domicilium,
1880 2790 1940 2846 et

395 2880 516 2933 tam
548 2891 583 2932 a
614 2892 698 2946 se,
743 2892 928 2953 quam
950 2894 986 2936 a
1013 2894 1124 2935 suo
1165 2875 1347 2940 Patre
1366 2879 1493 2959 jam
1536 2876 1819 2939 emissum
1852 2885 1943 2939 est

386 2966 804 3045 juramentum
853 2967 928 3028 de
956 2968 1272 3031 *voluntate
1321 2970 1614 3032 redeundi
1656 2971 1732 3033 ad
1752 2970 1939 3053 Oppi-

396 3059 546 3120 dum
570 3059 631 3120 S.
661 3060 944 3122 Joannis.
1448 3117 1455 3126 .

508 3154 625 3215 His
679 3154 978 3217 stantibus
999 3157 1356 3237 quaeritur:
1410 3207 1417 3214 ,

504 3246 607 3306 An
633 3250 708 3308 sit
727 3250 1025 3321 standum,
1072 3252 1159 3311 vel
1183 3253 1543 3318 recedendum
1567 3272 1606 3314 a
1627 3253 1820 3322 decisis
1874 3253 1939 3313 in

390 3360 531 3403 casu
560 3352 662 3403 stc.
792 3361 797 3366 ’

450 3532 657 3622 ⁸Sacra
684 3530 880 3601 Congr.
912 3531 999 3585 die
1026 3534 1075 3584 8.
1104 3533 1381 3585 Februarii
1409 3535 1562 3589 172¹.
1593 3539 1900 3604 respondit:

572 3618 955 3672 Reos-dentium
982 3640 1017 3673 a
1053 3620 1270 3685 decr‘sis,
1301 3617 1353 3673 et
1378 3615 1779 3676 ordinationem
1828 3644 1939 3693 spe·

395 3718 545 3759 ctare
571 3705 651 3758 ad
672 3707 1006 3778 Episcopum
1045 3711 1409 3778 Capueoquen.
1462 3729 1581 3762 cum
1620 3712 1816 3765 litteris
1846 3715 1936 3764 Te·

390 3793 802 3862 seimonio'libue
828 3798 1266 3851 Emineneissr‘mi
1280 3797 1706 3871 Arcbiepe'scopr‘
1728 3806 1938 3870 Neopo

392 3879 582 3939 titani.

774 4089 778 4093 ·
859 4075 1222 4154 oufes-1⁴10
1259 4077 1459 4146 cmv„
1574 4135 1578 4141 .
1674 4149 1681 4165 ,

475 4280 546 4342 In
581 4278 774 4345 Causa
799 4281 1183 4366 Hydrumino
1217 4272 1619 4361 Matrimonii,
1641 4265 1730 4350 die
1753 4293 1851 4350 25.

897 4376 1184 4440 Ianuarii
1244 4384 1419 4441 1721.

391 4507 583 4626 Cum
613 4584 822 4626 rumor
845 4535 1258 4640 increbuisset,
1288 4568 1450 4647 quod
1473 4565 1796 4633 Catharina
1817 4573 1930 4634 Ar-

389 4657 525 4719 cudi
554 4658 631 4720 de
675 4657 861 4719 Terra
890 4659 951 4728 S.
990 4660 1148 4721 Petri
1197 4661 1264 4722 in
1317 4659 1600 4725 Galatina
1638 4665 1934 4728 Dioecesis

390 4745 823 4830 Hydruntinae
855 4759 1131 4832 stuprum
1176 4773 1346 4833 passa
1399 4753 1609 4818 fuisset
1639 4776 1676 4819 a
1706 4756 1933 4820 Clerieo

390 4838 658 4908 Antonio
692 4840 940 4905 Lobello
982 4843 1095 4925 ipsi
1138 4845 1202 4905 in
1229 4847 1489 4910 secundo
1508 4851 1932 4931 consanguini-

391 4934 530 4997 tatis
549 4935 742 5018 gradu
764 4939 1109 5018 conjuncto,
1138 4948 1501 5003 memoratus
1522 4942 1788 5006 Clericus
1806 4947 1931 5006 An-

392 5027 618 5102 tonius,
651 5050 729 5092 ne
754 5032 900 5112 quid
925 5032 1160 5107 adversi
1184 5042 1510 5113 pateretur,
1537 5056 1602 5098 se
1628 5038 1933 5103 transtulit

394 5121 468 5182 ed
495 5123 871 5187 Conventum
927 5126 1175 5187 Patrum
1224 5127 1737 5209 Cappuccinorum
1782 5135 1934 5215 ejus-

395 5212 528 5275 dem
552 5218 796 5292 Terrae,
827 5225 888 5280 et
914 5219 989 5280 ad
1017 5219 1184 5280 aliud
1209 5221 1464 5284 subinde
1494 5223 1771 5286 transivit
1788 5245 1929 5287 con-

390 5304 663 5390 fugium.

510 5402 710 5488 Pater,
759 5406 993 5480 Frater,
1022 5409 1362 5490 caeterique
1400 5409 1758 5475 Catharinae
1788 5433 1930 5475 con-

710 5528 915 5567 ιιιιιο.
960 5531 1069 5570 xiv.
1110 5533 1255 5574 τοι.
1296 5519 1404 5576 xn.

3306 470 3415 530 2⁶1

2052 630 2396 710 sanguinei,
2445 639 2517 693 ut
2566 632 3022 694 matrimonium
3071 626 3229 691 inter
3276 628 3500 707 ipsam,
3528 628 3591 691 et

2051 723 2351 787 Clericum
2384 725 2714 788 Antonium
2743 734 3118 807 sequeretur,
3146 724 3223 785 ad
3256 720 3592 801 Neapolitw

2053 836 2203 879 num
2233 820 2549 901 Proregem
2581 838 2892 882 recursum
2910 818 3279 887 habueruut,
3309 823 3369 877 et
3393 815 3471 876 ab
3497 834 3594 876 eo⁴

2051 912 2189 973 dem
2221 912 2636 986 obtinuerunt,
2665 912 2831 993 quod
2851 912 3112 974 Thomas
3158 905 3442 972 Lobellus
3468 911 3596 970 An-

2051 1006 2202 1067 tonii
2232 1007 2442 1069 Frater
2461 1007 2805 1070 carceribus
2839 1006 3284 1087 manciparetur
3317 1006 3379 1067 in
3409 1004 3596 1086 Regio

2042 1100 2250 1163 Castro
2268 1101 2426 1164 Galli
2433 1102 2605 1182 polis,
2626 1110 2685 1163 et
2704 1102 2867 1180 quod
2884 1101 3100 1163 deinde
3118 1120 3154 1163 a
3173 1100 3381 1163 Castro
3399 1098 3595 1161 Galli-

2048 1196 2316 1276 politano
2342 1197 2417 1258 ad
2453 1194 2620 1259 aliud
2660 1196 2969 1259 Pescariae
3006 1195 3069 1258 in
3102 1194 3357 1277 Aprutio
3396 1203 3595 1255 trans-

2044 1300 2412 1371 portaretur,
2436 1291 2728 1371 quodque
2749 1291 2954 1364 Matri,
2975 1297 3035 1353 et
3050 1290 3256 1352 Sorori
3270 1308 3592 1372 germanae

2046 1387 2324 1459 Antonii,
2357 1387 2571 1453 domus
2604 1405 2714 1468 pro
2761 1405 2997 1448 carcere
3039 1386 3475 1467 assignaretur,
3532 1389 3594 1446 et

2043 1481 2207 1561 quod
2258 1482 2500 1543 demum
2559 1482 2715 1545 alter
2769 1480 3033 1564 ejusdem
3081 1479 3293 1541 Frater
3327 1473 3589 1540 clericali

2045 1574 2186 1637 licet
2220 1576 2471 1638 militiae
2504 1562 2863 1657 adscriptus,
2887 1576 2952 1637 in
2975 1570 3183 1639 Castro
3205 1572 3590 1636 Brundusino

2048 1678 2389 1731 carceratus
2404 1679 2764 1743 remaneret,
2793 1678 3160 1751 arreptoque
3188 1669 3269 1730 ab
3298 1668 3488 1730 altero
3513 1684 3590 1727 ex

2051 1761 2346 1824 fratribus
2360 1763 2719 1825 Catharinae
2742 1761 2963 1824 itinere
2981 1761 3058 1824 ad
3079 1762 3325 1834 Urbem,
3349 1759 3590 1823 exhibi-
3665 1778 3675 1803 ²

2047 1863 2232 1937 toque
2253 1852 2639 1919 Sanctissimo
2673 1857 2931 1918 Domino
2961 1857 3177 1918 Nostro
3203 1855 3591 1920 tamnomine

2047 1950 2409 2014 Catharinae
2427 1996 2444 2026 ,
2471 1970 2654 2033 quam
2685 1952 2930 2013 nomine
2952 1949 3200 2011 Antonii
3226 1949 3479 2030 supplici
3510 1949 3588 2011 li-

2057 2045 2223 2129 bello
2250 2065 2362 2125 pro
2392 2047 2588 2128 gratia
2611 2040 3073 2127 dispensationis
3117 2046 3306 2123 super
3328 2044 3590 2105 secundo

2047 2139 2263 2220 gradu,
2294 2140 2374 2201 ob
2419 2140 2693 2219 copulam
2743 2148 3038 2211 secutam,
3083 2144 3215 2218 post
3246 2137 3585 2216 expeditam

2047 2233 2331 2313 gratiam,
2355 2233 2667 2314 ipsamque
2696 2254 2805 2314 pro
2827 2232 3179 2295 executione
3211 2231 3590 2292 commissam

2047 2328 2190 2389 bon.
2221 2348 2399 2389 mem.
2425 2328 2900 2409 Archiepiscopo
2915 2325 3336 2411 Hydruntino,
3372 2324 3489 2386 fuit
3506 2326 3598 2387 ab

2046 2422 2270 2484 eodata
2295 2420 2562 2483 Parocbo
2575 2421 2818 2484 lieentia
2839 2419 3153 2484 assistendi
3176 2418 3585 2494 matrimonio,

2047 2515 2555 2595 matrimonioque
2566 2516 2977 2581 contracto-,dio
3000 2519 3095 2581 19.
3110 2509 3410 2575 Novembr.
3436 2531 3589 2574 anno

2050 2613 2226 2671 1714.
2255 2600 2606 2681 ἱιιἘοοΙιιείιι,
2635 2609 2882 2679 Patrum
2912 2607 3398 2689 Reformatorum
3439 2603 3588 2673 Ter·

2047 2723 2150 2765 rae
2165 2702 2502 2775 Galatinae,
2524 2722 2660 2764 cum
2674 2699 2957 2764 omnibus
2967 2700 3186 2763 debitis
3201 2699 3593 2769 solemnitati·

2045 2798 2181 2866 bus,
2204 2796 2465 2857 Joannes
2489 2784 2750 2855 Thomas
2772 2793 2986 2856 Clerici
3006 2792 3254 2855 Antonii
3278 2793 3453 2854 Pater
3469 2791 3590 2854 fuit

2048 2889 2214 2950 illico
2231 2909 2267 2952 e
2284 2888 2626 2950 carceribus
2649 2889 2968 2957 liberatus,
2994 2886 3287 2968 nullaque
3330 2880 3591 2969 interpo-

2045 2983 2161 3046 sita
2210 2976 2381 3045 mora
2422 2982 2722 3044 Antonius
2746 3003 2782 3044 a
2825 2981 3034 3044 Patria·
3059 2980 3348 3050 discessit,
3385 2999 3491 3041 nec
3510 2975 3589 3041 ad

2047 3087 2181 3139 eam
2209 3097 2478 3159 unquam
2513 3096 2785 3139 reversus
2803 3066 2911 3149 est,
2926 3076 3015 3137 uti
3036 3074 3382 3138 desumitur
3396 3073 3588 3135 exin

2049 3171 2411 3252 formatione
2439 3170 2666 3235 Vicarii
2720 3162 3087 3250 Capitularis
3132 3169 3210 3232 ad
3247 3167 3404 3270 banc
3444 3169 3577 3230 Sac.

2051 3266 2586 3348 Congregationem
2609 3265 2984 3327 transmissa.
3417 3289 3420 3294 ·
3613 3264 3618 3269 ’

2163 3359 2619 3421 Matrimonium
2649 3351 2762 3419 boc
2789 3357 3088 3419 Antonius
3108 3353 3589 3437 praetenditnul

2050 3447 2219 3515 litate
2245 3439 2546 3521 laborare,
2571 3459 2778 3532 utpote
2798 3445 3168 3512 contractum
3208 3468 3314 3529 per
3334 3447 3482 3521 vim,
3525 3454 3586 3509 et

2049 3554 2280 3607 metum
2324 3545 2634 3618 cadentem
2682 3545 2746 3605 in
2776 3552 3144 3605 constantem
3190 3538 3427 3612 virum,
3459 3560 3586 3602 me-

2046 3638 2619 3719 tumqueconstituit
2637 3637 2700 3698 in
2727 3656 2910 3717 supra
2932 3637 3219 3699 recensita
3244 3635 3381 3698 facti
3405 3631 3583 3708 serie,

2045 3732 2108 3793 in
2142 3721 2652 3794 carcerationibus
2689 3730 2964 3795 videlicet
3005 3730 3234 3810 proprii
3267 3728 3582 3802 Parentis,

2044 3825 2431 3906 aliorumque
2456 3826 2570 3887 sibi
2601 3826 3094 3907 conjunctorum,
3121 3831 3180 3885 et
3204 3823 3280 3885 ad
3306 3821 3589 3902 propriae

2044 3919 2377 3982 aversionis
2405 3916 2978 4000 comprobationem,
3005 3935 3115 3978 nec
3137 3935 3264 3977 non
3287 3909 3363 3977 ad
3384 3923 3585 3976 osten-

2040 4013 2330 4085 dendum,
2382 4013 2545 4093 quod
2580 4011 2658 4073 ad
2679 4018 3049 4073 contractum
3085 4007 3451 4070 matrimonii
3477 4007 3584 4069 de-

2041 4106 2231 4181 venit,
2259 4114 2330 4168 ut
2349 4125 2434 4177 se,
2462 4123 2722 4185 suosque
2746 4099 3240 4175 avexationibus,
3267 4101 3578 4171 liberaret,

2039 4202 2240 4263 Testes
2288 4198 2535 4261 exhibet
2561 4197 2893 4278 Religiosos
2917 4243 2936 4271 ,
2989 4197 3215 4277 quibus
3239 4214 3409 4258 suam
3439 4203 3585 4257 ante

2041 4292 2498 4356 matrimonium
2541 4290 2817 4371 patefecit
2857 4290 3266 4363 voluntatem,
3316 4306 3425 4351 nec
3458 4306 3583 4350 non

2040 4385 2531 4468 protestationem
2558 4404 2594 4447 a
2623 4395 2688 4447 'se
2714 4384 2998 4447 emissam
3031 4403 3231 4446 coram
3267 4381 3335 4443 P.
3382 4381 3581 4443 Guar-

2039 4480 2223 4562 diane
2246 4479 2758 4560 Cappuccinorum
2780 4477 3036 4557 aliisque
3052 4475 3471 4539 Sacerdotibus
3492 4475 3585 4535 dis

2039 4579 2100 4635 7.
2118 4569 2312 4635 Octob.
2344 4576 2516 4634 1714.
2539 4572 2603 4632 in
2626 4588 2749 4651 qua
2772 4570 2996 4651 inquit.
3024 4569 3187 4650 quod
3208 4568 3259 4628 si
3284 4577 3580 4647 unquam,

2040 4675 2147 4728 aut
2183 4686 2289 4746 per
2320 4665 2506 4726 verba
2557 4664 2632 4726 de
2660 4663 2870 4742 futuro
2890 4707 2909 4735 ,
2959 4670 3068 4723 aut
3109 4679 3218 4741 per
3268 4659 3453 4721 verba
3503 4658 3583 4721 de

2039 4759 2336 4840 praesenti
2367 4756 2431 4819 in
2453 4757 2605 4821 facie
2635 4755 2933 4818 Ecclesiae
2956 4754 3408 4816 matrimonium
3438 4771 3577 4815 cum

2039 4852 2364 4915 Catharina
2387 4859 2537 4914 esset
2557 4857 2997 4922 contracturus,
3027 4847 3183 4909 illud
3206 4854 3580 4908 contractum

2037 4944 2300 5028 intelligi
2322 4946 2566 5007 deberet
2592 4963 2712 5005 non
2742 4941 2958 5016 libero,
2979 4941 3082 5003 sed
3103 4949 3305 5003 coacto
3324 4958 3579 5003 consen·

2039 5061 2112 5102 su
2136 5049 2198 5103 et
2224 5041 2300 5103 ad
2337 5040 2611 5102 effectum
2643 5035 3014 5118 praedictum
3045 5054 3218 5098 suam
3277 5029 3578 5095 liberandi

2039 5136 2286 5196 domum
2317 5135 2396 5197 ab
2427 5131 2746 5196 excessivis
2771 5129 3078 5192 molestiis.
3111 5129 3229 5190 Pro
3257 5128 3465 5189 eodem
3483 5144 3579 5186 as-

2036 5236 2276 5309 sumpto
2325 5229 2499 5290 affert
2550 5225 2846 5306 supplices
2894 5223 3132 5285 libellos
3180 5241 3217 5283 a
3268 5240 3334 5282 se
3380 5218 3583 5281 Sacris

2037 5321 2617 5405 Congregationibus
2650 5326 2973 5400 porrectos,
3007 5317 3069 5377 in
3099 5334 3360 5395 quorum
3389 5314 3584 5375 altero

2036 5425 2174 5479 ante
2194 5424 2564 5480 contractum
2587 5411 3042 5480 matrimonium
3060 5407 3446 5491 exaggeravit
3468 5426 3579 5470 noe

3146 5521 3216 5571 ³⁸
