4393 6299
956 462 1024 514 so
1985 452 2438 524 QuAESTtONEs
2473 450 2835 507 canonicas

1232 608 1593 687 QUAESTIO
1643 608 1861 670 XLIV.
1916 620 1923 635 ’

933 798 1003 858 In
1037 795 1230 859 Causa
1259 794 1486 856 holana
1522 792 1911 865 Parochialis,
1948 791 2038 851 die
2066 793 2166 849 23.

1353 887 1512 950 ,latii
1556 892 1733 949 1718.

782 1034 1106 1147 Sacerdos
1147 1080 1409 1142 Thomas
1451 1074 1754 1159 Morgioni
1805 1074 2060 1158 rejectus
2102 1071 2221 1134 fuit
2265 1068 2331 1131 in

774 1196 1066 1240 concursu
1091 1174 1303 1237 habito
1315 1171 1626 1234 occasione
1645 1166 1987 1232 collationis
2007 1163 2332 1230 Parochia-

780 1272 854 1334 lis
880 1269 1181 1334 Ecclesiae
1204 1267 1265 1329 S.
1298 1266 1561 1348 Spiritus
1584 1262 1881 1328 Suburbii
1906 1262 2111 1325 Celsae
2139 1260 2203 1323 in
2232 1258 2333 1321 Ci-

778 1370 965 1430 vitate
991 1364 1248 1435 Isclaua,
1277 1369 1337 1425 et
1367 1360 1777 1442 appellatione
1810 1357 2166 1438 interposita
2188 1373 2335 1417 cau-

776 1480 964 1542 saque
1006 1461 1290 1523 devoluta
1322 1458 1398 1519 ad
1438 1456 1596 1518 hanc
1625 1455 1871 1517 Sacram
1903 1450 2336 1533 Congregatio-

778 1575 949 1627 nem,
983 1554 1360 1636 praetendit,
1406 1570 1767 1615 concursum
1799 1567 1919 1609 non
1948 1546 2132 1608 fuisse
2176 1543 2336 1607 vali-

778 1650 924 1712 dum
949 1696 966 1724 ,
1002 1661 1063 1712 et
1099 1658 1400 1731 quatenus
1448 1645 1687 1707 validus
1712 1643 1962 1714 fuisset,
1995 1637 2338 1722 praetendit

777 1762 905 1807 ease
932 1744 1132 1806 locum
1164 1740 1574 1825 provocationi
1608 1739 1929 1801 adnovum
1962 1755 2220 1799 examen
2269 1734 2336 1796 in

779 1838 965 1901 Curia
994 1838 1337 1901 faciendum
1360 1879 1377 1897 .

900 1931 1247 1995 Praetendit
1274 1937 1477 1993 autem
1505 1946 1868 1990 concursum
1886 1945 2011 1988 non
2032 1923 2218 1987 fuisse
2241 1941 2343 1985 va·

783 2025 1002 2097 lidum,
1031 2026 1177 2107 quia
1199 2042 1453 2087 examen
1476 2020 1707 2083 factum
1734 2020 1901 2082 suita
1918 2018 2046 2080 solo
2067 2016 2339 2091 Vicari03

781 2119 1114 2201 Episcopus
1141 2118 1303 2180 enim
1333 2124 1467 2179 erat
1484 2116 1724 2187 absens,
1755 2122 1817 2175 et
1844 2132 1968 2175 non
1991 2113 2069 2176 ab
2091 2112 2342 2173 Exami-

783 2215 1100 2277 natoribus
1126 2209 1559 2296 synodalibus,
1578 2217 1638 2271 et
1655 2208 1804 2290 quia
1823 2206 2139 2271 concursui
2162 2205 2346 2268 inter·

784 2308 1034 2371 fuerunt
1064 2320 1197 2371 tres
1205 2306 1584 2378 Sacerdotes,
1608 2304 1733 2386 qui
1745 2322 1865 2388 nou
1887 2310 2067 2365 erant
2092 2300 2343 2363 Exami-

788 2415 1032 2468 natores
1070 2401 1425 2485 Synodales.
1516 2430 1523 2445 ν
1858 2424 1861 2427 ’
2168 2425 2175 2428 ’

909 2498 1253 2561 Praetendit
1300 2494 1518 2558 deinde
1546 2494 1746 2557 locum
1770 2511 1898 2556 esse
1925 2458 2343 2575 provocationi

787 2594 865 2657 ad
894 2613 1119 2655 novum
1148 2610 1402 2654 examen
1431 2590 1496 2652 iu
1525 2589 1710 2652 Curia
1737 2587 2107 2660 faciendum,
2163 2585 2347 2667 quid·

790 2687 939 2769 quid
964 2688 1127 2748 enim
1156 2686 1256 2760 sit,
1287 2705 1367 2747 an
1396 2684 1470 2747 ad
1502 2683 1772 2746 tramites
1809 2681 2065 2745 Concilii
2095 2680 2348 2742 Triden-

793 2780 902 2843 tini
933 2802 1059 2862 cap.
1090 2785 1186 2841 18.
1217 2799 1360 2841 vers.
1380 2776 1503 2841 Noc
1525 2776 1951 2858 praedictorum
1970 2774 2121 2838 Sese.
2154 2779 2256 2835 24.
2281 2773 2349 2836 ds

793 2875 1042 2955 Reform,
1081 2874 1247 2935 locus
1277 2872 1359 2934 sit
1381 2869 1775 2953 appellationi
1829 2870 1893 2931 in
1932 2868 2282 2931 devolutivo
2313 2885 2351 2931 a

786 2971 1015 3059 judicio
1056 2969 1559 3032 Examinatorum
1613 2974 1890 3039 tantum,
1936 2963 2031 3027 vel
2061 2963 2243 3026 etiam
2272 2962 2352 3025 ab

794 3065 1072 3149 Episcopi
1124 3062 1447 3126 collatione
1477 3062 1658 3144 juxta
1696 3078 1807 3134 ea,
1839 3077 1998 3141 quae
2044 3058 2351 3120 habentur

792 3161 956 3243 apud
981 3160 1244 3240 Faqnan.
1290 3160 1356 3218 in
1378 3177 1512 3238 cap.
1555 3154 1702 3218 Cum
1722 3157 1799 3217 sit
1825 3174 1948 3226 ars,
1979 3173 2141 3214 num.
2170 3158 2270 3215 50.
2301 3160 2354 3214 ct

794 3277 945 3339 seqq.
970 3258 1035 3317 ds
1053 3266 1260 3327 astate,
1296 3263 1349 3315 st
1370 3254 1582 3332 qualit.

916 3352 1048 3414 Hoc
1073 3370 1265 3412 unum
1286 3357 1515 3411 eertum
1545 3355 1655 3424 est,
1672 3345 1834 3427 quod
1857 3346 2035 3427 juxta
2064 3341 2357 3425 posterio-

796 3466 925 3510 rem
946 3446 1145 3508 Consti
1155 3445 1451 3507 tutionem
1473 3447 1570 3503 33.
1598 3441 1805 3503 Sancti
1823 3440 1926 3501 Pii
1947 3440 2159 3516 Quinti
2182 3438 2350 3499 Ball.

798 3553 930 3602 tom.
964 3546 1022 3601 2.
1049 3539 1391 3603 admittitur
1412 3536 1740 3619 appellatio
1764 3536 1829 3597 in
1857 3535 2206 3598 devolutivo
2229 3542 2358 3596 tam

793 3635 1150 3699 arelatioue
1180 3630 1722 3706 Examinatorum,
1777 3648 1966 3711 quam
1998 3630 2079 3692 ab
2105 3627 2350 3692 irratio·

798 3730 990 3795 nabili
1007 3729 1238 3812 judicio
1266 3713 1585 3807 Episcopi.

918 3827 1165 3906 Absque
1188 3842 1261 3885 eo
1282 3821 1446 3902 quod
1476 3821 1553 3882 de
1582 3818 1938 3902 gravamine
1967 3839 2074 3902 per
2099 3807 2356 3898 Episco-

801 3938 947 4001 pum
978 3918 1148 3980 illate
1172 3914 1512 3978 docendum
1542 3914 1620 3975 sit
1649 3923 1792 3975 aute
1824 3932 2053 3974 novum
2096 3929 2355 3975 examen

801 4032 1008 4078 coram
1038 4012 1250 4074 Judice
1290 4007 1735 4091 Appellationis
1759 4006 2104 4069 faciendum
2126 4051 2143 4081 ,
2179 4007 2362 4087 juxta

800 4110 1194 4171 resolutionem
1216 4106 1386 4183 hujus
1411 4101 1548 4164 Suc.
1583 4100 2049 4184 congregationis
2077 4103 2141 4160 in
2166 4100 2362 4163 Causa

803 4204 1114 4267 Pistoricn.
1151 4205 1247 4262 12.
1275 4199 1449 4261 lunii
1490 4203 1664 4260 1603.
1694 4184 2035 4279 impressam⁴
2057 4196 2214 4277 apud
2244 4194 2360 4257 Fa-

797 4302 1071 4384 qnaaa‘a
1088 4317 1213 4378 cap.
1252 4295 1404 4358 Eam
1428 4306 1478 4356 ts
1495 4313 1656 4354 mm.
1692 4296 1791 4355 31.
1823 4293 1890 4355 de
1913 4302 2118 4366 utute,
2140 4303 2193 4354 st
2216 4310 2365 4372 qua-

805 4398 896 4458 tit.
936 4402 997 4457 et
1047 4394 1279 4474 absque
1318 4408 1415 4465 eo,
1449 4389 1615 4472 quod
1651 4387 1716 4450 in
1765 4406 1926 4450 novo
1966 4386 2249 4450 examine
2267 4384 2363 4447 in-

803 4489 1106 4554 stituenda
1151 4489 1229 4549 sit
1292 4485 1564 4568 quaestio
1608 4484 1686 4546 de
1728 4482 1945 4565 majori
2005 4482 2364 4564 probitate,

803 4594 864 4648 et
901 4580 1296 4665 experientia,
1348 4579 1424 4641 de
1451 4577 1711 4660 quibus,
1760 4576 1923 4639 ultra
1976 4575 2364 4648 doctrinam,
2443 4595 2446 4598 ·

807 4677 1088 4742 habenda
1147 4682 1236 4738 est
1299 4674 1456 4737 ratio
1525 4674 1591 4734 in
1655 4670 1978 4734 collatione
2044 4663 2371 4738 Pan-achia·

804 4773 992 4847 lium3
1021 4773 1170 4835 haec
1195 4769 1420 4832 etenim
1446 4767 1652 4830 omnia
1677 4775 1821 4829 sunt
1843 4765 2214 4829 discutienda
2241 4773 2375 4845 post

808 4886 1038 4932 novum
1087 4883 1344 4930 examen
1391 4861 1780 4943 completum,
1812 4869 1874 4924 et
1897 4862 2183 4942 quando,
2209 4879 2376 4923 eom-

805 4962 969 5046 pleto
1039 4981 1197 5023 novo
1245 4957 1569 5029 examine,
1621 4956 1953 5018 assumitur
2015 4953 2373 5036 principalis

805 5056 1103 5139 quaestio,
1132 5074 1210 5118 au
1232 5053 1311 5117 sit
1342 5051 1617 5114 facienda
1646 5069 1802 5115 nova
1829 5049 2072 5114 collatio
2100 5050 2180 5113 ob
2207 5068 2378 5133 prae-

2437 603 2664 667 curatis
2699 602 3124 685 requiruntur,
3158 600 3247 664 uti
3270 600 3456 683 hujus
3475 600 3697 664 Sacrae
3732 600 3999 685 Congre-

2436 698 2698 781 gationis
2731 697 3128 761 resolutiones
3168 694 3508 769 referendo,
3539 702 3598 757 et
3627 696 3999 777 amplecten-

2440 795 2540 869 do,
2569 794 2882 876 respondit
2907 793 3057 855 Rota
3078 793 3247 854 decis.
3288 794 3346 852 4.
3378 801 3430 852 st
3458 792 3628 852 decis.
3676 794 3776 852 24.
3808 812 4003 855 coram

2445 887 2756 951 cardinali
2783 888 3031 961 Celso,et
3051 889 3218 950 decis.
3252 891 3311 947 9.
3336 896 3388 948 st
3420 890 3515 947 10.
3537 896 3658 967 post
3681 885 3996 950 Moaaoou.

2438 984 2504 1043 in
2530 982 2785 1044 Formul.
2816 994 2948 1043 tom.
2987 986 3046 1044 4.

2560 1076 2864 1140 Adversus
2891 1077 3061 1152 haec,
3092 1076 3379 1140 Sacerdos
3408 1074 3729 1158 Cajetanus
3756 1078 3994 1140 Bonco-

2442 1192 2531 1247 re,
2556 1172 2663 1254 qui
2690 1172 2808 1235 fuit
2832 1171 3225 1254 praeelectus,
3246 1179 3306 1235 et
3329 1172 3439 1253 qui
3468 1172 3728 1234 Litteras
3743 1175 3999 1253 Aposto-

2440 1267 2589 1331 licas
2612 1286 2796 1350 super
2819 1268 3165 1349 provisione
3183 1266 3579 1340 Parochialis,
3619 1267 3708 1329 uti
3750 1276 3999 1331 vacatae

2445 1361 2509 1422 in
2542 1381 2746 1423 mense
2767 1370 3073 1425 reservato
3107 1362 3480 1442 reportavit,
3523 1361 3755 1424 nullam
3779 1362 3997 1424 asserit

2442 1473 2570 1517 esse
2587 1454 2998 1518 difficultatem
3021 1456 3223 1537 quoad
3253 1455 3629 1518 validitatem
3641 1473 4002 1528 concursus,

2444 1556 2573 1610 tum
2598 1594 2616 1623 ,
2655 1549 2802 1630 quia
2856 1548 2919 1611 in
2948 1569 3021 1611 eo
3046 1549 3330 1611 Vicarius
3356 1548 3631 1629 quaesita
3657 1548 3995 1629 proposuit,

2443 1653 2504 1706 et
2525 1643 2984 1706 Examinatores
3003 1663 3183 1706 suum
3204 1643 3473 1706 officium
3503 1643 3913 1724 expleverunt
3944 1644 4009 1706 in

2446 1739 3024 1822 interrogationibus
3047 1784 3063 1812 ‚
3116 1747 3172 1801 et
3216 1739 3278 1800 in
3316 1737 3612 1800 scrutinio
3659 1739 4010 1819 responsio-

2447 1856 2592 1898 num
2613 1881 2629 1910 ,
2653 1837 2832 1918 juxta
2849 1836 3167 1915 antiquam
3211 1834 3450 1915 praxim
3495 1834 3797 1895 Dioecesis
3825 1832 4012 1896 Iscla-

2450 1950 2598 2001 nae,
2650 1938 2781 1993 tum
2821 1930 2968 2010 quia
2998 1927 3348 2009 impugnari
3376 1947 3496 1989 non
3519 1936 3713 2008 potest
3741 1926 4016 2008 qualitas

2446 2023 2946 2086 Examinatorum
3018 2022 3419 2105 Synodalium
3443 2067 3463 2095 ,
3526 2040 3665 2084 cum
3718 2021 4023 2085 Sacerdos

2448 2118 2803 2201 Morginnus
2830 2117 3078 2180 illorum
3117 2116 3386 2179 examini
3441 2135 3507 2178 ae
3530 2116 3896 2198 subjecerit,
3959 2125 4022 2181 et

2449 2233 2586 2275 eum
2606 2213 2839 2276 fuerint
2858 2212 3031 2275 electi
3061 2211 3124 2274 in
3153 2211 3398 2294 Synodo
3424 2211 3787 2273 Dioeeesana
3803 2258 3821 2285 ,
3856 2231 4022 2292 quae

2450 2307 2591 2371 licet
2616 2327 2903 2390 suspensa
2935 2307 3120 2370 fuerit
3143 2352 3160 2381 ,
3185 2315 3249 2369 et
3272 2326 3442 2369 suam
3463 2308 3887 2368 executionem
3916 2327 4017 2369 us·

2451 2421 2573 2485 que
2590 2403 2790 2466 adhuc
2814 2423 2938 2465 non
2962 2402 3273 2476 habuerit,
3303 2402 3366 2463 id
3395 2410 3593 2465 tamen
3623 2400 3917 2481 processit
3941 2421 4019 2464 ex

2451 2497 3099 2578 difficultatibus,quae
3123 2496 3371 2559 fuerunt
3390 2496 3688 2559 excitatae
3711 2496 4011 2560 adversus

2453 2593 2723 2657 Constitu
2732 2593 2999 2673 tionesin
3017 2592 3133 2654 hae
3152 2592 3397 2673 Synodo
3416 2591 3629 2665 editas,
3654 2592 3827 2672 quod
3850 2592 4010 2654 nihil

2451 2688 2635 2752 habet
2656 2706 2978 2751 commune
2997 2706 3134 2750 cum
3157 2686 3450 2749 electione
3499 2685 4021 2750 Examinatorum

2455 2783 2854 2867 synodalium
2883 2826 2900 2844 .

2576 2879 2836 2942 Additur
2856 2923 2874 2952 ,
2926 2877 3088 2958 quod
3138 2876 3494 2959 Morgionus
3535 2874 4023 2957 appellationem
4070 2931 4075 2935 ,

2457 2991 2579 3035 uon
2609 2971 2968 3054 interposuit
2994 2972 3154 3034 intra
3172 2969 3555 3045 decendium,
3576 2969 3640 3031 in
3662 2988 3797 3051 quo
3817 2989 4027 3033 rerum

2457 3076 2616 3130 statu
2639 3066 3014 3139 conceditur,
3046 3084 3169 3127 nou
3197 3084 3325 3127 esse
3346 3064 3548 3127 locum
3575 3063 3902 3129 ordinario
3929 3084 4029 3129 re·

2461 3163 2660 3225 medio
2705 3160 3157 3244 appellationis,
3194 3162 3301 3223 sed
3327 3159 3829 3224 extraordinario
3854 3161 4031 3224 resti-

2463 3258 2714 3321 tutionis
2739 3257 2803 3318 in
2833 3258 3167 3339 integrum,
3196 3254 3361 3336 quod
3383 3274 3505 3318 uon
3532 3255 3715 3318 datur
3755 3255 3890 3318 sine
3912 3255 4035 3319 lae-

2458 3353 3194 3442 sione,letcousequeuter
3235 3350 3368 3412 siue
3397 3349 3765 3431 probatione
3803 3370 4032 3433 grava-

2463 3446 2667 3521 minis,
2698 3455 2767 3508 ut
2787 3445 2993 3508 innuit
3016 3444 3196 3508 eard.
3224 3446 3290 3506 dc
3313 3443 3474 3507 Luca
3495 3445 3741 3506 discut-s.
3768 3450 3829 3506 7.
3857 3461 4025 3508 num.

2463 3547 2523 3605 8.
2556 3543 2622 3603 ds
2651 3540 2931 3602 Parochis
2951 3584 2967 3600 .
3321 3611 3324 3612 ⁷

2583 3635 2699 3699 His
2717 3635 3039 3708 stantibus,
3061 3633 3381 3716 quaeritur
3403 3678 3421 3706 ,

2580 3732 2634 3792 I.
2677 3732 2775 3790 An
2829 3738 3034 3791 constet
3093 3730 3163 3790 ds
3215 3730 3516 3791 validitate
3566 3746 3877 3792 commus
3907 3778 3925 3803 ,
3980 3741 4034 3793 et

2462 3837 2740 3908 quatenus
2761 3824 3099 3906 affirmative
3124 3843 3140 3884 t

2582 3921 2667 3982 11.
2699 3920 2796 3980 Aa
2812 3920 2887 3979 sit
2913 3919 3062 3979 loom
3083 3917 4035 3999 provocatiouiadnovumxamen

2466 4015 2790 4097 faciendum
2819 4014 2885 4073 ia
2916 4008 3104 4074 Curia
3128 4013 3194 4072 in
3220 4030 3357 4072 casn
3382 4021 3486 4072 etc.

2574 4207 2728 4259 Sacra
2754 4203 2955 4271 Congr.
2984 4199 3263 4271 respondit
3289 4237 3305 4264 ,

2651 4291 2745 4348 Aa
2762 4290 3005 4363 primum
3029 4286 3386 4358 qsfirmative.
3416 4287 3515 4342 Ad
3555 4289 3859 4343 secundum
3884 4289 4049 4361 ffr-

2467 4382 2685 4448 mutiee,
2712 4395 2767 4437 et
2790 4379 2867 4435 ad
2889 4391 3121 4433 mentem
3138 4413 3157 4432 .

2957 4574 3321 4651 QUAESTIO
3363 4575 3554 4638 XLV.

2515 4768 2589 4831 1¹⁸
2643 4765 2840 4831 cam
2901 4764 3223 4846 quntina,
3268 4784 3366 4825 scu
3397 4763 3784 4844 Hydmmina
3827 4762 4005 4826 Ordo·-

2797 4861 3050 4923 nationis
3067 4907 3084 4932 ,
3106 4860 3198 4923 die
3226 4863 3328 4921 23.
3351 4857 3511 4920 ,latii
3541 4862 3718 4919 1718.

2484 4997 2701 5114 Anno
2726 5054 2902 5112 1682.
2938 5047 3208 5111 Clericus
3233 5046 3591 5110 Franciscus
3612 5043 3819 5107 Crassi
3864 5051 4048 5107 natus

804 5148 1116 5215 electionis
1136 5144 1772 5216 irrationabilitatem,
1801 5154 1945 5207 tunc
1965 5143 2194 5227 quippe
2215 5143 2378 5207 clare
2486 5154 2577 5207 est
2594 5145 2660 5206 in
2680 5142 2925 5225 Oppido
2949 5142 3175 5204 Turnis
3198 5140 3499 5204 Padulum
3520 5136 3822 5201 Dioeeesis
3852 5135 4050 5219 Ugen-

808 5246 1147 5310 docendum
1193 5252 1284 5306 est
1327 5241 1404 5304 de
1430 5239 1822 5323 gravamine,
1871 5246 1934 5301 et
1983 5247 2128 5301 tunc
2149 5239 2383 5321 indago
2489 5239 2651 5302 tinae
2677 5259 2752 5301 ex
2782 5240 2962 5300 Patre
2987 5236 3253 5318 ejusdem
3280 5234 3420 5308 loci,
3450 5244 3512 5296 et
3536 5235 3732 5297 Matre
3754 5231 4049 5314 Hydrun-

806 5341 1178 5405 iustituenda
1214 5349 1305 5400 est
1338 5339 1414 5399 de
1444 5335 1740 5408 moribus,
1786 5333 2187 5415 experientia,
2213 5344 2275 5396 et
2302 5333 2384 5395 si·
2492 5335 2660 5397 tina·
2642 5378 2660 5409 ,
2708 5350 2970 5414 cumque
3001 5332 3068 5393 in
3122 5329 3391 5393 infantili
3424 5338 3619 5392 aetate
3646 5326 4047 5401 constitutus,

825 5435 1099 5509 milibuS,
1123 5450 1304 5514 quae,
1328 5439 1564 5513 praeter
1586 5427 1950 5504 doctrinam,
1977 5426 2043 5489 in
2066 5427 2384 5492 Beneficiis
2492 5431 2566 5496 ad
2593 5427 2912 5492 Civitatem
2943 5423 3403 5507 Hydruntinam
3431 5442 3551 5485 una
3581 5441 3722 5483 cum
3749 5421 3968 5497 Matre,
3991 5430 4051 5484 et
