4393 6299
1589 568 2043 641 QUAEsTlo
2097 567 2376 621 cccxxx.

367 740 432 786 se
458 722 531 785 ad
559 723 812 784 verbum
841 723 1132 785 insertum
1156 721 1271 785 suit
1294 722 1358 782 in
1392 709 1696 784 sanctione
1728 723 1910 803 Prag-

3278 567 3382 621 42⁷

2031 719 2194 803 logi,
2247 729 2352 782 aut
2378 718 2732 783 Canonistac
2772 720 2849 781 ad
2892 718 3139 802 aliquod
3179 711 3475 791 officium;
3503 725 3565 781 at

370 818 585 880 matica
610 865 625 892 ,
657 826 716 879 et
750 818 814 878 in
855 819 1214 880 concordate
1250 818 1404 879 inter
1439 817 1695 879 Leonem
1740 818 1821 877 X.
1854 825 1914 878 01
2021 815 2257 878 omissis
2284 816 2439 891 illis,
2469 836 2627 898 quae
2655 835 2774 877 808
2802 815 3033 879 faciunt
3056 815 3132 878 ad
3160 834 3287 877 rem
3311 861 3328 884 ,
3375 822 3441 874 ut
3466 833 3559 881 ea,

368 913 750 974 Franciscnm
778 912 1048 973 Primum
1068 912 1301 974 Galliae
1324 915 1562 993 Regem,
1584 921 1648 973 et
1670 912 1911 972 demum
2022 909 2097 970 de
2118 929 2241 991 qua
2269 931 2428 972 nunc
2450 912 2650 993 agitur
2673 920 3040 992 exponatur,
3069 929 3286 991 operae
3301 907 3564 990 pretium

367 1006 717 1069 Tridentina
767 1006 1046 1088 Synodus
1103 1006 1252 1067 Sess.
1288 1014 1345 1068 5.
1401 1028 1526 1086 cap.
1588 1013 1643 1066 1.
1680 1009 1745 1066 dc
1782 1006 1906 1084 Res.

366 1110 734 1180 reassumpta
762 1101 1011 1162 materia
1031 1149 1045 1171 ,
1074 1100 1295 1161 nedum
1319 1099 1512 1162 voluit
1540 1098 1910 1180 Theologum

366 1193 544 1254 statui
576 1194 637 1253 in
671 1212 1051 1274 quacumque
1080 1192 1418 1254 Cathedrali
1449 1238 1466 1266 ,
1499 1193 1598 1254 sed
1631 1192 1812 1254 etiam
1847 1191 1910 1253 in

366 1306 751 1368 quacumque
769 1288 1093 1369 Collegiata
1111 1288 1402 1349 existente
1425 1288 1488 1348 in
1508 1287 1713 1368 aliquo
1732 1285 1913 1366 Oppi·

369 1383 445 1442 do
474 1383 729 1462 insigni,
779 1382 1310 1464 Praebendamque
1352 1383 1914 1463 quomodocumque

369 1486 604 1554 praeter
631 1495 812 1557 quam
843 1495 918 1537 ex
938 1496 1115 1538 causa
1141 1476 1562 1558 resignationis
1584 1476 1780 1557 primo
1807 1494 1912 1538 va-

365 1578 633 1632 caturam
660 1618 678 1642 ,
718 1570 813 1633 cui
843 1570 1007 1633 aliud
1037 1589 1190 1631 onus
1233 1569 1683 1650 incompatibile
1709 1569 1912 1650 injun-

367 1670 530 1724 ctum
559 1684 677 1725 non
707 1664 817 1734 sit,
841 1664 1249 1738 constitutam,
1271 1676 1331 1728 et
1351 1666 1696 1744 deputatam
1721 1665 1914 1725 decre-

367 1757 455 1818 vit
490 1776 600 1837 pro
649 1757 891 1820 Lectore
943 1759 1073 1822 880.
1138 1759 1514 1841 Scripturae,
1564 1760 1916 1839 addiditque

366 1852 529 1932 quod
554 1852 614 1912 in
637 1852 1020 1916 Monasteriis
1043 1853 1501 1927 Monachorum,
1522 1854 1628 1916 ubi
1652 1873 1914 1915 commo·

367 1944 443 2007 de
482 1945 613 2007 fieri
661 1956 852 2028 posset
879 1995 896 2021 ,
932 1948 1112 2011 etiam
1168 1949 1344 2012 lectio
1392 1950 1522 2014 880.
1572 1950 1916 2030 Scripturae

366 2037 714 2115 haberetur,
736 2041 823 2102 uti
854 2041 1157 2123 colligitur
1179 2063 1254 2103 ex
1276 2046 1448 2106 citato
1473 2065 1599 2126 cap.
1630 2050 1684 2106 1.
1716 2052 1775 2105 et
1799 2043 1917 2105 late

367 2131 679 2194 historiam
744 2136 1061 2197 erectionis
1107 2137 1493 2201 Praebendae
1539 2137 1918 2220 Tbeologalis

367 2228 708 2290 enarrando
740 2241 1188 2311 prosequuntur
1225 2231 1572 2294 Thomassin.
1612 2235 1675 2293 dc
1702 2234 1873 2293 veteri
1893 2280 1911 2304 ,

367 2332 419 2381 01
444 2342 588 2385 nova
629 2327 995 2387 ecclesiastica
1043 2327 1346 2408 disciplina
1392 2339 1522 2388 tom.
1583 2332 1639 2388 1.
1680 2347 1806 2407 par.
1855 2331 1911 2387 1.

370 2416 469 2475 tib.
502 2422 561 2477 2.
590 2437 713 2498 cap.
750 2424 842 2479 10.
879 2419 1186 2499 Vanespcn.
1209 2422 1390 2500 injus
1419 2419 1639 2481 Canon.
1673 2431 1803 2479 tom.
1856 2423 1911 2479 1.

362 2521 519 2589 part.
561 2515 616 2571 1.
647 2513 737 2571 tit.
767 2515 861 2571 11.
893 2532 1017 2591 cap.
1046 2517 1104 2572 6.
1480 2512 1486 2516 ’

487 2603 548 2665 Si
587 2623 892 2666 sacrarum
956 2604 1299 2668 litterarum
1351 2605 1549 2668 studia
1604 2604 1918 2686 postremis

372 2699 743 2777 temporibus
772 2698 834 2759 in
876 2718 946 2760 eo
979 2707 1136 2761 statu
1174 2700 1672 2779 permansissent,
1705 2699 1766 2759 in
1796 2718 1919 2780 quo

369 2801 544 2853 erant
564 2792 934 2871 temporibus
961 2790 1432 2874 antiquioribus,
1457 2792 1627 2856 nulla
1654 2794 1918 2875 profecto

370 2886 702 2965 irrepsisset
721 2887 1129 2949 controversia
1159 2888 1233 2949 de
1254 2889 1625 2951 assumendis
1644 2890 1721 2952 ad
1745 2908 1918 2968 prae-

372 2979 628 3040 bendam
654 2979 1075 3062 Theologalem
1100 3030 1118 3054 ,
1171 2990 1276 3044 aut
1309 2982 1595 3064 Magistro
1621 2983 1685 3043 in
1739 2983 1921 3046 Sacra

373 3071 731 3154 Theologia,
768 3082 873 3135 aut
900 3075 1065 3136 Juris
1092 3075 1376 3138 Canonici
1424 3077 1717 3149 Doctore;
1750 3076 1920 3139 nulla

369 3166 593 3247 quippe
618 3167 827 3245 primis
856 3169 976 3229 illis
1002 3172 1373 3250 temporibus
1391 3172 1598 3232 aderat
1618 3171 1920 3233 distinctio

370 3260 530 3321 inter
576 3259 937 3341 Tlieologos,
970 3269 1028 3321 01
1061 3263 1448 3332 CanonistaS,
1500 3256 1671 3324 Teste
1698 3263 1920 3325 Joannc

375 3353 644 3415 Gersonio
666 3358 689 3414 i
692 3375 728 3413 n
747 3354 1012 3416 Sermone
1029 3358 1178 3434 sacto
1198 3360 1274 3418 ad
1285 3360 1440 3437 juris
1464 3357 1510 3417 C
1512 3360 1739 3419 anonici
1760 3361 1922 3419 licen-

374 3452 539 3511 tiatos
584 3461 712 3510 tom.
753 3453 810 3510 2.
861 3450 990 3511 ibi:
1039 3453 1240 3530 quibus
1275 3453 1608 3531 temporibus
1653 3472 1766 3512 non
1800 3461 1923 3513 erat

375 3543 660 3603 distinctio
694 3543 1124 3623 Theotbqorum,
1170 3556 1221 3607 01
1270 3545 1745 3615 canonistarum,
1799 3548 1924 3608 licet

377 3634 627 3698 canones
651 3636 824 3698 Sacri
840 3641 1203 3700 inulticssent
1224 3642 1372 3700 citra
1388 3650 1626 3700 tenorem
1648 3641 1924 3700 traditum

372 3730 433 3789 in
465 3730 795 3809 Evanycliis
815 3781 831 3803 ,
865 3743 915 3793 01
942 3736 1169 3794 cacteris
1200 3735 1357 3793 libris
1388 3731 1687 3793 Canonicis
1710 3779 1725 3804 ,
1761 3734 1922 3812 quod

373 3833 792 3903 argumentum
829 3825 946 3887 late
980 3835 1233 3888 exornat
1275 3825 1528 3886 Bulaeus
1572 3829 1635 3884 in
1686 3828 1921 3887 historia

378 3915 775 3976 Universitatis
818 3917 1159 3979 Parisiensis
1193 3930 1322 3979 tom.
1372 3923 1431 3979 2.
1465 3921 1645 3979 seculo
1676 3923 1732 3979 t.
1785 3940 1915 3999 paq.

376 4013 512 4069 580.
547 4010 626 4069 At
661 4029 797 4069 cum
833 4013 1201 4091 temporibus
1247 4012 1678 4093 posterioribus
1711 4012 1920 4075 Sacro-

374 4119 510 4160 rum
541 4101 852 4164 Canonum
870 4105 1185 4187 disciplina
1213 4107 1350 4169 licet
1378 4107 1508 4169 880.
1554 4106 1917 4188 Theologiae

376 4195 768 4258 subordinata
826 4197 1211 4280 Theologiam
1288 4209 1730 4282 praesupponat
1754 4246 1772 4274 ,
1831 4202 1920 4263 uti

377 4288 671 4351 Medicina
699 4294 1126 4372 praesupponit
1172 4294 1624 4375 Philosophiam
1675 4305 1921 4359 natura-

375 4382 526 4457 lem,
552 4391 611 4446 et
649 4384 878 4446 Musica
909 4386 1383 4460 arithmeticam,
1420 4389 1683 4469 separari
1716 4407 1923 4469 coepe-

377 4478 456 4540 rit
482 4498 516 4541 a
546 4478 675 4540 880.
708 4478 1031 4562 Theologia
1053 4527 1070 4553 ,
1100 4482 1187 4542 nti
1233 4484 1385 4544 bene
1428 4482 1778 4544 adnotatum
1807 4483 1925 4545 fuit

377 4572 439 4633 in
471 4572 846 4635 praefatione
889 4574 1124 4654 septimi
1173 4574 1316 4637 libri
1368 4573 1766 4639 Decretalium
1799 4577 1925 4640 Cle-

378 4674 562 4728 ment.
587 4666 937 4748 Octavi‚qui
964 4667 1080 4729 fuit
1107 4668 1461 4748 impressus,
1490 4670 1588 4731 sed
1611 4690 1925 4750 nunquam

377 4762 747 4842 publicatus,
778 4762 884 4823 ubi
915 4762 1135 4843 legitur
1169 4764 1243 4824 ad
1275 4763 1642 4843 Theologum
1669 4766 1923 4844 pertine·

376 4875 442 4916 re
461 4871 794 4937 proponere
815 4857 1124 4937 dogmata,
1159 4865 1218 4919 et
1245 4874 1316 4918 08
1344 4857 1707 4937 speculative
1729 4905 1745 4928 ,
1771 4868 1923 4920 etex

376 4949 730 5029 professo'in
757 4949 975 5011 scholis
1004 4950 1230 5031 legere,
1260 4958 1319 5012 01
1346 4952 1420 5012 de
1443 4950 1586 5021 illis,
1615 4960 1921 5032 tamquam

376 5042 452 5104 de
479 5044 604 5105 suis
626 5043 1031 5106 axiomatibus
1059 5044 1396 5124 disputare,
1426 5046 1587 5107 etad
1620 5047 1651 5104 J
1659 5045 1784 5106 uris
1812 5045 1923 5108 Ca-

379 5136 576 5199 nonici
609 5137 1000 5217 professorem
1033 5146 1299 5218 spectare
1330 5158 1400 5201 ea
1442 5159 1922 5220 praesupponere

378 5238 664 5310 tanquam
691 5242 849 5294 certa
868 5280 884 5302 ‚
911 5243 969 5295 et
988 5240 1224 5312 accepta
1247 5252 1319 5294 ex
1346 5234 1648 5313 prioribus
1666 5233 1920 5295 Theolo-

379 5324 512 5404 giae
547 5325 886 5406 principiis,
927 5326 1069 5388 hinc
1100 5327 1322 5388 factum
1366 5336 1455 5389 est
1501 5336 1568 5389 ut
1602 5328 1923 5409 pleraeque

381 5425 622 5477 exortae
647 5418 767 5480 sint
813 5421 1221 5482 contentiones
1269 5421 1428 5482 inter
1454 5421 1785 5504 Theologos
1808 5468 1825 5494 ,
1862 5433 1922 5484 01

380 5510 727 5574 Canonistas
756 5532 863 5592 pro
891 5516 1296 5595 assumptione
1327 5517 1698 5595 potissimum
1725 5516 1918 5579 Theo-

788 5637 995 5676 nzzmn.
1036 5640 1144 5679 xiv.
1185 5640 1326 5679 rum.
1365 5627 1476 5683 ΧΠ.

2018 1011 2285 1066 0510805
2307 1007 2677 1086 perpendere
2708 1026 2746 1069 a
2772 1005 3039 1068 Concilio
3068 1004 3235 1067 Trid.
3259 1022 3566 1065 annexum

2019 1099 2404 1162 Praebendae
2424 1101 2793 1183 Theologali.

2136 1194 2472 1258 Concilium
2499 1198 2679 1261 citato
2707 1218 2833 1278 cap.
2879 1201 2937 1257 1.
2963 1214 3090 1257 sess.
3121 1201 3177 1256 5.
3205 1195 3270 1258 dc
3311 1193 3558 1271 Reform.

2018 1288 2317 1351 Canonico
2347 1290 2606 1371 imponit
2623 1310 2776 1353 onus
2796 1288 3132 1372 exponendi
3154 1288 3395 1350 Sacram
3414 1287 3566 1348 Scri-

2020 1390 2260 1462 pturam
2279 1430 2296 1456 ,
2349 1394 2407 1447 01
2455 1384 2726 1447 eamdem
2785 1382 3218 1464 interpretandi
3267 1382 3343 1443 ad
3381 1380 3566 1460 ipsius

2022 1476 2152 1538 Sac.
2189 1477 2533 1559 Scripturae
2574 1478 3005 1558 expositionem
3032 1484 3090 1538 et
3123 1474 3567 1556 interpretatio-

2023 1588 2193 1642 nem,
2229 1579 2288 1632 et
2333 1591 2573 1645 rursuS,
2607 1579 2676 1632 ut
2701 1572 2829 1651 ipsa
2860 1570 2989 1631 880.
3020 1569 3364 1649 Scripturae
3389 1567 3563 1629 lectio

2022 1662 2322 1726 habeatur
2349 1713 2364 1736 ,
2396 1672 2456 1727 et
2476 1666 2656 1746 paulo
2687 1673 2817 1745 post
2832 1684 3165 1727 sermonem
3189 1661 3466 1724 babendo
3494 1662 3568 1723 de

2021 1759 2402 1820 Monasteriis
2416 1759 2848 1823 Monachorum
2861 1758 3086 1832 subdit,
3108 1758 3171 1818 in
3192 1756 3568 1830 Monasteriis

2021 1871 2264 1934 qnoque
2282 1854 2739 1927 Monachorum,
2765 1853 2868 1915 ubi
2885 1851 3193 1914 commode
3212 1850 3340 1913 fieri
3361 1859 3563 1931 queat,

2022 1948 2205 2012 etiam
2234 1948 2408 2011 lectio
2444 1949 2574 2010 Sac.
2606 1948 2952 2028 Scripturae
2995 1946 3312 2016 habeatur,
3337 1955 3403 2005 et
3431 1944 3569 2008 licet

2026 2043 2111 2105 ibi
2141 2052 2342 2105 sancta
2379 2043 2656 2124 Synodus
2683 2041 2849 2123 loqui
2881 2041 3156 2104 videatur
3197 2040 3272 2102 de
3315 2039 3570 2102 lectione

2021 2137 2157 2204 880.
2205 2137 2548 2218 Scripturae
2599 2146 2906 2216 tamquam
2934 2134 3211 2196 distincta
3253 2152 3290 2196 a
3317 2132 3574 2195 lectione

2023 2230 2384 2312 Theologiae
2411 2229 2839 2300 scholasticae,
2872 2238 2996 2291 tum
3021 2228 3165 2310 quia
3193 2227 3463 2308 loquitur
3494 2230 3569 2290 de

2023 2324 2150 2405 ipsa
2170 2326 2231 2385 S.
2262 2325 2495 2386 Bibliae
2512 2324 2883 2403 expositione
2905 2368 2922 2396 ,
2953 2343 3028 2385 ne
3047 2321 3314 2384 caelestis
3336 2321 3441 2382 ille
3461 2321 3569 2383 Sa-

2022 2438 2264 2480 crorum
2288 2419 2650 2489 Thesaurus,
2674 2437 2854 2499 quem
2880 2415 3136 2497 Spiritus
3156 2416 3405 2478 Sanctus
3423 2437 3571 2477 sum·

2020 2533 2115 2575 ma
2148 2514 2486 2574 liberalitate
2515 2515 2828 2574 hominibus
2875 2513 3146 2586 tradidit,
3171 2514 3446 2590 neqlcctus
3469 2513 3567 2590 jar

2023 2615 2143 2667 caat
2165 2654 2183 2678 ,
2216 2615 2343 2669 tum
2372 2606 2517 2687 quia
2552 2605 2859 2669 occasione
2887 2605 3197 2666 memorati
3222 2605 3439 2666 decreti
3475 2605 3569 2665 in·

2024 2708 2114 2761 ter
2157 2700 2453 2761 Abbatem
2495 2699 2902 2764 Cassinensem
2922 2745 2938 2772 ,
2965 2707 3024 2761 01
3051 2697 3432 2760 Dominicum
3462 2698 3570 2760 So·

2026 2799 2153 2853 tum
2182 2792 2247 2854 in
2279 2793 2408 2872 ipso
2425 2792 2693 2854 Concilio
2713 2802 2956 2855 exortae
2975 2800 3115 2853 5881
3142 2791 3572 2871 disputationes

2025 2884 2099 2946 de
2140 2886 2545 2965 praelatione,
2590 2897 2699 2949 aut
2729 2885 2969 2949 lectioni
3005 2886 3133 2948 880.
3180 2887 3525 2968 Scripturae
3550 2934 3569 2962 ,

2025 2987 2130 3041 aut
2164 2977 2401 3040 lectioni
2436 2980 2565 3041 880.
2602 2979 2966 3061 Theologiae
2986 2979 3383 3042 scholasticae
3410 2999 3577 3060 prae-

2024 3072 2270 3143 standa,
2316 3073 2369 3134 T
2363 3085 2460 3135 cst.
2517 3070 2693 3135 Card.
2738 3073 3021 3136 Pallavic.
3074 3076 3139 3133 in
3189 3072 3349 3133 Hist.
3401 3072 3571 3134 Conc.

2030 3166 2083 3227 T
2076 3170 2190 3229 rid.
2212 3189 2339 3230 sess.
2368 3175 2426 3230 7.
2446 3189 2570 3248 cap.
2596 3175 2653 3229 5.
2678 3189 2814 3231 cum
2836 3168 3232 3229 nihilominus
3246 3167 3576 3248 allegatum

2026 3261 2218 3343 Caput
2238 3264 2502 3343 primum
2526 3264 2859 3343 promiscue
2885 3262 3170 3342 loquatur
3210 3262 3284 3332 de
3322 3261 3575 3322 lectione

2028 3356 2159 3419 880.
2194 3356 2569 3438 Scripturae,
2599 3366 2659 3418 et
2686 3358 2758 3429 de
2781 3356 3033 3417 lectione
3058 3354 3438 3435 Theologiae,
3464 3356 3574 3429 ibi,

2029 3470 2138 3530 pro
2191 3450 2514 3513 lectoribus
2554 3452 2686 3512 Sac.
2725 3449 3121 3531 Theologiae,
3157 3459 3216 3511 01
3269 3470 3478 3512 1·8ι·505
3509 3462 3578 3513 01

2027 3544 2388 3626 Theologiae
2417 3544 2592 3607 lectio
2633 3546 2696 3606 in
2726 3545 2812 3606 eis
2857 3544 3167 3606 commode
3196 3544 3407 3606 haberi
3453 3565 3576 3606 non

2027 3638 2233 3718 possit,
2257 3637 2386 3698 880.
2406 3638 2553 3700 11800
2577 3637 2969 3718 congregatio
2993 3635 3110 3697 fuit
3131 3636 3195 3697 in
3215 3656 3391 3697 sensu
3414 3638 3579 3717 quod

2027 3730 2308 3791 obtinens
2342 3730 2749 3813 praebendam
2770 3729 3190 3809 Theologalem
3210 3749 3319 3791 suo
3342 3730 3579 3791 muneri

2026 3822 2351 3887 satisfaciat
2376 3823 2503 3884 sive
2532 3824 2663 3884 Sac.
2694 3823 3068 3903 Scripturam
3101 3823 3529 3902 interpretetur
3556 3869 3574 3896 ,

2033 3916 2159 3979 sive
2191 3916 2351 3998 legat
2378 3916 2761 3998 Theologiam
2786 3916 3243 3987 scholasticam,
3278 3917 3367 3979 uti
3392 3916 3580 3979 habe-

2029 4019 2129 4074 tur
2179 4010 2243 4072 in
2296 4010 2659 4074 resolutione
2699 4010 2858 4090 apud
2891 4009 3210 4072 Gallcmart
3248 4012 3324 4071 ad
3368 4013 3582 4072 dictum

2028 4109 2203 4188 capit.
2234 4111 2292 4167 1.
2324 4126 2483 4167 num.
2514 4110 2609 4165 16.
2648 4124 2775 4165 3033.
2809 4111 2866 4165 5.
2919 4106 2984 4164 de
3010 4104 3256 4181 Reform.
3288 4111 3348 4165 et
3380 4124 3581 4185 prose-

2031 4210 2306 4285 quuntur
2316 4199 2574 4279 Faqnan.
2598 4200 2662 4258 in
2681 4218 2805 4278 cap.
2829 4200 2967 4277 quia
2986 4200 3278 4258 nonnullis
3295 4218 3454 4258 num.
3475 4202 3574 4258 29.

2032 4309 2086 4359 01
2107 4316 2257 4376 seqq.
2290 4295 2355 4358 dc
2374 4294 2678 4373 Mayistris
2692 4337 2710 4366 ,
2735 4289 2984 4354 Garzias
3008 4293 3071 4352 de
3093 4291 3334 4373 Bcncfic.
3356 4312 3489 4373 par.
3519 4300 3578 4354 5.

2030 4412 2155 4472 cap.
2189 4394 2250 4451 4.
2274 4409 2431 4450 num.
2468 4393 2605 4449 156.
2636 4386 2901 4464 Pirhinq.
2929 4387 2994 4445 in
3009 4387 3108 4464 jus
3139 4383 3358 4447 Canon.
3397 4388 3489 4447 tit.
3517 4391 3575 4448 4.

2033 4488 2130 4546 tib.
2161 4491 2219 4547 5.
2247 4487 2338 4544 tit.
2365 4489 2423 4543 5.
2449 4482 2514 4565 S.
2543 4486 2597 4542 1.
2624 4482 2726 4542 sub
2746 4501 2849 4540 nu.
2873 4485 2933 4540 7.
2958 4478 3024 4561 S.
3048 4479 3380 4541 Notandum
3399 4493 3577 4541 sexto.

2030 4579 2340 4659 Piqnatell.
2370 4578 2608 4638 consult.
2641 4580 2741 4636 62.
2764 4594 2922 4634 num.
2957 4578 3057 4634 27.
3092 4584 3223 4633 tom.
3274 4579 3331 4635 3.
3365 4584 3583 4637 01008-

2029 4673 2237 4735 cordat
2264 4671 2490 4733 Concil.
2528 4665 2898 4751 provinciale
2946 4668 3269 4728 Benevent.
3306 4666 3584 4730 habitum

2029 4785 2190 4827 anno
2226 4771 2400 4827 1656.
2432 4764 2544 4824 sub
2567 4760 3028 4840 Archiepiscopo
3049 4759 3281 4822 Joanne
3314 4762 3582 4841 Baptista

2031 4861 2236 4940 Foppa
2257 4862 2348 4919 tit.
2380 4862 2474 4919 12.
2506 4858 2570 4916 dc
2588 4856 2892 4934 Maqistris
2918 4853 3030 4914 ibi:
3065 4856 3277 4934 provisi
3303 4856 3368 4915 dc
3388 4857 3585 4935 hujus-

2031 4955 2182 5013 modi
2202 4952 2528 5033 praebendis
2552 4948 2689 5010 Sac.
2730 4946 2948 5026 Script.
2976 4948 3344 5027 interpretari
3365 4959 3467 5008 aut
3486 4950 3587 5010 do-

2030 5068 2146 5109 cere
2168 5057 2269 5107 010.
2302 5064 2400 5126 per
2416 5065 2470 5105 sc
2492 5054 2542 5103 01
2571 5062 2681 5102 non
2709 5061 2812 5123 per
2830 5043 2974 5103 alios
3002 5041 3441 5121 compellantur.

2145 5141 2210 5201 Si
2228 5159 2381 5200 0805
2401 5137 2682 5200 Canonici
2705 5134 2991 5216 Theologi
3015 5134 3222 5195 fuisset
3241 5135 3583 5197 restrictum

2028 5235 2107 5297 ad
2127 5230 2589 5314 explicationem
2636 5229 2697 5289 S.
2727 5229 3104 5309 Scripturae,
3151 5227 3243 5289 vel
3270 5227 3587 5291 lectionem

2027 5326 2386 5408 Theologiae
2404 5324 2824 5394 Scholasticae,
2852 5323 3136 5382 Doctores
3159 5320 3217 5381 in
3229 5322 3369 5402 jure
3390 5322 3585 5384 Cano-

2030 5423 2164 5485 nico
2190 5421 2266 5484 ad
2301 5421 2518 5481 dictam
2545 5415 2949 5498 praebendam
2977 5434 3292 5495 nunquam
3318 5416 3589 5496 aspirare

2030 5515 2358 5598 potuissent
2372 5559 2390 5589 ,
2413 5511 2567 5575 etde
2596 5510 2752 5574 sacto
2775 5510 2841 5570 in
2869 5507 3332 5589 Metropolitana
3357 5509 3587 5571 Medio-

3122 5619 3191 5669 55
