4393 6299
944 517 1060 568 101

769 667 1166 742 visitationis,
1195 666 1438 748 legitur,
1461 664 1623 746 quod
1651 660 2053 743 praepositus,
2078 665 2300 723 01000-

1931 508 2376 576 000οΤ10000
2413 507 2770 564 000001οΙ0

2415 660 2669 728 electum
2693 683 2710 735 ς
2733 671 3064 745 exortaque
3091 665 3348 726 subinde
3372 672 3786 731 controversia
3821 716 3834 739 ,
3874 690 3957 733 an

769 763 881 826 teri
929 761 1274 843 Cappellani
1314 760 1541 822 habent
1587 777 1743 818 onus
1789 754 2134 819 celebrandi
2169 767 2300 835 'per
2416 774 2639 816 novum
2659 776 2909 818 examen
2929 765 3080 819 esset
3103 757 3164 818 in
3186 758 3439 821 Civitatc
3465 760 3719 831 Isclana,
3754 761 3848 823 vel
3896 764 3960 826 in

766 859 1020 939 seipsos;
1054 858 1210 919 itaut
1239 853 1621 917 observantia
1661 852 1860 916 faveat
1906 848 2296 914 celebrationi

766 971 958 1033 perse
985 951 1164 1031 ipsos,
1204 957 1264 1011 et
1304 944 1956 1027 sicincompatibilitati
1984 963 2123 1005 cum
2154 942 2298 1005 aliis

766 1046 1080 1109 Beneficiis
1111 1043 1490 1107 residentiam
1540 1041 2028 1122 requirentibus;
2076 1041 2306 1120 absque

763 1162 836 1203 00
855 1143 1016 1222 quod
1047 1142 1137 1200 vis
1165 1138 1290 1200 ulla
1320 1137 1449 1199 fieri
1484 1136 1678 1199 valeat
1700 1137 1764 1196 in
1794 1135 2303 1198 celebrationibus

765 1237 1082 1303 Missarum
1117 1254 1220 1315 per
1249 1232 1423 1302 alios,
1477 1251 1634 1313 quae
1662 1231 1853 1293 factae
1881 1239 2234 1293 asseruntur
2262 1249 2301 1293 a

762 1329 1179 1411 Cappellanis,
1226 1347 1364 1390 cum
1393 1325 1451 1388 id
1497 1324 1759 1406 potuerit
1788 1325 2171 1404 procedet-ea
2219 1324 2296 1386 li-

759 1422 953 1485 centia
999 1421 1358 1504 Praepositi,
1401 1422 1510 1503 qui
1532 1419 1875 1482 facultatem
1907 1419 2126 1482 habeat
2156 1439 2291 1484 eam

759 1517 1089 1597 elargiendi
1114 1561 1132 1579 .

873 1611 1107 1673 Dicitur
1134 1617 1441 1691 praeterea
1457 1608 1900 1671 observantiam
1922 1608 1985 1669 in
2001 1610 2144 1689 jure
2165 1627 2287 1668 non

753 1703 1056 1775 relevare,
1107 1703 1253 1785 quia
1303 1701 1550 1783 quando
1579 1702 1828 1783 aliquod
1861 1721 2015 1764 onus
2045 1702 2112 1763 in
2143 1701 2286 1763 fun-

750 1798 1369 1880 dationeimponitnr,
1412 1797 1564 1859 illud
1592 1805 1682 1860 est
1718 1796 2055 1859 executioni
2111 1816 2289 1859 man-

751 1893 1021 1955 dandum
1044 1938 1063 1967 ,
1112 1893 1288 1955 011111
1315 1893 1590 1976 derogari
1625 1911 1745 1954 non
1777 1899 1986 1973 potest,
2018 1900 2081 1954 01
2107 1911 2291 1972 quae-

746 2006 1009 2067 cumque
1033 1987 1097 2048 in
1115 1988 1485 2050 contrarium
1503 1987 1931 2058 admittuntur,
1962 1996 2067 2048 aut
2100 1987 2281 2060 fiunt,

747 2081 913 2164 rejici
940 2081 1158 2144 debent
1187 2088 1477 2162 tanquam
1499 2081 1746 2153 abusus,
1768 2088 1829 2141 et
1850 2081 2231 2162 corruptelae
2264 2127 2281 2155 ,

738 2179 916 2258 juxta
931 2186 1102 2256 caput
1128 2182 1187 2238 5.
1213 2196 1342 2237 sess.
1377 2181 1476 2237 25.
1508 2177 1574 2236 de
1593 2176 1841 2253 Reform.

863 2271 935 2332 In
954 2269 1216 2331 nihilum
1238 2277 1490 2350 urgente
1515 2268 1817 2330 redituum
1850 2267 2285 2341 diminutione,

742 2383 974 2428 necnon
996 2363 1155 2427 facto
1184 2363 1425 2426 Domini
1447 2363 1651 2432 Ducis,
1678 2364 1793 2444 qui⁴
1818 2367 1887 2426 R.
1918 2364 1985 2424 P.
2015 2361 2088 2424 D.
2118 2365 2279 2424 Mat-

741 2458 1009 2542 thaejum
1053 2457 1495 2540 praesentavit,
1558 2478 1696 2521 cum
1742 2458 2068 2520 diminutio
2121 2457 2285 2519 redi·-

743 2560 940 2626 tuum,
970 2552 1045 2614 de
1070 2571 1194 2633 qua
1223 2572 1386 2614 nunc
1435 2553 1637 2634 agitur
1658 2598 1676 2627 ,
1727 2572 1848 2614 non
1876 2552 2132 2614 sufficiat
2168 2572 2277 2632 pro

737 2646 1058 2707 eximendo
1075 2665 1260 2707 onere
1284 2647 1564 2727 imposito
1584 2644 1646 2706 in
1678 2645 2055 2719 fundatione,
2086 2665 2281 2727 eoque

739 2739 980 2813 fortius,
1002 2740 1146 2821 quia
1165 2741 1479 2803 subsecuta
1510 2740 1627 2803 dici
1660 2741 1868 2821 nequit
1890 2741 2094 2804 statim
2134 2748 2268 2821 post

740 2833 976 2895 obitum
1018 2834 1174 2896 Sixti
1200 2835 1279 2896 V.
1302 2852 1413 2915 pro
1440 2835 1651 2917 majori
1680 2835 1901 2896 etenim
1931 2843 2101 2915 parte
2123 2854 2270 2897 con-

740 2927 926 3008 tigit,
970 2924 1278 2989 occasione
1317 2926 1737 2992 diminutionis
1776 2927 2079 2989 redituum
2120 2926 2279 2991 loco-

737 3040 876 3082 rum
927 3021 1249 3106 Montium,
1279 3040 1437 3102 quae
1461 3021 1676 3084 accidit
1716 3020 1894 3102 longe
1950 3029 2082 3102 post
2143 3023 2280 3084 obi-

737 3125 866 3177 tum
910 3114 1052 3178 dicti
1097 3114 1438 3179 Pontificis.
1503 3114 1777 3197 Cumque
1824 3117 2117 3179 Dominus
2138 3119 2278 3181 Dux

736 3210 1207 3290 praesentaverit
1232 3211 1304 3271 R.
1328 3210 1394 3271 P.
1428 3211 1501 3271 D.
1535 3212 1623 3272 De
1651 3210 1990 3282 Matthaeis,
2014 3211 2116 3273 sed
2135 3232 2276 3273 cum

732 3303 1018 3365 omnibus
1043 3303 1410 3378 honoribus,
1456 3312 1515 3366 et
1554 3306 1841 3367 oneribus
1887 3315 1946 3368 et
1981 3316 2272 3386 tempore,

733 3415 857 3478 quo
878 3397 953 3458 de
983 3398 1113 3478 ipso
1145 3417 1456 3478 nunquam
1478 3399 1876 3482 cogitabatur,
1900 3399 2065 3482 quod
2097 3418 2131 3462 a
2164 3401 2270 3463 SS.

736 3491 808 3550 D.
841 3489 916 3550 N.
950 3490 1193 3570 praefici
1215 3501 1408 3572 posset
1435 3492 1746 3554 Gubernio
1776 3494 2000 3556 Montis
2032 3493 2148 3556 Alti
2170 3537 2189 3555 .

848 3583 963 3644 His
994 3584 1292 3647 stantibus
1309 3587 1624 3666 quaeritur
1656 3605 1673 3647 ε

847 3677 944 3737 An
983 3677 1390 3758 Praepositum
1417 3679 1493 3741 ad
1522 3678 1727 3743 Scalas
1760 3680 2006 3743 Sanctus
2053 3685 2128 3743 sit
2176 3686 2273 3743 in-

726 3772 1101 3850 compatibilis
1122 3792 1253 3832 cum
1285 3771 1635 3852 Episcopatu
1670 3771 1938 3836 Civitatis
1984 3773 2270 3840 Castellu-

727 3883 860 3935 m,
879 3875 933 3925 ct
951 3864 1274 3940 Hor-tamo,
1301 3869 1368 3926 in
1395 3885 1533 3928 casu
1571 3877 1673 3929 stc.

834 4055 987 4106 Sacra
1014 4056 1212 4124 Congr.
1243 4056 1552 4125 respondit:

915 4136 1292 4210 dffirmative,
1317 4154 1371 4195 et
1395 4142 1635 4213 amplius
1654 4181 1667 4195 .

1175 4333 1537 4409 QUAESTIO
1581 4334 1827 4398 XCVII.

799 4524 873 4587 111
896 4523 1089 4587 Causa
1119 4522 1347 4585 Isclana
1377 4521 1757 4591 Parochialis,
1793 4525 1884 4585 dic
1922 4529 1975 4584 1.
2005 4525 2186 4606 Apri-

1351 4618 1420 4678 lis
1454 4620 1628 4677 1719.

726 4761 1030 4876 Thomas
1080 4804 1432 4887 Morgionus
1487 4804 1738 4887 rejectus
1782 4805 1846 4868 in
1902 4807 2209 4870 Concursu
2235 4855 2254 4885 ,

716 4906 927 4969 habito
954 4901 1263 4964 occasione
1315 4897 1665 4961 Collationis
1717 4900 2088 4963 paroehialis
2142 4904 2256 4965 Ec-

717 5000 932 5063 clesiae
949 4997 1212 5078 Spiritus
1233 4993 1460 5063 Sancti,
1486 4993 1776 5056 Suburbii
1825 4995 2028 5059 Celsae
2063 5000 2127 5058 in
2157 4999 2257 5061 Ci-

2411 848 3562 935 Urbeexplendum,SacraCongregatio
3594 858 3815 917 nedum
3849 860 3941 920 dio

2409 947 2508 1005 24.
2523 943 2861 1026 Septembris
2869 947 3107 1026 ejusdcm
3118 951 3261 1009 anni
3268 949 3466 1010 censui
3476 958 3519 1023 t,
3531 950 3692 1030 quod
3706 971 3957 1016 examen

2411 1050 2562 1103 esset
2584 1040 2948 1121 explendum
2998 1044 3063 1102 in
3097 1043 3279 1112 Urbe,
3320 1044 3419 1105 sed
3453 1045 3733 1106 intimato
3762 1093 3778 1116 ‚
3826 1048 3955 1108 sru-

2411 1143 2656 1214 straque
2677 1145 2984 1214 expectato
3005 1137 3271 1198 Boncore
3295 1138 3599 1217 rescripsit
3621 1141 3709 1199 die
3737 1144 3832 1199 21.
3847 1139 3954 1202 Ja-

2411 1231 2612 1290 maarii
2640 1231 2807 1307 hujits
2856 1233 2998 1291 anni
3039 1235 3212 1291 1719.
3236 1278 3250 1300 ,
3302 1233 3464 1312 quod
3499 1232 3955 1293 examinaretur

2411 1321 2580 1385 hicin
2608 1324 2767 1386 Urbe
2789 1325 3051 1386 Thomas
3067 1326 3445 1406 Morgionus,
3471 1335 3528 1388 01
3550 1328 3710 1406 quod
3743 1348 3950 1408 repor-

2411 1423 2530 1478 tata
2562 1418 2991 1497 approbatione
3019 1419 3383 1498 supplicaret
3402 1439 3510 1500 pro
3540 1419 3820 1482 facultate
3849 1441 3951 1482 ex·

2411 1511 2685 1591 pediendi
2713 1511 2918 1574 Bullas
2950 1513 3013 1573 in
3035 1514 3281 1575 Dataria
3301 1556 3318 1572 .

2526 1607 2874 1688 Morgionus
2906 1607 3015 1668 suit
3049 1608 3451 1680 examinatus,
3487 1616 3547 1669 et
3576 1609 3948 1687 approbatus

2402 1699 2482 1760 011
2501 1700 3033 1762 Examinatoribus
3057 1700 3461 1782 synodalibus
3475 1702 3683 1763 Urbis:
3707 1703 3947 1763 codem-

2403 1811 2522 1874 que
2551 1794 2769 1856 ‹leinde
2799 1795 3175 1875 supplicante
3197 1815 3309 1876 pro
3340 1796 3499 1858 dicta
3533 1796 3818 1858 facultate
3853 1817 3949 1858 re-

2399 1889 2680 1951 currendi
2698 1889 2773 1950 ad
2799 1889 3102 1951 Datariam
3127 1890 3552 1971 Apostolicam,
3568 1892 3645 1953 ad
3667 1892 3944 1956 effectum

2402 1984 2607 2046 Bullas
2626 1984 3005 2066 expediendi,
3041 1984 3219 2048 Sacra
3267 1984 3414 2048 11000
3440 1986 3648 2048 eadem
3679 1987 3944 2068 Congre-

2399 2080 2561 2161 gatio
2591 2083 2679 2141 die
2706 2084 2764 2142 4.
2797 2080 3100 2141 Februarii
3137 2082 3308 2158 huius
3347 2083 3491 2142 anni
3516 2080 3939 2152 demandavit,

2398 2174 2559 2254 quod
2591 2173 3062 2254 producerentur
3088 2173 3376 2253 requisita
3409 2174 3730 2254 utriusque
3755 2173 3943 2236 Colli·

2401 2268 2664 2350 tigantiS,
2695 2268 2808 2330 hoc
2837 2275 2926 2330 est
2952 2267 3218 2348 Cajetani
3256 2268 3556 2340 Boncore,
3583 2276 3645 2329 et
3674 2267 3943 2328 Tbomae

2393 2362 2692 2443 Morgioni
2711 2410 2727 2433 ‚
2781 2371 2841 2424 et
2874 2362 3237 2424 reclamante
3287 2361 3607 2443 Morgiono
3650 2362 3942 2423 adversus

2390 2457 2507 2520 1100
2529 2458 2929 2538 Rescriptum,
2972 2456 3038 2518 in
3081 2457 3358 2535 proxime
3418 2456 3740 2535 praeterita
3781 2455 3940 2518 Con·

2386 2553 2734 2634 gregatione
2765 2551 2993 2614 dictum
3029 2548 3168 2624 ruit,
3197 2552 3359 2634 quod
3391 2552 3582 2613 Causa
3610 2559 3936 2632 poneretur

2392 2645 2461 2709 in
2497 2645 2676 2711 folio.

2509 2739 2827 2821 Cajetanus
2856 2741 3121 2801 Boncore
3153 2738 3321 2810 dicit,
3346 2758 3410 2801 se
3441 2739 3623 2800 fuisse
3644 2738 3938 2818 approba-

2388 2840 2544 2906 tum,
2566 2842 2626 2896 et
2649 2835 3045 2915 praeelectum
3075 2833 3138 2893 in
3162 2833 3470 2894 Concursu
3513 2832 3728 2894 habito
3765 2851 3936 2895 occa-

2388 2927 2558 2989 sione
2587 2927 2915 2989 vacationis
2959 2925 3257 2988 Ecclesiae
3286 2925 3680 2999 Parochialis,
3710 2926 3785 2988 de
3812 2945 3934 3007 qua

2386 3039 2550 3082 nunc
2575 3021 2799 3103 agitur,
2831 3030 2891 3082 et
2913 3020 3204 3081 Tbomam
3234 3020 3630 3100 Morgionum
3677 3038 3786 3100 per
3831 3039 3934 3098 ap-

2389 3116 2805 3198 probationem
2822 3115 3079 3178 subinde
3098 3122 3464 3194 reportatam
3490 3115 3570 3176 ab
3599 3114 3931 3176 Examina-

2385 3211 2619 3273 toribus
2647 3210 2847 3282 Urbis„
2865 3209 3020 3271 nihil
3051 3208 3218 3271 aliud
3247 3208 3802 3288 obtinuisse,quam
3827 3210 3933 3270 ab·

2383 3306 2735 3367 stersionem
2768 3303 3035 3366 maculae
3063 3302 3401 3386 rejectionis
3427 3303 3929 3383 passaeineodem

2381 3400 2713 3473 Concursu,
2762 3400 2906 3462 hinc
2954 3398 3294 3469 inferendo,
3329 3408 3699 3479 praesentem
3736 3418 3925 3478 quae-

2381 3495 2636 3558 stionem
2674 3514 2799 3557 esse
2832 3494 2990 3555 inter
3042 3493 3193 3554 duos
3222 3493 3600 3574 Approbatos
3634 3502 3925 3574 tanquam

2379 3589 2628 3651 idoneos
2670 3588 2868 3670 quoad
2920 3587 3230 3649 scientiam
3274 3604 3386 3667 pro
3411 3586 3741 3647 exercenda
3771 3606 3922 3650 cura

2379 3684 2725 3746 animarum
2749 3703 2766 3755 ς
2796 3682 2861 3742 in
2884 3700 3008 3762 quo
3023 3700 3226 3742 rerum
3253 3688 3438 3750 statu,
3463 3687 3695 3742 caetera
3716 3679 3924 3760 requi-

2380 3778 2493 3841 sita
2518 3786 2660 3839 sunt
2686 3775 3111 3845 examinanda,
3136 3794 3273 3836 cum
3302 3794 3479 3836 nemo
3504 3793 3624 3835 non
3656 3776 3806 3836 sciat
3825 3793 3925 3835 so-

2379 3872 2500 3934 lius
2531 3870 2815 3933 scientiae
2858 3890 2979 3931 non
3004 3889 3130 3937 esse
3154 3868 3492 3931 habendam
3525 3868 3823 3931 rationem
3854 3869 3919 3930 in

2380 3962 2701 4029 collatione
2728 3964 3195 4036 parochialium,
3250 3982 3359 4024 nec
3403 3962 3742 4024 Doctiorem
3795 3982 3924 4026 esse

2380 4063 2567 4123 Docto
2594 4059 2784 4142 magis
2808 4059 3094 4120 idoneum
3117 4106 3132 4127 ,
3160 4064 3226 4118 ut
3279 4056 3605 4121 Ecclesiam
3645 4068 3918 4121 curatam

2379 4154 2681 4228 obtineat;
2708 4161 3053 4234 punctoque
3082 4152 3319 4213 mdacto
3347 4150 3424 4213 ad
3449 4149 3569 4212 alia
3600 4152 3914 4233 requisita,

2379 4247 2719 4330 cajetanus,
2761 4245 2867 4328 qni
2897 4265 3006 4308 sua
3025 4251 3342 4307 enumerat
3368 4243 3435 4305 in
3456 4243 3755 4326 scriptura
3814 4267 3920 4329 per

2381 4362 2595 4405 manus
2615 4338 3115 4410 circumferenda,
3130 4346 3299 4420 putat
3316 4357 3708 4411 000000ιο000
3723 4340 3799 4404 ad
3818 4341 3915 4403 sui

2375 4435 2648 4498 favorem
2669 4432 3088 4497 resolvendam
3119 4474 3137 4492 .

2492 4532 2542 4593 E
2565 4540 2771 4593 contra
2799 4528 3060 4590 Thomas
3089 4525 3442 4609 Morgionus
3472 4527 3641 4602 dicit,
3673 4545 3915 4591 0000001

2373 4631 2741 4705 praesentem
2769 4641 2890 4682 non
2904 4620 3134 4683 versari
3156 4619 3319 4681 inter
3337 4619 3487 4683 duos
3515 4622 3911 4702 Approbatos;

2369 4717 2724 4799 approbatio
2778 4714 3101 4796 siquidem,
3134 4721 3194 4776 et
3220 4713 3576 4795 praeelectio
3608 4722 3910 4795 reportata

2368 4813 2430 4873 in
2454 4812 2708 4875 Civitate
2732 4808 2963 4873 Isclana
2986 4827 3023 4870 a
3045 4809 3333 4891 Cajetano
3375 4810 3640 4870 Boncore
3673 4829 3792 4871 non
3821 4816 3912 4872 est

2367 4905 2643 4968 habenda
2667 4906 2731 4966 in
2763 4903 2891 4965 0110
2917 4901 3429 4975 consideratione,
3457 4921 3593 4963 cum
3642 4903 3772 4982 ejus
3819 4901 3912 4964 ef-

2366 5001 2553 5062 fectus
2574 4999 2758 5062 fuerit
2783 5015 3107 5077 suspensus
3142 5015 3249 5076 per
3293 4995 3625 5057 remedium
3644 4995 3910 5075 appella-

716 5098 902 5158 vitate
941 5091 1176 5154 Isclana
1197 5134 1214 5162 ,
1245 5085 1711 5168 appellationem
1753 5088 2152 5172 interposuit,
2198 5103 2258 5156 et
2363 5094 2544 5157 tionis
2569 5113 2603 5154 a
2631 5112 2695 5155 00
2718 5091 3131 5171 interpositae,
3152 5098 3212 5151 et
3239 5109 3377 5151 cnm
3409 5087 3631 5151 idcirco
3652 5088 3905 5169 perinde

715 5194 1019 5252 annuente
1041 5185 1157 5246 1100
1184 5182 1365 5244 Sacra
1392 5180 1887 5264 Congregatione,
1920 5186 2009 5247 uti
2033 5186 2261 5269 colligi-

708 5293 815 5346 tur
836 5302 913 5345 ex
944 5297 1227 5361 responso
1249 5276 1410 5339 edito
1436 5277 1526 5337 die
1557 5281 1657 5338 23.
1681 5275 1842 5339 101ἰί
1873 5283 2018 5341 anni
2044 5293 2260 5362 praete-

715 5380 821 5440 riti
857 5380 1030 5436 1718.
1054 5418 1072 5446 ,
1125 5371 1201 5434 ad
1227 5389 1453 5432 novum
1477 5389 1730 5433 examen
1763 5374 2111 5452 provocavit
2136 5373 2264 5438 Ca·-

2360 5187 2640 5250 habenda
2671 5185 2770 5258 sit,
2792 5202 2863 5246 ac
2883 5184 2933 5245 si
2968 5202 3087 5245 non
3114 5189 3445 5244 emanasset
3471 5223 3490 5242 .

2476 5282 2813 5361 Absqueeo
2857 5276 3019 5360 quod
3048 5275 3380 5357 quidquam
3430 5273 3688 5347 referat,
3736 5277 3905 5356 quod

2361 5373 2738 5456 approbatio,
2769 5391 2957 5453 quam
2986 5370 3117 5451 ipse
3144 5367 3409 5430 obtinuit
3451 5369 3532 5430 ab
3577 5368 3906 5432 Examina-

715 5474 989 5557 jetanum
1011 5468 1278 5528 Boncore
1307 5463 1372 5526 in
1400 5471 1733 5527 memorato
1754 5464 2059 5529 Concursu
2084 5487 2258 5550 prae-
2304 5444 2331 5550 Ι
2365 5467 2599 5531 toribus
2622 5465 2802 5529 Urbis
2817 5510 2838 5541 ,
2864 5464 3125 5528 eundem
3144 5460 3487 5534 constituat,
3508 5470 3570 5525 01
3594 5461 3911 5544 qualificet
