4393 6299
1651 488 2110 558 Qusssrro
2170 488 2450 545 ccmv.

432 643 690 708 cumbris
711 647 885 706 1706.
916 642 1101 707 dilata
1121 689 1140 717 ,
1170 652 1222 705 ct
1242 651 1559 724 exspectetur
1589 646 1780 704 cmitus
1809 642 1966 705 Cau-

3342 495 3441 549 181

2078 643 2433 723 suffragium
2457 642 2695 704 animae
2712 643 3072 717 Testatricis,
3094 642 3206 706 bac
3223 643 3619 712 nihilominus

430 759 523 800 sac
547 742 613 800 in
653 737 841 801 Sacra
872 738 1022 801 Rota
1045 783 1062 812 ,
1093 738 1183 800 uti
1221 738 1397 818 plene
1426 736 1611 799 refert
1660 737 1733 798 R.
1782 737 1854 797 P.
1888 737 1963 798 D.
2075 737 2479 799 controversia
2513 736 2719 799 relicta
2749 782 2767 810 ,
2792 757 2929 799 cum
2972 739 3051 800 ab
3093 737 3208 801 hac
3249 738 3430 804 Sacra
3459 741 3616 803 Con·

430 828 605 894 Petra
668 835 744 894 ad
800 831 1235 895 Constitutioncs
1284 832 1633 913 Apostolicas
1706 842 1837 893 tom.
1906 837 1964 892 3.

427 945 556 1005 paq.
603 932 740 988 562.

542 1020 619 1081 Et
660 1019 807 1082 haec
855 1030 1037 1092 sunt,
1093 1039 1250 1101 quae
1281 1019 1647 1081 Secretarius
1688 1019 1969 1098 colligere

423 1112 619 1192 potuit
639 1132 749 1193 pro
780 1112 1031 1176 faciliori
1074 1113 1355 1176 examine
1397 1112 1718 1175 instantiae
1748 1158 1765 1186 ‚
1811 1131 1968 1192 quae

424 1206 487 1267 in
514 1206 694 1270 Sacra
737 1207 1210 1288 congregatione
1244 1206 1599 1288 proponitur
1647 1227 1825 1288 super
1857 1226 1965 1287 ap-

422 1302 776 1381 probatione
801 1302 1163 1364 Concordiae
1198 1302 1386 1364 initae
1416 1302 1573 1364 inter
1604 1302 1964 1383 Episcopum

420 1394 915 1478 Herbipolensem
944 1444 961 1471 ,
995 1407 1055 1459 et
1078 1398 1374 1460 Abbatem
1398 1396 1757 1459 Fuldensem
1776 1439 1792 1456 .

809 1582 1167 1659 QUAESTIO
1208 1582 1565 1647 CCCXLVI.

530 1770 602 1833 In
632 1771 824 1834 Causa
855 1770 1126 1835 Civitatis
1169 1750 1528 1836 Castsllanac
1554 1822 1572 1844 ,
1623 1774 1715 1834 dic
1736 1777 1834 1833 28.

968 1867 1219 1947 Augusti
1251 1872 1426 1930 1723.

412 1990 628 2114 Anno
651 2057 827 2116 1704.
859 2052 1097 2116 Martha
1123 2054 1286 2117 Uxor
1325 2054 1591 2136 Philippi
1635 2051 1954 2117 Pulcinelli

406 2144 491 2210 ita
503 2146 792 2229 disposuit
809 2148 873 2209 in
891 2167 1023 2220 suo,
1045 2167 1183 2210 cum
1201 2168 1324 2230 quo
1346 2148 1615 2222 decessit,
1636 2155 1952 2212 testamen·

407 2248 507 2304 to:
546 2243 679 2303 item
699 2243 834 2321 juro
863 2244 1033 2321 lsqati
1053 2288 1071 2317 ,
1107 2253 1159 2305 ct
1177 2245 1327 2305 alias
1354 2246 1509 2305 omni
1527 2253 1628 2305 stc.
1660 2244 1953 2305 mandavit

398 2354 501 2415 pcr-
521 2336 911 2416 infrascriptos
933 2337 1053 2414 ejus
1087 2337 1345 2399 haerodes
1368 2339 1642 2400 celebrari
1661 2337 1789 2417 ficri
1807 2357 1950 2418 quo·

403 2429 538 2489 libet
559 2448 711 2491 anno
727 2431 793 2490 in
816 2440 1143 2511 perpetuum
1171 2431 1384 2493 Missas
1410 2432 1697 2493 duodecim
1713 2476 1731 2503 ,
1756 2450 1950 2511 ncmps

401 2541 579 2584 unam
595 2523 838 2601 quolibet
862 2543 1042 2584 mcrssc
1063 2525 1129 2584 in
1148 2525 1348 2586 Altari
1362 2525 1725 2587 Sanctissimi
1746 2522 1951 2587 Salea-

400 2618 539 2676 toris
557 2636 659 2695 pro
675 2618 858 2678 saluts
876 2619 1100 2679 animas
1117 2637 1271 2689 suas,
1294 2627 1346 2680 ct
1365 2639 1598 2680 suorum
1620 2618 1950 2680 Pracdccss-

398 2726 589 2770 sorum
602 2728 623 2769 .·
650 2729 909 2790 cumque
927 2710 1133 2774 relicto
1158 2709 1469 2774 usufructu
1488 2731 1736 2775 suorum
1757 2712 1952 2775 bono-

397 2821 535 2865 rum
555 2803 835 2885 Philippo
854 2821 966 2867 suo
986 2804 1159 2879 Viro,
1182 2823 1498 2888 quousque
1525 2805 1777 2880 viveret,
1801 2804 1948 2868 reli·-

397 2902 611 2977 ctaque
623 2896 818 2958 Blasio
832 2897 987 2959 Filio
1004 2896 1264 2977 quadam
1276 2899 1524 2961 Terreni
1544 2898 1817 2980 portione
1838 2917 1948 2979 pro

400 2997 523 3051 toto
541 3010 634 3063 eo,
654 2990 815 3071 quod
835 3010 871 3053 a
890 3011 998 3053 sua
1016 2991 1383 3055 haereditate
1406 2992 1794 3073 praetendere
1814 3011 1948 3072 pos-

398 3084 542 3158 sint,
572 3084 857 3146 haeredes
886 3084 980 3146 his
1009 3086 1210 3147 verbis
1241 3088 1566 3167 scripserit:
1600 3091 1665 3146 in
1692 3089 1948 3149 omnibus

396 3181 514 3239 suis
532 3180 685 3240 bonis
699 3180 951 3240 haeredes
968 3181 1308 3242 universales
1324 3184 1576 3243 instituit
1587 3181 1949 3243 Franciscum

398 3272 662 3335 Mariam
700 3274 818 3351 cjus
845 3272 1115 3353 Nepotem
1161 3275 1348 3353 filium
1392 3275 1585 3336 Blasii
1631 3275 1947 3337 Pulcinslli

400 3366 518 3444 ejus
543 3366 678 3447 filii,
710 3386 819 3445 quo
848 3368 1112 3427 moriente
1138 3369 1258 3428 sins
1283 3370 1422 3448 filiis
1445 3371 1740 3447 lcqitimis,
1775 3379 1826 3430 ct
1847 3388 1947 3430 na-

398 3461 680 3522 turalibus
721 3462 1009 3521 substituit
1030 3460 1413 3543 Hippolytam
1441 3508 1459 3536 ,
1490 3473 1539 3525 st
1563 3462 1826 3525 Mariam
1849 3465 1940 3525 al-

399 3563 545 3616 teras
575 3556 728 3634 filias
753 3556 893 3616 dicti
913 3554 1105 3616 Blasii
1130 3563 1155 3628 ,'
1180 3566 1233 3617 ct
1261 3558 1378 3636 cjus
1396 3568 1581 3638 ncptcs
1602 3604 1619 3629 ,
1650 3568 1699 3618 ct
1721 3576 1842 3618 una
1869 3576 1942 3618 cx

392 3650 471 3709 cis
497 3651 782 3719 moriente,
812 3669 931 3710 una
960 3651 1131 3712 altori
1156 3652 1431 3722 succedat,
1465 3661 1517 3713 ct
1538 3651 1818 3712 succedere
1843 3653 1937 3712 dc-

398 3744 553 3804 bcat:
577 3743 855 3824 contigit,
880 3750 949 3806 ut
971 3743 1168 3806 adhuc
1198 3745 1438 3807 vivente
1463 3744 1806 3819 Testatrice,
1838 3744 1938 3806 de-

401 3837 642 3906 cesserit
663 3836 1014 3899 Franciscus
1040 3838 1234 3900 Maria
1259 3837 1468 3902 haeres
1487 3839 1817 3912 institutus,
1845 3858 1937 3902 ca·

392 3928 727 4010 ducatuque
747 3949 851 4010 per
869 3930 1143 3992 haeredis
1164 3932 1604 4011 praedecessum
1625 3939 1936 3994 testamen-

395 4029 458 4084 to
477 4068 495 4097 ,
526 4023 861 4086 haereditas
888 4025 965 4086 ad
1001 4024 1267 4087 Blasium
1296 4025 1490 4087 filium
1522 4026 1832 4088 devenerit
1857 4028 1937 4089 ab

396 4116 674 4180 intestato
698 4136 836 4179 cum
866 4117 1235 4198 obligatione
1279 4127 1478 4182 tamen
1518 4119 1725 4199 vigore
1769 4118 1936 4182 clau-

2072 830 2420 909 gregatione
2474 830 2935 892 declarationem
2987 832 3353 912 quaesiverit
3378 880 3398 908 ,
3450 835 3616 917 quod

2072 921 2334 1003 legatum
2365 924 2684 985 Missarum
2716 943 2832 986 non
2862 935 3013 987 esset
3056 934 3409 1007 perpetuum
3441 973 3459 1001 ,
3506 930 3612 992 sed

2074 1018 2409 1078 restrictum
2443 1018 2521 1079 ad
2555 1018 2741 1080 vitam
2773 1018 3099 1082 haeredum
3126 1066 3142 1093 ,
3174 1022 3350 1103 juxta
3381 1042 3612 1085 morem

2071 1110 2360 1190 scriptum
2409 1110 2526 1173 fuit
2569 1111 2859 1193 Episcopo
2888 1131 2996 1193 pro
3041 1112 3508 1191 informatione,
3555 1124 3616 1180 et

2073 1212 2214 1265 voto
2237 1247 2253 1264 .

2188 1298 2554 1378 Supervenit
2608 1298 2881 1380 Episcopi
2932 1299 3279 1365 informatio
3303 1349 3320 1376 ,
3374 1303 3437 1365 in
3489 1323 3614 1385 qua

2071 1400 2201 1472 post
2227 1399 2580 1455 enarratum
2622 1392 2845 1457 factum
2895 1413 3032 1456 mox
3083 1397 3441 1459 recensitum
3462 1443 3481 1469 ,
3525 1399 3613 1460 sic

2068 1485 2401 1547 concludit:
2446 1485 2600 1548 Licet
2642 1497 2832 1549 autcm
2875 1491 2939 1548 in
2987 1491 3268 1569 praesenti
3319 1489 3612 1553 Testatriae

2068 1581 2420 1641 mandaverit
2448 1580 2661 1643 Missas
2690 1584 2962 1644 celebrari
2984 1584 3111 1665 ficri
3148 1586 3212 1644 in
3232 1596 3563 1666 perpetuum
3585 1632 3603 1661 ,

2065 1674 2437 1734 nihitominus
2479 1694 2618 1736 onus
2644 1678 3006 1739 restrinxissc
3039 1679 3264 1740 videtur
3301 1681 3379 1743 ad
3414 1682 3606 1758 infra·

2065 1769 2298 1847 scriptos
2320 1768 2576 1831 haerodes
2601 1814 2620 1841 ,
2655 1772 2757 1848 qui
2781 1773 3065 1833 nominati
3090 1772 3322 1851 fucrant
3346 1818 3362 1846 ,
3392 1783 3444 1834 st
3475 1777 3610 1854 qui-

2064 1861 2164 1921 bus
2185 1864 2383 1923 nultus
2405 1863 2572 1925 datus
2593 1863 2708 1941 fuit
2728 1865 3087 1934 substitutus,-
3109 1867 3257 1929 unde
3288 1868 3415 1930 licet
3439 1868 3604 1947 lavor

2064 1956 2192 2034 pias
2218 1975 2418 2017 causac
2443 1957 2553 2018 lats
2582 1958 2755 2020 soleat
2781 1960 3149 2039 interpretari
3170 2003 3189 2032 ,
3232 1961 3605 2024 nihilominus

2059 2050 2198 2126 quia
2217 2049 2505 2129 dispositio
2523 2051 2784 2111 restricta
2799 2052 2913 2130 fuit
2929 2052 3006 2113 ad
3023 2071 3285 2132 personas
3302 2055 3605 2118 haerodem

2056 2145 2498 2217 nominatorum,
2519 2145 2816 2223 svpocmbo
2835 2147 3135 2208 oracutum
3155 2144 3297 2209 ER.
3332 2144 3454 2209 Vr.
3476 2152 3603 2228 qui·

2057 2238 2158 2297 bus
2184 2247 2425 2317 potestas
2466 2248 2544 2300 cst
2584 2239 3001 2321 interpretandi
3027 2258 3314 2320 suprsm
3337 2243 3603 2306 mlunta·

2059 2340 2166 2392 ἰοί.

2173 2424 2418 2488 Praeter
2440 2424 2924 2490 informationem
2951 2426 3260 2491 Ordinarii
3278 2468 3297 2501 ,
3328 2446 3436 2508 per
3476 2448 3599 2494 ma·

2057 2537 2174 2580 nus
2190 2517 2614 2582 circumfertur
2640 2519 2961 2601 scriptura,
2989 2519 3057 2582 in
3084 2539 3207 2602 qua
3234 2521 3594 2595 ostenditur,

2057 2613 2244 2675 verba
2268 2612 2609 2676 Testatricis
2635 2612 2816 2676 fuisse
2835 2613 3061 2678 directa
3085 2614 3164 2677 ad
3193 2613 3502 2690 haeredes,
3534 2625 3598 2680 et

2054 2706 2139 2769 sic
2188 2707 2476 2770 denotare
2520 2708 3005 2789 personalitatem
3026 2754 3046 2783 ,
3090 2715 3153 2773 et
3198 2710 3585 2775 Testatricem

2054 2799 2357 2881 loquendo
2373 2803 2439 2864 ds
2454 2802 2838 2884 infrascriptis
2860 2803 3207 2879 humatam,
3228 2803 3593 2868 intellexisse

2056 2895 2131 2956 de
2184 2893 2308 2957 illis
2327 2940 2345 2968 ,
2387 2895 2495 2976 qui
2526 2895 2716 2959 oculis
2742 2897 3045 2978 corporeis
3072 2896 3191 2979 legi
3217 2906 3494 2979 poterant
3525 2900 3595 2963 in

2054 3007 2163 3049 suo
2200 2990 2612 3065 Testamento,
2664 2990 2806 3054 hinc
2852 2991 3163 3055 inferendo
3189 3037 3208 3065 ,
3260 3012 3592 3075 numquam

2053 3081 2168 3143 dici
2195 3103 2385 3165 posse,
2406 3084 2568 3166 quod
2590 3105 2742 3147 onus
2764 3085 3082 3148 Missarum
3108 3084 3187 3147 sit
3208 3096 3586 3167 perpetuum,

2052 3196 2189 3241 cum
2224 3181 2479 3241 verbum
2506 3180 2659 3241 illud
2699 3183 2766 3240 in
2799 3191 3130 3260 perpetuum
3153 3189 3486 3243 coarctetur
3511 3183 3591 3244 ab

2053 3273 2191 3337 aliis
2216 3292 2319 3355 pcr
2344 3275 2738 3355 infrascriptos
2764 3276 2885 3350 cjus
2911 3274 3197 3345 haerodes,
3241 3274 3305 3336 in
3339 3293 3463 3355 quo
3504 3294 3596 3338 re-

2051 3388 2189 3430 rum
2219 3366 2481 3429 themate
2506 3365 2872 3447 perpetuitas
2899 3384 3021 3427 non
3059 3367 3404 3430 extenditur
3429 3368 3591 3432 ultra

2050 3460 2241 3523 vitam
2289 3458 2615 3522 haeredum
2660 3457 3018 3539 scriptorum
3046 3479 3063 3533 ς
3110 3458 3454 3524 nullatenus
3485 3481 3592 3524 ur-

2049 3561 2225 3636 gente
2252 3552 2457 3615 favore
2484 3553 2621 3633 piae
2646 3571 2882 3623 causae,
2912 3572 3048 3615 cum
3078 3553 3182 3615 ille
3208 3563 3490 3636 operetur
3514 3556 3593 3619 ad

2045 3666 2351 3709 summum
2371 3646 2439 3708 in
2468 3645 2670 3708 dubiis
2693 3691 2710 3720 ,
2744 3666 2867 3709 non
2894 3646 2957 3708 in
2978 3646 3158 3710 claris
3177 3694 3196 3721 ,
3225 3656 3285 3710 et
3307 3648 3466 3730 juris
3496 3668 3595 3710 so-

2043 3741 2383 3805 lemnitates
2400 3739 2698 3821 suppleat,
2728 3740 2828 3802 sed
2860 3739 3229 3803 intellectum
3261 3742 3589 3804 verborum

2045 3855 2169 3898 non
2204 3835 2560 3917 detorqueat
2597 3834 2672 3897 ad
2704 3853 2944 3897 sensum
2971 3854 3008 3898 a
3039 3842 3237 3897 mente
3267 3836 3591 3898 Testatoris

2044 3928 2316 3993 alienum
2337 3971 2355 3990 .

2155 4023 2393 4098 Quibus
2423 4022 2754 4096 stantibus,
2785 4021 3140 4103 quaeritur:

2159 4115 2255 4176 An
2308 4115 2583 4195 quatum
2615 4115 2904 4176 duodecin
2928 4115 3249 4178 Missarum
3294 4116 3370 4175 sit
3395 4116 3595 4176 restri-

392 4209 559 4272 sulae
584 4209 944 4271 codicillaris
975 4211 1280 4290 appositae
1309 4212 1374 4273 in
1399 4220 1751 4276 testamento
1773 4215 1938 4276 Mar·
2040 4219 2192 4271 ctum
2215 4210 2290 4271 ad
2317 4212 2494 4271 vitam
2523 4209 2824 4271 haeredum
2844 4255 2863 4280 ,
2893 4210 2982 4271 ecl
3000 4227 3194 4269 corum
3214 4208 3392 4270 vitam
3422 4227 3591 4290 pras·

396 4302 537 4365 thae
559 4350 573 4372 ,
605 4302 953 4364 restituendi
984 4303 1413 4367 haereditatem
1442 4305 1807 4385 Hippolytae
1831 4354 1848 4381 ,
1880 4316 1940 4371 et
2039 4305 2423 4384 scrqrediatur
2446 4351 2464 4375 ,
2496 4313 2548 4366 ct
2569 4305 2644 4364 sit
2669 4322 2864 4366 revera
2886 4313 3218 4385 pos-potuum
3246 4305 3311 4364 in
3329 4322 3465 4365 casu
3485 4313 3587 4365 stc.

396 4395 626 4459 Mariae
646 4396 1010 4458 haeredibus
1048 4397 1270 4460 vocatis
1306 4406 1441 4478 post
1480 4398 1714 4460 obitum
1743 4401 1937 4461 Fran-

392 4489 529 4553 cisci
555 4490 783 4553 Mariae
806 4490 1252 4570 praedefuncti,
1290 4499 1351 4554 et
1372 4499 1605 4555 retenta
1639 4500 1870 4555 tantum
1901 4515 1937 4556 a

302 4605 308 4610 ·
394 4581 593 4644 Blasio
649 4581 916 4664 legitima
941 4631 958 4655 ,
1001 4601 1159 4664 quae
1200 4584 1257 4647 ei
1298 4585 1501 4647 debita
1536 4594 1625 4648 est
1664 4586 1727 4648 in
1766 4588 1941 4649 bonis

399 4674 643 4739 Matris.
1075 4721 1087 4740 ,

508 4768 717 4831 Stante
748 4766 1133 4830 haereditatis
1165 4769 1456 4833 tenuitate
1482 4815 1501 4844 ,
1545 4789 1703 4852 quae
1737 4772 1938 4834 detra-

390 4860 499 4924 ctis
535 4862 919 4924 detrahendis
946 4909 963 4936 ,
1002 4863 1267 4926 ascendit
1307 4864 1383 4926 ad
1413 4864 1671 4945 capitale
1711 4873 1933 4927 scutor.

391 4959 489 5017 91.
522 4956 760 5019 circiter
785 5004 803 5027 ,
835 4955 1199 5038 Hippolyta,
1228 4964 1288 5020 et
1310 4957 1506 5020 Maria
1527 4957 1812 5020 haeredes
1838 4959 1935 5020 in-

390 5051 632 5112 stitutae
658 5097 674 5123 ,
699 5057 760 5111 et
796 5048 959 5110 filiae
982 5049 1162 5112 Blasii
1197 5050 1631 5113 haereditatem
1658 5051 1935 5114 Marthae

391 5151 696 5224 acceptare
729 5152 1042 5217 recusant,
1091 5154 1149 5206 et
1174 5145 1451 5225 quamvis
1479 5145 1670 5207 dictus
1699 5146 1933 5208 Blasius

390 5246 651 5311 asserat,
675 5256 740 5298 se
765 5256 841 5299 ex
866 5237 1254 5299 caducatione
1280 5239 1637 5301 Testamenti
1672 5239 1930 5319 potuisse

387 5330 649 5394 excitare
664 5332 1129 5395 controversiam
1159 5351 1339 5414 super
1357 5334 1742 5396 caducatione
1762 5333 1924 5415 lega-

2152 4496 2304 4547 sacra
2324 4493 2524 4563 Congr.
2542 4492 2631 4546 die
2654 4492 2739 4545 18.
2764 4491 3093 4562 Septembris
3114 4492 3274 4548 172³.
3301 4492 3596 4561 respondite

2225 4581 2321 4636 Ad
2337 4581 2577 4651 primam
2597 4580 2755 4634 dubii
2769 4592 2987 4652 partem
3012 4580 3274 4650 negative.
3303 4579 3400 4633 Ad
3415 4597 3603 4634 sccun-

2048 4667 2175 4723 dam
2201 4667 2562 4738 qfflrmatioc.

2421 4861 2781 4937 QUAESTIO
2839 4860 3229 4925 CCCXLVII.

2200 5048 2273 5111 In
2308 5046 2503 5113 Causa
2532 5048 2877 5110 Bononiensi
2902 5047 3126 5110 Indulti
3147 5093 3167 5122 ,
3215 5049 3303 5109 dic
3343 5051 3437 5109 18.

2550 5143 2891 5225 Septembris
2925 5148 3098 5205 1723.

2035 5278 2344 5395 Celebris
2387 5332 2661 5414 quaestio
2707 5333 2783 5394 de
2826 5331 3146 5394 Canonicis
3193 5328 3603 5411 Regularibus

389 5425 433 5486 ti
461 5472 480 5496 ,
526 5444 645 5487 non
673 5425 946 5488 obstante
970 5473 985 5500 ,
1020 5426 1182 5508 quod
1212 5428 1380 5509 pium
1421 5428 1534 5503 sit,
1561 5437 1619 5492 et
1648 5429 1923 5510 respiciat
2032 5425 2304 5491 Ordinis
2337 5425 2769 5491 Lateranensis
2798 5424 3170 5490 assumendis
3192 5471 3210 5496 ,
3239 5422 3334 5488 vel
3367 5441 3487 5484 non
3508 5439 3605 5484 as-

797 5548 1001 5589 anaa.
1043 5548 1159 5590 xxv·
1196 5549 1341 5588 rou.
1381 5538 1491 5593 xit.

3123 5537 3196 5589 88
