<?xml version="1.0" encoding="UTF-8"?>
<!DOCTYPE html PUBLIC "-//W3C//DTD XHTML 1.0 Transitional//EN"
    "http://www.w3.org/TR/xhtml1/DTD/xhtml1-transitional.dtd">
<html xmlns="http://www.w3.org/1999/xhtml" xml:lang="en" lang="en">
 <head>
  <title>
</title>
<meta http-equiv="Content-Type" content="text/html;charset=utf-8" />
  <meta name='ocr-system' content='tesseract 3.04.00' />
  <meta name='ocr-capabilities' content='ocr_page ocr_carea ocr_par ocr_line ocrx_word'/>
</head>
<body>
  <div class='ocr_page' id='page_1' title='image "benedictixivpon01xivgoog_0386.png"; bbox 0 0 4393 6299; ppageno 0'>
   <div class='ocr_carea' id='block_1_1' title="bbox 951 452 1059 508">
    <p class='ocr_par' dir='ltr' id='par_1_1' title="bbox 951 452 1059 508">
     <span class='ocr_line' id='line_1_1' title="bbox 951 452 1059 508; baseline 0.019 -3"><span class='ocrx_word' id='word_1_1' title='bbox 951 452 1059 508; x_wconf 74' lang='grc'><strong>368</strong></span> 
     </span>
    </p>
   </div>
   <div class='ocr_carea' id='block_1_2' title="bbox 755 604 2318 2835">
    <p class='ocr_par' dir='ltr' id='par_1_2' title="bbox 764 604 2318 1256">
     <span class='ocr_line' id='line_1_2' title="bbox 880 604 2315 686; baseline 0 -18"><span class='ocrx_word' id='word_1_2' title='bbox 880 606 1157 669; x_wconf 77' lang='lat' dir='ltr'><strong>Tertium</strong></span> <span class='ocrx_word' id='word_1_3' title='bbox 1176 613 1284 677; x_wconf 86' lang='lat' dir='ltr'><strong>est,</strong></span> <span class='ocrx_word' id='word_1_4' title='bbox 1321 605 1770 686; x_wconf 82' lang='lat' dir='ltr'><strong>distinctionem</strong></span> <span class='ocrx_word' id='word_1_5' title='bbox 1790 604 1946 668; x_wconf 89' lang='lat' dir='ltr'><strong>hanc</strong></span> <span class='ocrx_word' id='word_1_6' title='bbox 1969 605 2128 669; x_wconf 90' lang='lat' dir='ltr'><strong>inter</strong></span> <span class='ocrx_word' id='word_1_7' title='bbox 2149 607 2252 669; x_wconf 92' lang='lat' dir='ltr'><strong>obl</strong></span> <span class='ocrx_word' id='word_1_8' title='bbox 2266 607 2315 668; x_wconf 88' lang='lat' dir='ltr'><strong>i-</strong></span> 
     </span>
     <span class='ocr_line' id='line_1_3' title="bbox 769 699 2314 783; baseline 0.002 -22"><span class='ocrx_word' id='word_1_9' title='bbox 769 707 976 783; x_wconf 85' lang='lat' dir='ltr'><strong>gatum</strong></span> <span class='ocrx_word' id='word_1_10' title='bbox 1003 700 1079 762; x_wconf 91' lang='lat' dir='ltr'><strong>ad</strong></span> <span class='ocrx_word' id='word_1_11' title='bbox 1106 699 1530 761; x_wconf 88' lang='lat' dir='ltr'><strong>celebrandum</strong></span> <span class='ocrx_word' id='word_1_12' title='bbox 1564 719 1671 779; x_wconf 89' lang='lat' dir='ltr'><strong>per</strong></span> <span class='ocrx_word' id='word_1_13' title='bbox 1711 700 1972 781; x_wconf 88' lang='lat' dir='ltr'><strong>seipsum</strong></span> <span class='ocrx_word' id='word_1_14' title='bbox 1999 748 2017 772; x_wconf 88' lang='lat'><em>,</em></span> <span class='ocrx_word' id='word_1_15' title='bbox 2048 710 2108 763; x_wconf 90' lang='lat' dir='ltr'><strong>et</strong></span> <span class='ocrx_word' id='word_1_16' title='bbox 2136 722 2277 764; x_wconf 89' lang='lat' dir='ltr'><strong>eum</strong></span> <span class='ocrx_word' id='word_1_17' title='bbox 2295 748 2314 778; x_wconf 92' lang='lat'><strong>‚</strong></span> 
     </span>
     <span class='ocr_line' id='line_1_4' title="bbox 766 794 2313 878; baseline 0 -21"><span class='ocrx_word' id='word_1_18' title='bbox 766 796 874 877; x_wconf 89' lang='lat' dir='ltr'><strong>qui</strong></span> <span class='ocrx_word' id='word_1_19' title='bbox 906 805 1094 878; x_wconf 89' lang='lat' dir='ltr'><strong>potest</strong></span> <span class='ocrx_word' id='word_1_20' title='bbox 1122 794 1425 857; x_wconf 88' lang='lat' dir='ltr'><strong>celebrare</strong></span> <span class='ocrx_word' id='word_1_21' title='bbox 1449 814 1554 875; x_wconf 88' lang='lat' dir='ltr'><strong>per</strong></span> <span class='ocrx_word' id='word_1_22' title='bbox 1595 794 1790 856; x_wconf 90' lang='lat' dir='ltr'><strong>alium</strong></span> <span class='ocrx_word' id='word_1_23' title='bbox 1816 842 1833 869; x_wconf 85' lang='lat'><strong><em>‚</em></strong></span> <span class='ocrx_word' id='word_1_24' title='bbox 1866 814 1993 857; x_wconf 89' lang='lat' dir='ltr'><strong>esse</strong></span> <span class='ocrx_word' id='word_1_25' title='bbox 2018 795 2082 856; x_wconf 92' lang='lat' dir='ltr'><strong>in</strong></span> <span class='ocrx_word' id='word_1_26' title='bbox 2131 797 2313 875; x_wconf 79' lang='lat' dir='ltr'><strong>praxi</strong></span> 
     </span>
     <span class='ocr_line' id='line_1_5' title="bbox 767 889 2315 972; baseline 0.001 -21"><span class='ocrx_word' id='word_1_27' title='bbox 767 900 1089 972; x_wconf 87' lang='lat' dir='ltr'><strong>receptam,</strong></span> <span class='ocrx_word' id='word_1_28' title='bbox 1118 892 1182 952; x_wconf 90' lang='lat' dir='ltr'><strong>in</strong></span> <span class='ocrx_word' id='word_1_29' title='bbox 1206 889 1379 952; x_wconf 82' lang='lat' dir='ltr'><strong>Alma</strong></span> <span class='ocrx_word' id='word_1_30' title='bbox 1406 891 1588 960; x_wconf 82' lang='lat' dir='ltr'>Urbe,</span> <span class='ocrx_word' id='word_1_31' title='bbox 1619 898 1679 952; x_wconf 90' lang='lat' dir='ltr'><strong>et</strong></span> <span class='ocrx_word' id='word_1_32' title='bbox 1710 890 1774 952; x_wconf 92' lang='lat' dir='ltr'><strong>in</strong></span> <span class='ocrx_word' id='word_1_33' title='bbox 1795 891 2111 953; x_wconf 87' lang='lat' dir='ltr'><strong>Tribunali</strong></span> <span class='ocrx_word' id='word_1_34' title='bbox 2144 893 2315 954; x_wconf 89' lang='lat' dir='ltr'><strong>Emi-</strong></span> 
     </span>
     <span class='ocr_line' id='line_1_6' title="bbox 766 986 2318 1067; baseline 0.003 -21"><span class='ocrx_word' id='word_1_35' title='bbox 766 986 1100 1048; x_wconf 89' lang='lat' dir='ltr'><strong>nentissimi</strong></span> <span class='ocrx_word' id='word_1_36' title='bbox 1128 986 1354 1047; x_wconf 87' lang='lat' dir='ltr'><strong>Vicarii</strong></span> <span class='ocrx_word' id='word_1_37' title='bbox 1379 1032 1396 1058; x_wconf 91' lang='lat'>,</span> <span class='ocrx_word' id='word_1_38' title='bbox 1428 994 1487 1047; x_wconf 90' lang='lat' dir='ltr'><strong>et</strong></span> <span class='ocrx_word' id='word_1_39' title='bbox 1517 986 1702 1047; x_wconf 88' lang='lat' dir='ltr'><strong>Urbis</strong></span> <span class='ocrx_word' id='word_1_40' title='bbox 1745 987 2091 1067; x_wconf 87' lang='lat' dir='ltr'><strong>exemplum</strong></span> <span class='ocrx_word' id='word_1_41' title='bbox 2122 988 2318 1050; x_wconf 87' lang='lat' dir='ltr'><strong>deser-</strong></span> 
     </span>
     <span class='ocr_line' id='line_1_7' title="bbox 768 1080 2318 1161; baseline 0.003 -21"><span class='ocrx_word' id='word_1_42' title='bbox 768 1081 901 1142; x_wconf 80' lang='lat' dir='ltr'><strong>vire</strong></span> <span class='ocrx_word' id='word_1_43' title='bbox 942 1090 1171 1160; x_wconf 87' lang='lat' dir='ltr'><strong>potest,</strong></span> <span class='ocrx_word' id='word_1_44' title='bbox 1220 1089 1280 1141; x_wconf 93' lang='lat' dir='ltr'><strong>et</strong></span> <span class='ocrx_word' id='word_1_45' title='bbox 1320 1080 1496 1141; x_wconf 90' lang='lat' dir='ltr'><strong>debet</strong></span> <span class='ocrx_word' id='word_1_46' title='bbox 1544 1099 1655 1160; x_wconf 90' lang='lat' dir='ltr'><strong>pro</strong></span> <span class='ocrx_word' id='word_1_47' title='bbox 1709 1080 1919 1161; x_wconf 79' lang='lat' dir='ltr'><strong>regula</strong></span> <span class='ocrx_word' id='word_1_48' title='bbox 1944 1125 1960 1154; x_wconf 91' lang='lat'>,</span> <span class='ocrx_word' id='word_1_49' title='bbox 1995 1089 2056 1143; x_wconf 87' lang='lat' dir='ltr'><strong>et</strong></span> <span class='ocrx_word' id='word_1_50' title='bbox 2100 1101 2318 1146; x_wconf 90' lang='lat' dir='ltr'><strong>norma</strong></span> 
     </span>
     <span class='ocr_line' id='line_1_8' title="bbox 764 1173 1753 1256; baseline -0.001 -20"><span class='ocrx_word' id='word_1_51' title='bbox 764 1175 965 1256; x_wconf 85' lang='lat' dir='ltr'><strong>quoad</strong></span> <span class='ocrx_word' id='word_1_52' title='bbox 989 1194 1197 1236; x_wconf 89' lang='lat' dir='ltr'><strong>omnes</strong></span> <span class='ocrx_word' id='word_1_53' title='bbox 1228 1173 1378 1236; x_wconf 89' lang='lat' dir='ltr'><strong>alias</strong></span> <span class='ocrx_word' id='word_1_54' title='bbox 1397 1174 1707 1237; x_wconf 85' lang='lat' dir='ltr'><strong>Dioeceses</strong></span> <span class='ocrx_word' id='word_1_55' title='bbox 1736 1218 1753 1235; x_wconf 93' lang='lat'><strong>.</strong></span> 
     </span>
    </p>

    <p class='ocr_par' dir='ltr' id='par_1_3' title="bbox 755 1267 2317 2835">
     <span class='ocr_line' id='line_1_9' title="bbox 888 1267 2317 1342; baseline 0.003 -14"><span class='ocrx_word' id='word_1_56' title='bbox 888 1267 1189 1342; x_wconf 88' lang='lat' dir='ltr'><strong>Quartum</strong></span> <span class='ocrx_word' id='word_1_57' title='bbox 1233 1277 1323 1330; x_wconf 89' lang='lat' dir='ltr'><strong>est</strong></span> <span class='ocrx_word' id='word_1_58' title='bbox 1344 1313 1362 1340; x_wconf 87' lang='lat'>,</span> <span class='ocrx_word' id='word_1_59' title='bbox 1394 1270 1682 1331; x_wconf 72' lang='lat' dir='ltr'><strong>Doctores</strong></span> <span class='ocrx_word' id='word_1_60' title='bbox 1710 1287 1975 1330; x_wconf 75' lang='lat' dir='ltr'><strong>asserere</strong></span> <span class='ocrx_word' id='word_1_61' title='bbox 2001 1315 2016 1339; x_wconf 87' lang='lat'><strong>,</strong></span> <span class='ocrx_word' id='word_1_62' title='bbox 2045 1288 2083 1332; x_wconf 88' lang='lat' dir='ltr'><strong>a</strong></span> <span class='ocrx_word' id='word_1_63' title='bbox 2111 1268 2317 1333; x_wconf 85' lang='lat' dir='ltr'><strong>valore</strong></span> 
     </span>
     <span class='ocr_line' id='line_1_10' title="bbox 770 1361 2310 1437; baseline -0.001 -12"><span class='ocrx_word' id='word_1_64' title='bbox 770 1361 1049 1426; x_wconf 89' lang='lat' dir='ltr'><strong>Beneficii</strong></span> <span class='ocrx_word' id='word_1_65' title='bbox 1079 1382 1199 1423; x_wconf 87' lang='lat' dir='ltr'><strong>non</strong></span> <span class='ocrx_word' id='word_1_66' title='bbox 1231 1381 1356 1423; x_wconf 70' lang='lat' dir='ltr'><strong>oese</strong></span> <span class='ocrx_word' id='word_1_67' title='bbox 1382 1361 1730 1424; x_wconf 91' lang='lat' dir='ltr'><strong>deducenda</strong></span> <span class='ocrx_word' id='word_1_68' title='bbox 1753 1380 1936 1424; x_wconf 87' lang='lat' dir='ltr'><strong>onera</strong></span> <span class='ocrx_word' id='word_1_69' title='bbox 1967 1363 2310 1437; x_wconf 87' lang='lat' dir='ltr'><strong>Missarum‚</strong></span> 
     </span>
     <span class='ocr_line' id='line_1_11' title="bbox 766 1455 2312 1539; baseline 0.001 -20"><span class='ocrx_word' id='word_1_70' title='bbox 766 1457 1011 1539; x_wconf 91' lang='lat' dir='ltr'><strong>quando</strong></span> <span class='ocrx_word' id='word_1_71' title='bbox 1031 1455 1427 1518; x_wconf 86' lang='lat' dir='ltr'><strong>Beneficiatus</strong></span> <span class='ocrx_word' id='word_1_72' title='bbox 1453 1463 1698 1518; x_wconf 88' lang='lat' dir='ltr'><strong>tenetur</strong></span> <span class='ocrx_word' id='word_1_73' title='bbox 1730 1456 2036 1518; x_wconf 87' lang='lat' dir='ltr'><strong>celebrare</strong></span> <span class='ocrx_word' id='word_1_74' title='bbox 2066 1477 2173 1538; x_wconf 89' lang='lat' dir='ltr'><strong>per</strong></span> <span class='ocrx_word' id='word_1_75' title='bbox 2219 1478 2312 1520; x_wconf 89' lang='lat' dir='ltr'><strong>se-</strong></span> 
     </span>
     <span class='ocr_line' id='line_1_12' title="bbox 764 1549 2306 1634; baseline 0 -20"><span class='ocrx_word' id='word_1_76' title='bbox 764 1553 987 1634; x_wconf 88' lang='lat' dir='ltr'><strong>ipsum,</strong></span> <span class='ocrx_word' id='word_1_77' title='bbox 1020 1549 1201 1613; x_wconf 84' lang='lat' dir='ltr'><strong>Garz.</strong></span> <span class='ocrx_word' id='word_1_78' title='bbox 1225 1551 1291 1610; x_wconf 80' lang='lat' dir='ltr'><strong>ds</strong></span> <span class='ocrx_word' id='word_1_79' title='bbox 1318 1550 1557 1632; x_wconf 71' lang='lat' dir='ltr'><strong>Benefic.</strong></span> <span class='ocrx_word' id='word_1_80' title='bbox 1590 1558 1648 1612; x_wconf 89' lang='lat'><strong>5.</strong></span> <span class='ocrx_word' id='word_1_81' title='bbox 1671 1561 1823 1630; x_wconf 84' lang='lat' dir='ltr'><strong>part.</strong></span> <span class='ocrx_word' id='word_1_82' title='bbox 1851 1572 1975 1630; x_wconf 84' lang='lat' dir='ltr'><strong>cap.</strong></span> <span class='ocrx_word' id='word_1_83' title='bbox 2001 1557 2059 1612; x_wconf 84' lang='lat'><strong>3.</strong></span> <span class='ocrx_word' id='word_1_84' title='bbox 2088 1571 2127 1614; x_wconf 89' lang='lat' dir='ltr'><strong>a</strong></span> <span class='ocrx_word' id='word_1_85' title='bbox 2147 1572 2306 1614; x_wconf 81' lang='lat' dir='ltr'><strong>nam.</strong></span> 
     </span>
     <span class='ocr_line' id='line_1_13' title="bbox 767 1645 2313 1726; baseline -0.001 -17"><span class='ocrx_word' id='word_1_86' title='bbox 767 1653 904 1709; x_wconf 85' lang='grc'><strong>163.</strong></span> <span class='ocrx_word' id='word_1_87' title='bbox 935 1649 1012 1710; x_wconf 81' lang='lat' dir='ltr'><strong>ad</strong></span> <span class='ocrx_word' id='word_1_88' title='bbox 1043 1651 1177 1708; x_wconf 85' lang='grc'><strong>170.</strong></span> <span class='ocrx_word' id='word_1_89' title='bbox 1215 1645 1429 1707; x_wconf 78' lang='lat' dir='ltr'><strong>Zarate</strong></span> <span class='ocrx_word' id='word_1_90' title='bbox 1456 1645 1570 1706; x_wconf 75' lang='lat' dir='ltr'><strong>dec.</strong></span> <span class='ocrx_word' id='word_1_91' title='bbox 1609 1650 1741 1706; x_wconf 94' lang='grc'><strong>116.</strong></span> <span class='ocrx_word' id='word_1_92' title='bbox 1787 1665 1846 1705; x_wconf 83' lang='lat' dir='ltr'><strong>n.</strong></span> <span class='ocrx_word' id='word_1_93' title='bbox 1889 1650 1982 1707; x_wconf 93' lang='grc'><strong>18.</strong></span> <span class='ocrx_word' id='word_1_94' title='bbox 2028 1646 2313 1726; x_wconf 74' lang='lat' dir='ltr'><strong>Sequitur</strong></span> 
     </span>
     <span class='ocr_line' id='line_1_14' title="bbox 765 1740 2306 1824; baseline -0.001 -20"><span class='ocrx_word' id='word_1_95' title='bbox 765 1760 908 1824; x_wconf 81' lang='lat' dir='ltr'><strong>ergo</strong></span> <span class='ocrx_word' id='word_1_96' title='bbox 934 1761 1010 1802; x_wconf 76' lang='lat' dir='ltr'><strong>ex</strong></span> <span class='ocrx_word' id='word_1_97' title='bbox 1033 1740 1189 1813; x_wconf 88' lang='lat' dir='ltr'><strong>hoc,</strong></span> <span class='ocrx_word' id='word_1_98' title='bbox 1228 1747 1489 1801; x_wconf 87' lang='lat' dir='ltr'><strong>mentem</strong></span> <span class='ocrx_word' id='word_1_99' title='bbox 1536 1759 1662 1801; x_wconf 67' lang='lat' dir='ltr'><strong>esse</strong></span> <span class='ocrx_word' id='word_1_100' title='bbox 1716 1741 2040 1801; x_wconf 72' lang='lat' dir='ltr'><strong>Doctorum</strong></span> <span class='ocrx_word' id='word_1_101' title='bbox 2072 1785 2090 1812; x_wconf 87' lang='lat'>,</span> <span class='ocrx_word' id='word_1_102' title='bbox 2141 1740 2306 1820; x_wconf 92' lang='lat' dir='ltr'><strong>quod</strong></span> 
     </span>
     <span class='ocr_line' id='line_1_15' title="bbox 765 1832 2306 1911; baseline -0.003 -13"><span class='ocrx_word' id='word_1_103' title='bbox 765 1835 1161 1898; x_wconf 85' lang='lat' dir='ltr'><strong>detrahantur</strong></span> <span class='ocrx_word' id='word_1_104' title='bbox 1186 1852 1369 1895; x_wconf 89' lang='lat' dir='ltr'><strong>onera</strong></span> <span class='ocrx_word' id='word_1_105' title='bbox 1399 1832 1727 1895; x_wconf 72' lang='lat' dir='ltr'>Missurum</span> <span class='ocrx_word' id='word_1_106' title='bbox 1753 1882 1768 1903; x_wconf 89' lang='lat'>‚</span> <span class='ocrx_word' id='word_1_107' title='bbox 1798 1832 2044 1911; x_wconf 87' lang='lat' dir='ltr'><strong>quando</strong></span> <span class='ocrx_word' id='word_1_108' title='bbox 2081 1832 2306 1895; x_wconf 85' lang='lat' dir='ltr'><strong>Benefi-</strong></span> 
     </span>
     <span class='ocr_line' id='line_1_16' title="bbox 764 1924 2309 2008; baseline -0.003 -18"><span class='ocrx_word' id='word_1_109' title='bbox 764 1930 955 1992; x_wconf 87' lang='lat' dir='ltr'><strong>ciatus</strong></span> <span class='ocrx_word' id='word_1_110' title='bbox 990 1934 1179 2008; x_wconf 88' lang='lat' dir='ltr'><strong>potest</strong></span> <span class='ocrx_word' id='word_1_111' title='bbox 1211 1925 1528 1989; x_wconf 90' lang='lat' dir='ltr'><strong>celebrare</strong></span> <span class='ocrx_word' id='word_1_112' title='bbox 1577 1946 1683 2006; x_wconf 89' lang='lat' dir='ltr'><strong>per</strong></span> <span class='ocrx_word' id='word_1_113' title='bbox 1726 1924 1955 1997; x_wconf 84' lang='lat' dir='ltr'><strong>alium,</strong></span> <span class='ocrx_word' id='word_1_114' title='bbox 2009 1932 2071 1986; x_wconf 89' lang='lat' dir='ltr'><strong>et</strong></span> <span class='ocrx_word' id='word_1_115' title='bbox 2118 1927 2309 1987; x_wconf 90' lang='lat' dir='ltr'><strong>multo</strong></span> 
     </span>
     <span class='ocr_line' id='line_1_17' title="bbox 764 2019 2312 2104; baseline -0.003 -20"><span class='ocrx_word' id='word_1_116' title='bbox 764 2022 954 2104; x_wconf 76' lang='lat' dir='ltr'><strong>magis</strong></span> <span class='ocrx_word' id='word_1_117' title='bbox 979 2067 996 2095; x_wconf 87' lang='lat'>‚</span> <span class='ocrx_word' id='word_1_118' title='bbox 1044 2041 1181 2082; x_wconf 90' lang='lat' dir='ltr'><strong>cum</strong></span> <span class='ocrx_word' id='word_1_119' title='bbox 1232 2020 1526 2100; x_wconf 73' lang='lat' dir='ltr'><strong>allegatae</strong></span> <span class='ocrx_word' id='word_1_120' title='bbox 1588 2019 1981 2081; x_wconf 75' lang='lat' dir='ltr'><strong>resolutiones</strong></span> <span class='ocrx_word' id='word_1_121' title='bbox 2023 2021 2087 2078; x_wconf 81' lang='lat' dir='ltr'><strong>in</strong></span> <span class='ocrx_word' id='word_1_122' title='bbox 2136 2040 2312 2080; x_wconf 81' lang='lat' dir='ltr'><strong>causa</strong></span> 
     </span>
     <span class='ocr_line' id='line_1_18' title="bbox 767 2111 2310 2193; baseline -0.003 -14"><span class='ocrx_word' id='word_1_123' title='bbox 767 2118 1067 2179; x_wconf 76' lang='lat' dir='ltr'><strong>Tiburtina</strong></span> <span class='ocrx_word' id='word_1_124' title='bbox 1093 2112 1525 2185; x_wconf 77' lang='lat' dir='ltr'><strong>Ordinationis‚</strong></span> <span class='ocrx_word' id='word_1_125' title='bbox 1559 2126 1610 2175; x_wconf 79' lang='lat' dir='ltr'><strong>ct</strong></span> <span class='ocrx_word' id='word_1_126' title='bbox 1632 2114 1881 2193; x_wconf 71' lang='lat' dir='ltr'><strong>Siqnina</strong></span> <span class='ocrx_word' id='word_1_127' title='bbox 1913 2111 2310 2174; x_wconf 68' lang='lat' dir='ltr'><strong>ordinationis</strong></span> 
     </span>
     <span class='ocr_line' id='line_1_19' title="bbox 755 2207 2310 2294; baseline -0.002 -22"><span class='ocrx_word' id='word_1_128' title='bbox 755 2214 882 2294; x_wconf 77' lang='lat' dir='ltr'><strong>jam</strong></span> <span class='ocrx_word' id='word_1_129' title='bbox 895 2211 1014 2271; x_wconf 90' lang='lat' dir='ltr'><strong>sint</strong></span> <span class='ocrx_word' id='word_1_130' title='bbox 1029 2209 1373 2289; x_wconf 86' lang='lat' dir='ltr'><strong>impressae,</strong></span> <span class='ocrx_word' id='word_1_131' title='bbox 1389 2215 1450 2270; x_wconf 92' lang='lat' dir='ltr'><strong>et</strong></span> <span class='ocrx_word' id='word_1_132' title='bbox 1468 2209 1629 2288; x_wconf 84' lang='lat' dir='ltr'><strong>apud</strong></span> <span class='ocrx_word' id='word_1_133' title='bbox 1654 2211 1937 2269; x_wconf 83' lang='lat' dir='ltr'><strong>Auctores</strong></span> <span class='ocrx_word' id='word_1_134' title='bbox 1950 2207 1997 2268; x_wconf 89' lang='lat' dir='ltr'><strong>si</strong></span> <span class='ocrx_word' id='word_1_135' title='bbox 2005 2215 2071 2268; x_wconf 89' lang='lat' dir='ltr'><strong>ut</strong></span> <span class='ocrx_word' id='word_1_136' title='bbox 2086 2207 2310 2269; x_wconf 84' lang='lat' dir='ltr'><strong>relatae</strong></span> 
     </span>
     <span class='ocr_line' id='line_1_20' title="bbox 762 2301 2304 2367; baseline -0.003 -1"><span class='ocrx_word' id='word_1_137' title='bbox 762 2305 1096 2367; x_wconf 79' lang='lat' dir='ltr'><strong>Bertachin.</strong></span> <span class='ocrx_word' id='word_1_138' title='bbox 1139 2313 1252 2364; x_wconf 84' lang='lat' dir='ltr'><strong>vot.</strong></span> <span class='ocrx_word' id='word_1_139' title='bbox 1296 2303 1410 2363; x_wconf 70' lang='lat' dir='ltr'><strong>dcc.</strong></span> <span class='ocrx_word' id='word_1_140' title='bbox 1446 2307 1581 2364; x_wconf 89' lang='grc'><strong>133.</strong></span> <span class='ocrx_word' id='word_1_141' title='bbox 1613 2322 1674 2361; x_wconf 80' lang='lat' dir='ltr'><strong>n.</strong></span> <span class='ocrx_word' id='word_1_142' title='bbox 1707 2307 1766 2362; x_wconf 86' lang='grc'><strong>7.</strong></span> <span class='ocrx_word' id='word_1_143' title='bbox 1812 2313 1863 2362; x_wconf 79' lang='lat' dir='ltr'><strong>et</strong></span> <span class='ocrx_word' id='word_1_144' title='bbox 1891 2307 1949 2361; x_wconf 89' lang='lat'><strong>8.</strong></span> <span class='ocrx_word' id='word_1_145' title='bbox 1994 2301 2304 2363; x_wconf 78' lang='lat' dir='ltr'><strong>Monacell.</strong></span> 
     </span>
     <span class='ocr_line' id='line_1_21' title="bbox 761 2396 2306 2478; baseline -0.001 -19"><span class='ocrx_word' id='word_1_146' title='bbox 761 2403 827 2460; x_wconf 81' lang='lat' dir='ltr'><strong>in</strong></span> <span class='ocrx_word' id='word_1_147' title='bbox 858 2400 1089 2477; x_wconf 72' lang='lat' dir='ltr'><strong>formal.</strong></span> <span class='ocrx_word' id='word_1_148' title='bbox 1140 2407 1271 2459; x_wconf 79' lang='lat' dir='ltr'><strong>tom.</strong></span> <span class='ocrx_word' id='word_1_149' title='bbox 1307 2402 1362 2459; x_wconf 94' lang='grc'><strong>1.</strong></span> <span class='ocrx_word' id='word_1_150' title='bbox 1397 2417 1531 2478; x_wconf 76' lang='lat' dir='ltr'><strong>paq.</strong></span> <span class='ocrx_word' id='word_1_151' title='bbox 1566 2400 1704 2458; x_wconf 73' lang='lat' dir='ltr'><strong>3t5.</strong></span> <span class='ocrx_word' id='word_1_152' title='bbox 1736 2417 1796 2456; x_wconf 80' lang='lat' dir='ltr'><strong>n.</strong></span> <span class='ocrx_word' id='word_1_153' title='bbox 1834 2401 1889 2455; x_wconf 90' lang='grc'><strong>1.</strong></span> <span class='ocrx_word' id='word_1_154' title='bbox 1922 2406 1976 2456; x_wconf 79' lang='lat' dir='ltr'><strong>st</strong></span> <span class='ocrx_word' id='word_1_155' title='bbox 1998 2401 2057 2456; x_wconf 88' lang='grc'><strong>2.</strong></span> <span class='ocrx_word' id='word_1_156' title='bbox 2107 2396 2306 2457; x_wconf 74' lang='lat' dir='ltr'><strong>Piton.</strong></span> 
     </span>
     <span class='ocr_line' id='line_1_22' title="bbox 763 2492 2310 2573; baseline -0.003 -19"><span class='ocrx_word' id='word_1_157' title='bbox 763 2495 1052 2573; x_wconf 78' lang='lat' dir='ltr'><strong>disceptat.</strong></span> <span class='ocrx_word' id='word_1_158' title='bbox 1079 2497 1179 2554; x_wconf 66' lang='lat' dir='ltr'><strong>M).</strong></span> <span class='ocrx_word' id='word_1_159' title='bbox 1204 2513 1263 2552; x_wconf 79' lang='lat' dir='ltr'><strong>n.</strong></span> <span class='ocrx_word' id='word_1_160' title='bbox 1295 2498 1356 2554; x_wconf 87' lang='lat'><strong>8.</strong></span> <span class='ocrx_word' id='word_1_161' title='bbox 1383 2502 1435 2553; x_wconf 80' lang='lat' dir='ltr'><strong>st</strong></span> <span class='ocrx_word' id='word_1_162' title='bbox 1461 2498 1519 2552; x_wconf 86' lang='grc'><strong>9.</strong></span> <span class='ocrx_word' id='word_1_163' title='bbox 1541 2499 1600 2552; x_wconf 92' lang='lat' dir='ltr'><strong>et</strong></span> <span class='ocrx_word' id='word_1_164' title='bbox 1623 2509 1800 2551; x_wconf 87' lang='lat' dir='ltr'><strong>nemo</strong></span> <span class='ocrx_word' id='word_1_165' title='bbox 1817 2509 1938 2552; x_wconf 89' lang='lat' dir='ltr'><strong>non</strong></span> <span class='ocrx_word' id='word_1_166' title='bbox 1960 2492 2089 2560; x_wconf 89' lang='lat' dir='ltr'><strong>scit,</strong></span> <span class='ocrx_word' id='word_1_167' title='bbox 2122 2510 2310 2571; x_wconf 81' lang='lat' dir='ltr'><strong>qnan-</strong></span> 
     </span>
     <span class='ocr_line' id='line_1_23' title="bbox 764 2582 2308 2692; baseline -0.002 -44"><span class='ocrx_word' id='word_1_168' title='bbox 764 2598 891 2649; x_wconf 88' lang='lat' dir='ltr'><strong>tum</strong></span> <span class='ocrx_word' id='word_1_169' title='bbox 920 2586 997 2647; x_wconf 91' lang='lat' dir='ltr'><strong>sit</strong></span> <span class='ocrx_word' id='word_1_170' title='bbox 1018 2585 1381 2647; x_wconf 78' lang='lat' dir='ltr'><strong>Auctoribus</strong></span> <span class='ocrx_word' id='word_1_171' title='bbox 1424 2584 1813 2692; x_wconf 59' lang='lat' dir='ltr'><strong>deferendum</strong></span> <span class='ocrx_word' id='word_1_172' title='bbox 1841 2632 1857 2653; x_wconf 87' lang='lat'><strong>.</strong></span> <span class='ocrx_word' id='word_1_173' title='bbox 1889 2591 1947 2644; x_wconf 93' lang='lat' dir='ltr'><strong>et</strong></span> <span class='ocrx_word' id='word_1_174' title='bbox 1976 2603 2048 2645; x_wconf 90' lang='lat' dir='ltr'><strong>eo</strong></span> <span class='ocrx_word' id='word_1_175' title='bbox 2085 2582 2308 2645; x_wconf 83' lang='lat' dir='ltr'><strong>fortius</strong></span> 
     </span>
     <span class='ocr_line' id='line_1_24' title="bbox 766 2675 2306 2761; baseline -0.001 -20"><span class='ocrx_word' id='word_1_176' title='bbox 766 2679 1011 2761; x_wconf 92' lang='lat' dir='ltr'><strong>quando</strong></span> <span class='ocrx_word' id='word_1_177' title='bbox 1056 2697 1178 2740; x_wconf 91' lang='lat' dir='ltr'><strong>non</strong></span> <span class='ocrx_word' id='word_1_178' title='bbox 1211 2677 1509 2760; x_wconf 88' lang='lat' dir='ltr'><strong>reperitur</strong></span> <span class='ocrx_word' id='word_1_179' title='bbox 1546 2697 1653 2759; x_wconf 77' lang='lat' dir='ltr'><strong>qut</strong></span> <span class='ocrx_word' id='word_1_180' title='bbox 1689 2676 1776 2739; x_wconf 91' lang='lat' dir='ltr'><strong>eis</strong></span> <span class='ocrx_word' id='word_1_181' title='bbox 1804 2675 2210 2750; x_wconf 86' lang='lat' dir='ltr'><strong>contradicat,</strong></span> <span class='ocrx_word' id='word_1_182' title='bbox 2246 2684 2306 2740; x_wconf 90' lang='lat' dir='ltr'><strong>et</strong></span> 
     </span>
     <span class='ocr_line' id='line_1_25' title="bbox 766 2774 1148 2835; baseline -0.005 -1"><span class='ocrx_word' id='word_1_183' title='bbox 766 2774 1148 2835; x_wconf 78' lang='lat' dir='ltr'><strong>adversetur.</strong></span> 
     </span>
    </p>
   </div>
   <div class='ocr_carea' id='block_1_3' title="bbox 1417 2959 1655 3043">
    <p class='ocr_par' dir='ltr' id='par_1_4' title="bbox 1417 2959 1655 3043">
     <span class='ocr_line' id='line_1_26' title="bbox 1417 2959 1655 3043; baseline -0.004 -24"><span class='ocrx_word' id='word_1_184' title='bbox 1417 2959 1484 3043; x_wconf 80' lang='lat'><strong>§-</strong></span> <span class='ocrx_word' id='word_1_185' title='bbox 1544 2959 1655 3022; x_wconf 87' lang='grc' dir='ltr'><strong>ιιι.</strong></span> 
     </span>
    </p>
   </div>
   <div class='ocr_carea' id='block_1_4' title="bbox 762 3147 2311 3606">
    <p class='ocr_par' dir='ltr' id='par_1_5' title="bbox 762 3147 2311 3606">
     <span class='ocr_line' id='line_1_27' title="bbox 762 3147 2308 3230; baseline -0.002 -17"><span class='ocrx_word' id='word_1_186' title='bbox 762 3152 833 3223; x_wconf 83' lang='lat' dir='ltr'><strong>In</strong></span> <span class='ocrx_word' id='word_1_187' title='bbox 860 3170 969 3230; x_wconf 72' lang='lat' dir='ltr'><strong>quo</strong></span> <span class='ocrx_word' id='word_1_188' title='bbox 994 3158 1357 3229; x_wconf 65' lang='lat' dir='ltr'><strong>exponuntur</strong></span> <span class='ocrx_word' id='word_1_189' title='bbox 1377 3147 1645 3211; x_wconf 76' lang='lat' dir='ltr'><strong>Rationes</strong></span> <span class='ocrx_word' id='word_1_190' title='bbox 1686 3147 1973 3229; x_wconf 77' lang='lat' dir='ltr'><strong>firmantes</strong></span> <span class='ocrx_word' id='word_1_191' title='bbox 1997 3195 2014 3219; x_wconf 87' lang='lat'>‚</span> <span class='ocrx_word' id='word_1_192' title='bbox 2056 3168 2172 3208; x_wconf 73' lang='lat' dir='ltr'><strong>non</strong></span> <span class='ocrx_word' id='word_1_193' title='bbox 2199 3168 2308 3210; x_wconf 73' lang='lat' dir='ltr'><strong>csse</strong></span> 
     </span>
     <span class='ocr_line' id='line_1_28' title="bbox 840 3243 2307 3323; baseline -0.001 -18"><span class='ocrx_word' id='word_1_194' title='bbox 840 3264 1011 3306; x_wconf 78' lang='lat' dir='ltr'><strong>onera</strong></span> <span class='ocrx_word' id='word_1_195' title='bbox 1040 3244 1358 3305; x_wconf 75' lang='lat' dir='ltr'><strong>Missarum</strong></span> <span class='ocrx_word' id='word_1_196' title='bbox 1376 3243 1719 3305; x_wconf 68' lang='lat' dir='ltr'><strong>detrahenda</strong></span> <span class='ocrx_word' id='word_1_197' title='bbox 1744 3261 1783 3304; x_wconf 89' lang='lat' dir='ltr'><strong>a</strong></span> <span class='ocrx_word' id='word_1_198' title='bbox 1803 3244 1992 3303; x_wconf 77' lang='lat' dir='ltr'><strong>valore</strong></span> <span class='ocrx_word' id='word_1_199' title='bbox 2015 3243 2307 3323; x_wconf 74' lang='lat' dir='ltr'><strong>Beneficii,</strong></span> 
     </span>
     <span class='ocr_line' id='line_1_29' title="bbox 840 3334 2311 3418; baseline -0.003 -17"><span class='ocrx_word' id='word_1_200' title='bbox 840 3339 917 3401; x_wconf 81' lang='lat' dir='ltr'><strong>ad</strong></span> <span class='ocrx_word' id='word_1_201' title='bbox 942 3339 1103 3417; x_wconf 76' lang='lat' dir='ltr'><strong>cujas</strong></span> <span class='ocrx_word' id='word_1_202' title='bbox 1128 3341 1363 3399; x_wconf 75' lang='lat' dir='ltr'><strong>titulum</strong></span> <span class='ocrx_word' id='word_1_203' title='bbox 1389 3340 1515 3418; x_wconf 76' lang='lat' dir='ltr'><strong>quis</strong></span> <span class='ocrx_word' id='word_1_204' title='bbox 1553 3337 1859 3398; x_wconf 77' lang='lat' dir='ltr'><strong>ordinatur</strong></span> <span class='ocrx_word' id='word_1_205' title='bbox 1882 3381 1900 3409; x_wconf 91' lang='lat'>‚</span> <span class='ocrx_word' id='word_1_206' title='bbox 1945 3339 2058 3398; x_wconf 76' lang='lat' dir='ltr'><strong>sive</strong></span> <span class='ocrx_word' id='word_1_207' title='bbox 2088 3334 2311 3418; x_wconf 72' lang='lat' dir='ltr'><strong>Benefi-</strong></span> 
     </span>
     <span class='ocr_line' id='line_1_30' title="bbox 839 3433 2311 3513; baseline -0.001 -19"><span class='ocrx_word' id='word_1_208' title='bbox 839 3434 1020 3494; x_wconf 78' lang='lat' dir='ltr'><strong>ciatas</strong></span> <span class='ocrx_word' id='word_1_209' title='bbox 1043 3442 1295 3493; x_wconf 71' lang='lat' dir='ltr'><strong>teneatur</strong></span> <span class='ocrx_word' id='word_1_210' title='bbox 1309 3452 1410 3513; x_wconf 75' lang='lat' dir='ltr'><strong>per</strong></span> <span class='ocrx_word' id='word_1_211' title='bbox 1426 3434 1667 3511; x_wconf 79' lang='lat' dir='ltr'><strong>seipsum</strong></span> <span class='ocrx_word' id='word_1_212' title='bbox 1689 3433 1984 3505; x_wconf 72' lang='lat' dir='ltr'><strong>celebrare,</strong></span> <span class='ocrx_word' id='word_1_213' title='bbox 2004 3433 2117 3492; x_wconf 74' lang='lat' dir='ltr'><strong>sios</strong></span> <span class='ocrx_word' id='word_1_214' title='bbox 2140 3435 2311 3512; x_wconf 83' lang='lat' dir='ltr'><strong>possit</strong></span> 
     </span>
     <span class='ocr_line' id='line_1_31' title="bbox 841 3526 1622 3606; baseline -0.004 -19"><span class='ocrx_word' id='word_1_215' title='bbox 841 3545 931 3587; x_wconf 76' lang='lat' dir='ltr'><strong>sas</strong></span> <span class='ocrx_word' id='word_1_216' title='bbox 974 3526 1249 3586; x_wconf 75' lang='lat' dir='ltr'><strong>celebrare</strong></span> <span class='ocrx_word' id='word_1_217' title='bbox 1275 3543 1376 3606; x_wconf 74' lang='lat' dir='ltr'><strong>per</strong></span> <span class='ocrx_word' id='word_1_218' title='bbox 1400 3526 1586 3586; x_wconf 78' lang='lat' dir='ltr'><strong>alium</strong></span> <span class='ocrx_word' id='word_1_219' title='bbox 1606 3566 1622 3585; x_wconf 97' lang='lat'><strong>.</strong></span> 
     </span>
    </p>
   </div>
   <div class='ocr_carea' id='block_1_5' title="bbox 758 3653 2311 5477">
    <p class='ocr_par' dir='ltr' id='par_1_6' title="bbox 761 3653 2311 4993">
     <span class='ocr_line' id='line_1_32' title="bbox 771 3653 2308 3793; baseline 0.002 -24"><span class='ocrx_word' id='word_1_220' title='bbox 771 3653 1161 3774; x_wconf 80' lang='lat' dir='ltr'><strong>Transitum</strong></span> <span class='ocrx_word' id='word_1_221' title='bbox 1215 3710 1489 3773; x_wconf 83' lang='lat' dir='ltr'><strong>faciendo</strong></span> <span class='ocrx_word' id='word_1_222' title='bbox 1529 3710 1605 3773; x_wconf 87' lang='lat' dir='ltr'><strong>ad</strong></span> <span class='ocrx_word' id='word_1_223' title='bbox 1657 3709 2051 3789; x_wconf 80' lang='lat' dir='ltr'><strong>fundamenta</strong></span> <span class='ocrx_word' id='word_1_224' title='bbox 2079 3755 2098 3783; x_wconf 83' lang='grc'><strong>,</strong></span> <span class='ocrx_word' id='word_1_225' title='bbox 2148 3730 2308 3793; x_wconf 85' lang='lat' dir='ltr'><strong>quae</strong></span> 
     </span>
     <span class='ocr_line' id='line_1_33' title="bbox 763 3803 2302 3886; baseline 0.001 -19"><span class='ocrx_word' id='word_1_226' title='bbox 763 3824 875 3886; x_wconf 89' lang='lat' dir='ltr'><strong>pro</strong></span> <span class='ocrx_word' id='word_1_227' title='bbox 909 3805 1025 3867; x_wconf 83' lang='lat' dir='ltr'><strong>hoc</strong></span> <span class='ocrx_word' id='word_1_228' title='bbox 1050 3803 1313 3867; x_wconf 89' lang='lat' dir='ltr'><strong>militant</strong></span> <span class='ocrx_word' id='word_1_229' title='bbox 1332 3812 1667 3884; x_wconf 87' lang='lat' dir='ltr'><strong>assumpto;</strong></span> <span class='ocrx_word' id='word_1_230' title='bbox 1701 3804 1976 3865; x_wconf 88' lang='lat' dir='ltr'><strong>Primum</strong></span> <span class='ocrx_word' id='word_1_231' title='bbox 1999 3812 2109 3876; x_wconf 87' lang='lat' dir='ltr'><strong>est,</strong></span> <span class='ocrx_word' id='word_1_232' title='bbox 2139 3805 2302 3886; x_wconf 90' lang='lat' dir='ltr'><strong>quod</strong></span> 
     </span>
     <span class='ocr_line' id='line_1_34' title="bbox 764 3896 2307 3980; baseline -0.002 -17"><span class='ocrx_word' id='word_1_233' title='bbox 764 3920 800 3963; x_wconf 90' lang='lat' dir='ltr'><strong>a</strong></span> <span class='ocrx_word' id='word_1_234' title='bbox 834 3898 1039 3962; x_wconf 84' lang='lat' dir='ltr'><strong>valore</strong></span> <span class='ocrx_word' id='word_1_235' title='bbox 1064 3896 1345 3960; x_wconf 89' lang='lat' dir='ltr'><strong>Beneficii</strong></span> <span class='ocrx_word' id='word_1_236' title='bbox 1374 3946 1389 3969; x_wconf 86' lang='lat'><em>,</em></span> <span class='ocrx_word' id='word_1_237' title='bbox 1426 3898 1503 3960; x_wconf 90' lang='lat' dir='ltr'><strong>ad</strong></span> <span class='ocrx_word' id='word_1_238' title='bbox 1548 3902 1721 3980; x_wconf 87' lang='lat' dir='ltr'><strong>cujus</strong></span> <span class='ocrx_word' id='word_1_239' title='bbox 1763 3898 2009 3960; x_wconf 91' lang='lat' dir='ltr'><strong>titulum</strong></span> <span class='ocrx_word' id='word_1_240' title='bbox 2039 3899 2178 3980; x_wconf 89' lang='lat' dir='ltr'><strong>quis</strong></span> <span class='ocrx_word' id='word_1_241' title='bbox 2207 3917 2307 3961; x_wconf 88' lang='lat' dir='ltr'><strong>or-</strong></span> 
     </span>
     <span class='ocr_line' id='line_1_35' title="bbox 764 3990 2311 4073; baseline -0.001 -19"><span class='ocrx_word' id='word_1_242' title='bbox 764 3992 1033 4066; x_wconf 90' lang='lat' dir='ltr'><strong>dinatur,</strong></span> <span class='ocrx_word' id='word_1_243' title='bbox 1059 3990 1428 4054; x_wconf 83' lang='lat' dir='ltr'><strong>detrahenda</strong></span> <span class='ocrx_word' id='word_1_244' title='bbox 1451 3991 1694 4073; x_wconf 91' lang='lat' dir='ltr'><strong>quidem</strong></span> <span class='ocrx_word' id='word_1_245' title='bbox 1714 3999 1859 4053; x_wconf 90' lang='lat' dir='ltr'><strong>sunt</strong></span> <span class='ocrx_word' id='word_1_246' title='bbox 1881 4011 2065 4055; x_wconf 91' lang='lat' dir='ltr'><strong>onera</strong></span> <span class='ocrx_word' id='word_1_247' title='bbox 2086 3991 2311 4055; x_wconf 86' lang='lat' dir='ltr'><strong>extrin-</strong></span> 
     </span>
     <span class='ocr_line' id='line_1_36' title="bbox 762 4085 2309 4167; baseline 0.001 -20"><span class='ocrx_word' id='word_1_248' title='bbox 762 4106 895 4149; x_wconf 88' lang='lat' dir='ltr'><strong>seca</strong></span> <span class='ocrx_word' id='word_1_249' title='bbox 920 4135 936 4158; x_wconf 88' lang='lat'>‚</span> <span class='ocrx_word' id='word_1_250' title='bbox 966 4106 1077 4166; x_wconf 89' lang='lat' dir='ltr'><strong>pro</strong></span> <span class='ocrx_word' id='word_1_251' title='bbox 1104 4086 1330 4167; x_wconf 88' lang='lat' dir='ltr'><strong>quibus</strong></span> <span class='ocrx_word' id='word_1_252' title='bbox 1352 4085 1754 4166; x_wconf 81' lang='lat' dir='ltr'><strong>adimplendis</strong></span> <span class='ocrx_word' id='word_1_253' title='bbox 1781 4106 1933 4167; x_wconf 88' lang='lat' dir='ltr'><strong>opus</strong></span> <span class='ocrx_word' id='word_1_254' title='bbox 1950 4094 2039 4148; x_wconf 89' lang='lat' dir='ltr'><strong>est</strong></span> <span class='ocrx_word' id='word_1_255' title='bbox 2067 4134 2083 4158; x_wconf 93' lang='lat'>,</span> <span class='ocrx_word' id='word_1_256' title='bbox 2106 4093 2174 4148; x_wconf 88' lang='lat' dir='ltr'><strong>ut</strong></span> <span class='ocrx_word' id='word_1_257' title='bbox 2203 4087 2309 4148; x_wconf 89' lang='lat' dir='ltr'><strong>Be-</strong></span> 
     </span>
     <span class='ocr_line' id='line_1_37' title="bbox 763 4178 2308 4259; baseline 0 -18"><span class='ocrx_word' id='word_1_258' title='bbox 763 4178 1074 4242; x_wconf 89' lang='lat' dir='ltr'><strong>neficiatus</strong></span> <span class='ocrx_word' id='word_1_259' title='bbox 1100 4180 1332 4258; x_wconf 90' lang='lat' dir='ltr'><strong>aliquid</strong></span> <span class='ocrx_word' id='word_1_260' title='bbox 1353 4180 1661 4259; x_wconf 88' lang='lat' dir='ltr'><strong>impendat</strong></span> <span class='ocrx_word' id='word_1_261' title='bbox 1685 4225 1703 4252; x_wconf 87' lang='lat'>,</span> <span class='ocrx_word' id='word_1_262' title='bbox 1733 4187 1795 4241; x_wconf 87' lang='lat' dir='ltr'><strong>et</strong></span> <span class='ocrx_word' id='word_1_263' title='bbox 1823 4180 1909 4241; x_wconf 88' lang='lat' dir='ltr'><strong>sic</strong></span> <span class='ocrx_word' id='word_1_264' title='bbox 1949 4180 2308 4242; x_wconf 90' lang='lat' dir='ltr'><strong>diminutio-</strong></span> 
     </span>
     <span class='ocr_line' id='line_1_38' title="bbox 762 4272 2311 4353; baseline -0.001 -19"><span class='ocrx_word' id='word_1_265' title='bbox 762 4293 902 4335; x_wconf 86' lang='lat' dir='ltr'><strong>nem</strong></span> <span class='ocrx_word' id='word_1_266' title='bbox 930 4274 1193 4353; x_wconf 88' lang='lat' dir='ltr'><strong>patiatur</strong></span> <span class='ocrx_word' id='word_1_267' title='bbox 1216 4274 1291 4333; x_wconf 90' lang='lat' dir='ltr'><strong>de</strong></span> <span class='ocrx_word' id='word_1_268' title='bbox 1322 4273 1613 4334; x_wconf 86' lang='lat' dir='ltr'><strong>reditibus</strong></span> <span class='ocrx_word' id='word_1_269' title='bbox 1636 4272 1956 4347; x_wconf 88' lang='lat' dir='ltr'><strong>Beneficii,</strong></span> <span class='ocrx_word' id='word_1_270' title='bbox 1988 4274 2206 4334; x_wconf 78' lang='lat' dir='ltr'><strong>Addcn.</strong></span> <span class='ocrx_word' id='word_1_271' title='bbox 2235 4274 2311 4335; x_wconf 83' lang='lat' dir='ltr'><strong>ad</strong></span> 
     </span>
     <span class='ocr_line' id='line_1_39' title="bbox 762 4367 2309 4430; baseline 0 -1"><span class='ocrx_word' id='word_1_272' title='bbox 762 4367 1031 4430; x_wconf 64' lang='lat' dir='ltr'><strong>Ladonis.</strong></span> <span class='ocrx_word' id='word_1_273' title='bbox 1050 4368 1214 4427; x_wconf 74' lang='lat' dir='ltr'><strong>decis.</strong></span> <span class='ocrx_word' id='word_1_274' title='bbox 1235 4370 1373 4427; x_wconf 65' lang='grc'><strong>245.</strong></span> <span class='ocrx_word' id='word_1_275' title='bbox 1397 4367 1499 4426; x_wconf 76' lang='lat' dir='ltr'><strong>sub</strong></span> <span class='ocrx_word' id='word_1_276' title='bbox 1518 4386 1674 4426; x_wconf 73' lang='lat' dir='ltr'><strong>num.</strong></span> <span class='ocrx_word' id='word_1_277' title='bbox 1697 4372 1791 4428; x_wconf 90' lang='grc'><strong>12.</strong></span> <span class='ocrx_word' id='word_1_278' title='bbox 1816 4367 1916 4428; x_wconf 89' lang='lat' dir='ltr'><strong>sed</strong></span> <span class='ocrx_word' id='word_1_279' title='bbox 1940 4367 2309 4430; x_wconf 87' lang='lat' dir='ltr'><strong>detrahenda</strong></span> 
     </span>
     <span class='ocr_line' id='line_1_40' title="bbox 762 4459 2307 4540; baseline -0.001 -16"><span class='ocrx_word' id='word_1_280' title='bbox 762 4482 885 4524; x_wconf 91' lang='lat' dir='ltr'><strong>non</strong></span> <span class='ocrx_word' id='word_1_281' title='bbox 915 4460 1196 4524; x_wconf 85' lang='lat' dir='ltr'><strong>videntur</strong></span> <span class='ocrx_word' id='word_1_282' title='bbox 1217 4478 1402 4522; x_wconf 88' lang='lat' dir='ltr'><strong>onera</strong></span> <span class='ocrx_word' id='word_1_283' title='bbox 1424 4459 1768 4532; x_wconf 87' lang='lat' dir='ltr'><strong>intrinseca,</strong></span> <span class='ocrx_word' id='word_1_284' title='bbox 1799 4479 1956 4540; x_wconf 90' lang='lat' dir='ltr'><strong>quae</strong></span> <span class='ocrx_word' id='word_1_285' title='bbox 1982 4460 2307 4523; x_wconf 88' lang='lat' dir='ltr'><strong>Beneficia·</strong></span> 
     </span>
     <span class='ocr_line' id='line_1_41' title="bbox 764 4554 2299 4635; baseline -0.002 -17"><span class='ocrx_word' id='word_1_286' title='bbox 764 4566 860 4618; x_wconf 88' lang='lat' dir='ltr'><strong>tus</strong></span> <span class='ocrx_word' id='word_1_287' title='bbox 891 4563 1080 4635; x_wconf 89' lang='lat' dir='ltr'><strong>potest</strong></span> <span class='ocrx_word' id='word_1_288' title='bbox 1124 4573 1231 4635; x_wconf 88' lang='lat' dir='ltr'><strong>per</strong></span> <span class='ocrx_word' id='word_1_289' title='bbox 1281 4554 1542 4634; x_wconf 87' lang='lat' dir='ltr'><strong>seipsum</strong></span> <span class='ocrx_word' id='word_1_290' title='bbox 1569 4554 1936 4634; x_wconf 90' lang='lat' dir='ltr'><strong>adimplere,</strong></span> <span class='ocrx_word' id='word_1_291' title='bbox 1971 4554 2299 4616; x_wconf 89' lang='lat' dir='ltr'><strong>dummodo</strong></span> 
     </span>
     <span class='ocr_line' id='line_1_42' title="bbox 762 4646 2309 4722; baseline -0.001 -9"><span class='ocrx_word' id='word_1_292' title='bbox 762 4669 946 4713; x_wconf 89' lang='lat' dir='ltr'><strong>onera</strong></span> <span class='ocrx_word' id='word_1_293' title='bbox 975 4649 1080 4711; x_wconf 91' lang='lat' dir='ltr'><strong>illa</strong></span> <span class='ocrx_word' id='word_1_294' title='bbox 1106 4647 1392 4710; x_wconf 81' lang='lat' dir='ltr'><strong>exercitio</strong></span> <span class='ocrx_word' id='word_1_295' title='bbox 1417 4647 1713 4722; x_wconf 87' lang='lat' dir='ltr'><strong>clericali,</strong></span> <span class='ocrx_word' id='word_1_296' title='bbox 1744 4656 1803 4709; x_wconf 90' lang='lat' dir='ltr'><strong>et</strong></span> <span class='ocrx_word' id='word_1_297' title='bbox 1854 4648 2051 4709; x_wconf 90' lang='lat' dir='ltr'><strong>decori</strong></span> <span class='ocrx_word' id='word_1_298' title='bbox 2101 4646 2309 4711; x_wconf 86' lang='lat' dir='ltr'><strong>chara-</strong></span> 
     </span>
     <span class='ocr_line' id='line_1_43' title="bbox 762 4741 2297 4824; baseline -0.004 -18"><span class='ocrx_word' id='word_1_299' title='bbox 762 4744 939 4807; x_wconf 83' lang='lat' dir='ltr'><strong>cteris</strong></span> <span class='ocrx_word' id='word_1_300' title='bbox 964 4760 1230 4824; x_wconf 79' lang='lat' dir='ltr'><strong>congrua</strong></span> <span class='ocrx_word' id='word_1_301' title='bbox 1259 4742 1416 4815; x_wconf 86' lang='lat' dir='ltr'><strong>sint,</strong></span> <span class='ocrx_word' id='word_1_302' title='bbox 1458 4750 1519 4804; x_wconf 85' lang='lat' dir='ltr'><strong>et</strong></span> <span class='ocrx_word' id='word_1_303' title='bbox 1557 4741 2008 4822; x_wconf 79' lang='lat' dir='ltr'><strong>proportionata</strong></span> <span class='ocrx_word' id='word_1_304' title='bbox 2030 4787 2046 4814; x_wconf 89' lang='lat'>,</span> <span class='ocrx_word' id='word_1_305' title='bbox 2079 4750 2139 4803; x_wconf 89' lang='lat' dir='ltr'><strong>et</strong></span> <span class='ocrx_word' id='word_1_306' title='bbox 2185 4761 2297 4822; x_wconf 85' lang='lat' dir='ltr'><strong>pro</strong></span> 
     </span>
     <span class='ocr_line' id='line_1_44' title="bbox 761 4831 2302 4919; baseline -0.001 -21"><span class='ocrx_word' id='word_1_307' title='bbox 761 4839 892 4919; x_wconf 87' lang='lat' dir='ltr'><strong>ejus</strong></span> <span class='ocrx_word' id='word_1_308' title='bbox 909 4834 1382 4897; x_wconf 79' lang='lat' dir='ltr'><strong>substentatione</strong></span> <span class='ocrx_word' id='word_1_309' title='bbox 1412 4831 1749 4913; x_wconf 79' lang='lat' dir='ltr'><strong>proficiant,</strong></span> <span class='ocrx_word' id='word_1_310' title='bbox 1778 4834 1868 4895; x_wconf 90' lang='lat' dir='ltr'><strong>uti</strong></span> <span class='ocrx_word' id='word_1_311' title='bbox 1891 4834 2042 4895; x_wconf 92' lang='lat' dir='ltr'><strong>bene</strong></span> <span class='ocrx_word' id='word_1_312' title='bbox 2064 4834 2302 4896; x_wconf 89' lang='lat' dir='ltr'><strong>ratioci-</strong></span> 
     </span>
     <span class='ocr_line' id='line_1_45' title="bbox 763 4926 2302 4993; baseline -0.002 0"><span class='ocrx_word' id='word_1_313' title='bbox 763 4939 946 4993; x_wconf 83' lang='lat' dir='ltr'><strong>natur</strong></span> <span class='ocrx_word' id='word_1_314' title='bbox 974 4926 1152 4989; x_wconf 77' lang='lat' dir='ltr'><strong>card.</strong></span> <span class='ocrx_word' id='word_1_315' title='bbox 1187 4927 1253 4986; x_wconf 78' lang='lat' dir='ltr'><strong>dc</strong></span> <span class='ocrx_word' id='word_1_316' title='bbox 1276 4926 1433 4988; x_wconf 76' lang='lat' dir='ltr'><strong>Luca</strong></span> <span class='ocrx_word' id='word_1_317' title='bbox 1453 4928 1518 4989; x_wconf 78' lang='lat' dir='ltr'><strong>do</strong></span> <span class='ocrx_word' id='word_1_318' title='bbox 1540 4929 1732 4988; x_wconf 80' lang='lat' dir='ltr'><strong>donat.</strong></span> <span class='ocrx_word' id='word_1_319' title='bbox 1766 4928 2000 4988; x_wconf 80' lang='lat' dir='ltr'><strong>discurs.</strong></span> <span class='ocrx_word' id='word_1_320' title='bbox 2035 4933 2128 4988; x_wconf 92' lang='grc'><strong>11.</strong></span> <span class='ocrx_word' id='word_1_321' title='bbox 2155 4949 2217 4988; x_wconf 79' lang='lat' dir='ltr'><strong>n.</strong></span> <span class='ocrx_word' id='word_1_322' title='bbox 2242 4934 2302 4990; x_wconf 87' lang='lat'><strong>8.</strong></span> 
     </span>
    </p>

    <p class='ocr_par' dir='ltr' id='par_1_7' title="bbox 758 5019 2304 5477">
     <span class='ocr_line' id='line_1_46' title="bbox 882 5019 2304 5103; baseline -0.001 -19"><span class='ocrx_word' id='word_1_323' title='bbox 882 5022 1155 5103; x_wconf 89' lang='lat' dir='ltr'><strong>Cumque</strong></span> <span class='ocrx_word' id='word_1_324' title='bbox 1179 5019 1323 5083; x_wconf 86' lang='lat' dir='ltr'><strong>talia</strong></span> <span class='ocrx_word' id='word_1_325' title='bbox 1365 5020 1488 5082; x_wconf 87' lang='lat' dir='ltr'><strong>sint</strong></span> <span class='ocrx_word' id='word_1_326' title='bbox 1529 5040 1715 5084; x_wconf 89' lang='lat' dir='ltr'><strong>onera</strong></span> <span class='ocrx_word' id='word_1_327' title='bbox 1764 5021 2086 5082; x_wconf 85' lang='lat' dir='ltr'><strong>Missamm</strong></span> <span class='ocrx_word' id='word_1_328' title='bbox 2110 5070 2126 5092; x_wconf 89' lang='lat'><em>,</em></span> <span class='ocrx_word' id='word_1_329' title='bbox 2166 5031 2304 5083; x_wconf 90' lang='lat' dir='ltr'><strong>tum</strong></span> 
     </span>
     <span class='ocr_line' id='line_1_47' title="bbox 761 5114 2296 5200; baseline -0.003 -20"><span class='ocrx_word' id='word_1_330' title='bbox 761 5118 907 5200; x_wconf 85' lang='lat' dir='ltr'><strong>quia</strong></span> <span class='ocrx_word' id='word_1_331' title='bbox 956 5135 1166 5179; x_wconf 87' lang='lat' dir='ltr'><strong>earum</strong></span> <span class='ocrx_word' id='word_1_332' title='bbox 1195 5115 1572 5195; x_wconf 85' lang='lat' dir='ltr'><strong>eleemosyna</strong></span> <span class='ocrx_word' id='word_1_333' title='bbox 1617 5114 1774 5176; x_wconf 88' lang='lat' dir='ltr'><strong>cedit</strong></span> <span class='ocrx_word' id='word_1_334' title='bbox 1827 5115 1890 5175; x_wconf 88' lang='lat' dir='ltr'><strong>in</strong></span> <span class='ocrx_word' id='word_1_335' title='bbox 1926 5114 2296 5195; x_wconf 85' lang='lat' dir='ltr'><strong>stipendium</strong></span> 
     </span>
     <span class='ocr_line' id='line_1_48' title="bbox 758 5206 2303 5288; baseline -0.002 -15"><span class='ocrx_word' id='word_1_336' title='bbox 758 5207 1250 5273; x_wconf 89' lang='lat' dir='ltr'><strong>substentationis</strong></span> <span class='ocrx_word' id='word_1_337' title='bbox 1305 5206 1639 5270; x_wconf 87' lang='lat' dir='ltr'><strong>Sacerdotis</strong></span> <span class='ocrx_word' id='word_1_338' title='bbox 1669 5252 1686 5279; x_wconf 85' lang='lat'><strong><em>‚</em></strong></span> <span class='ocrx_word' id='word_1_339' title='bbox 1737 5210 1913 5288; x_wconf 83' lang='lat' dir='ltr'><strong>juxta</strong></span> <span class='ocrx_word' id='word_1_340' title='bbox 1951 5207 2303 5270; x_wconf 90' lang='lat' dir='ltr'><strong>Doctrinam</strong></span> 
     </span>
     <span class='ocr_line' id='line_1_49' title="bbox 762 5302 2296 5381; baseline -0.003 -14"><span class='ocrx_word' id='word_1_341' title='bbox 762 5306 901 5367; x_wconf 85' lang='lat' dir='ltr'><strong>Divi</strong></span> <span class='ocrx_word' id='word_1_342' title='bbox 931 5304 1198 5366; x_wconf 86' lang='lat' dir='ltr'><strong>Thomae</strong></span> <span class='ocrx_word' id='word_1_343' title='bbox 1224 5304 1289 5362; x_wconf 79' lang='lat' dir='ltr'><strong>in</strong></span> <span class='ocrx_word' id='word_1_344' title='bbox 1311 5312 1580 5380; x_wconf 78' lang='lat' dir='ltr'><strong>quartum</strong></span> <span class='ocrx_word' id='word_1_345' title='bbox 1599 5302 1760 5362; x_wconf 80' lang='lat' dir='ltr'><strong>Sent.</strong></span> <span class='ocrx_word' id='word_1_346' title='bbox 1790 5304 1922 5363; x_wconf 81' lang='lat' dir='ltr'><strong>dist.</strong></span> <span class='ocrx_word' id='word_1_347' title='bbox 1950 5307 2048 5364; x_wconf 89' lang='grc'><strong>25.</strong></span> <span class='ocrx_word' id='word_1_348' title='bbox 2079 5314 2296 5381; x_wconf 77' lang='lat' dir='ltr'><strong>quaest.</strong></span> 
     </span>
     <span class='ocr_line' id='line_1_50' title="bbox 766 5396 2302 5477; baseline -0.002 -16"><span class='ocrx_word' id='word_1_349' title='bbox 766 5403 824 5461; x_wconf 78' lang='grc'><strong>3.</strong></span> <span class='ocrx_word' id='word_1_350' title='bbox 855 5408 970 5460; x_wconf 82' lang='lat' dir='ltr'><strong>art.</strong></span> <span class='ocrx_word' id='word_1_351' title='bbox 1003 5402 1062 5458; x_wconf 91' lang='grc'><strong>2.</strong></span> <span class='ocrx_word' id='word_1_352' title='bbox 1093 5406 1310 5477; x_wconf 72' lang='lat' dir='ltr'><strong>quaest.</strong></span> <span class='ocrx_word' id='word_1_353' title='bbox 1338 5400 1394 5458; x_wconf 87' lang='grc'><strong>1.</strong></span> <span class='ocrx_word' id='word_1_354' title='bbox 1428 5396 1505 5459; x_wconf 79' lang='lat' dir='ltr'><strong>ad</strong></span> <span class='ocrx_word' id='word_1_355' title='bbox 1538 5406 1808 5476; x_wconf 72' lang='lat' dir='ltr'><strong>quartam</strong></span> <span class='ocrx_word' id='word_1_356' title='bbox 1831 5443 1849 5468; x_wconf 89' lang='lat'><em>,</em></span> <span class='ocrx_word' id='word_1_357' title='bbox 1875 5407 1927 5458; x_wconf 80' lang='lat' dir='ltr'><strong>st</strong></span> <span class='ocrx_word' id='word_1_358' title='bbox 1954 5397 2198 5460; x_wconf 75' lang='lat' dir='ltr'><strong>secunda</strong></span> <span class='ocrx_word' id='word_1_359' title='bbox 2217 5417 2302 5458; x_wconf 76' lang='lat' dir='ltr'><strong>sc-</strong></span> 
     </span>
    </p>
   </div>
   <div class='ocr_carea' id='block_1_6' title="bbox 1952 453 2791 523">
    <p class='ocr_par' dir='ltr' id='par_1_8' title="bbox 1952 453 2791 523">
     <span class='ocr_line' id='line_1_51' title="bbox 1952 453 2791 523; baseline 0.006 -17"><span class='ocrx_word' id='word_1_360' title='bbox 1952 454 2397 523; x_wconf 69' lang='lat' dir='ltr'><strong>QUAEsTtoxsss</strong></span> <span class='ocrx_word' id='word_1_361' title='bbox 2435 453 2658 512; x_wconf 77' lang='lat' dir='ltr'>CANON</span> <span class='ocrx_word' id='word_1_362' title='bbox 2666 458 2791 511; x_wconf 74' lang='lat' dir='ltr'><strong>10AE</strong></span> 
     </span>
    </p>
   </div>
   <div class='ocr_carea' id='block_1_7' title="bbox 2426 571 4098 690">
    <p class='ocr_par' dir='ltr' id='par_1_9' title="bbox 2426 571 4098 690">
     <span class='ocr_line' id='line_1_52' title="bbox 2426 571 4098 690; baseline 0.007 -20"><span class='ocrx_word' id='word_1_363' title='bbox 2426 609 2640 671; x_wconf 77' lang='lat' dir='ltr'><strong>eundae</strong></span> <span class='ocrx_word' id='word_1_364' title='bbox 2665 617 2877 690; x_wconf 77' lang='lat' dir='ltr'><strong>quaest.</strong></span> <span class='ocrx_word' id='word_1_365' title='bbox 2909 612 3040 672; x_wconf 89' lang='grc'><strong>100.</strong></span> <span class='ocrx_word' id='word_1_366' title='bbox 3065 618 3180 673; x_wconf 86' lang='lat' dir='ltr'><strong>art.</strong></span> <span class='ocrx_word' id='word_1_367' title='bbox 3228 616 3287 673; x_wconf 83' lang='grc'><strong>2.</strong></span> <span class='ocrx_word' id='word_1_368' title='bbox 3335 613 3412 675; x_wconf 79' lang='lat' dir='ltr'><strong>ad</strong></span> <span class='ocrx_word' id='word_1_369' title='bbox 3445 614 3748 677; x_wconf 77' lang='lat' dir='ltr'><strong>secundam</strong></span> <span class='ocrx_word' id='word_1_370' title='bbox 3773 635 3795 677; x_wconf 92' lang='lat'><strong>.·</strong></span> <span class='ocrx_word' id='word_1_371' title='bbox 3838 618 3924 682; x_wconf 86' lang='lat' dir='ltr'><strong>ibi</strong></span> <span class='ocrx_word' id='word_1_372' title='bbox 3950 640 3971 680; x_wconf 74' lang='grc' dir='ltr'><em>τ</em></span> <span class='ocrx_word' id='word_1_373' title='bbox 4093 571 4098 574; x_wconf 28' lang='grc'>-</span> 
     </span>
    </p>
   </div>
   <div class='ocr_carea' id='block_1_8' title="bbox 2411 705 3974 2953">
    <p class='ocr_par' dir='ltr' id='par_1_10' title="bbox 2411 705 3974 2471">
     <span class='ocr_line' id='line_1_53' title="bbox 2426 705 3974 794; baseline 0.009 -31"><span class='ocrx_word' id='word_1_374' title='bbox 2426 705 2592 783; x_wconf 75' lang='lat' dir='ltr'><strong>quasi</strong></span> <span class='ocrx_word' id='word_1_375' title='bbox 2619 705 2958 783; x_wconf 74' lang='lat' dir='ltr'><strong>stipendium</strong></span> <span class='ocrx_word' id='word_1_376' title='bbox 2980 725 3113 768; x_wconf 76' lang='lat' dir='ltr'><strong>suas</strong></span> <span class='ocrx_word' id='word_1_377' title='bbox 3145 707 3598 771; x_wconf 74' lang='lat' dir='ltr'><strong>substentationis</strong></span> <span class='ocrx_word' id='word_1_378' title='bbox 3615 730 3638 771; x_wconf 93' lang='lat'><strong>.·</strong></span> <span class='ocrx_word' id='word_1_379' title='bbox 3680 717 3809 773; x_wconf 88' lang='lat' dir='ltr'><strong>tum</strong></span> <span class='ocrx_word' id='word_1_380' title='bbox 3828 715 3974 794; x_wconf 87' lang='lat' dir='ltr'><strong>quia</strong></span> 
     </span>
     <span class='ocr_line' id='line_1_54' title="bbox 2427 797 3967 886; baseline 0.008 -29"><span class='ocrx_word' id='word_1_381' title='bbox 2427 797 2579 859; x_wconf 85' lang='lat' dir='ltr'><strong>nihil</strong></span> <span class='ocrx_word' id='word_1_382' title='bbox 2607 797 2876 878; x_wconf 88' lang='lat' dir='ltr'><strong>impedit,</strong></span> <span class='ocrx_word' id='word_1_383' title='bbox 2894 799 3056 880; x_wconf 91' lang='lat' dir='ltr'><strong>quod</strong></span> <span class='ocrx_word' id='word_1_384' title='bbox 3078 807 3285 881; x_wconf 90' lang='lat' dir='ltr'><strong>potens</strong></span> <span class='ocrx_word' id='word_1_385' title='bbox 3298 802 3604 866; x_wconf 88' lang='lat' dir='ltr'><strong>celebrare</strong></span> <span class='ocrx_word' id='word_1_386' title='bbox 3624 824 3731 886; x_wconf 89' lang='lat' dir='ltr'><strong>per</strong></span> <span class='ocrx_word' id='word_1_387' title='bbox 3753 807 3967 881; x_wconf 90' lang='lat' dir='ltr'><strong>alium,</strong></span> 
     </span>
     <span class='ocr_line' id='line_1_55' title="bbox 2428 890 3965 973; baseline 0.007 -20"><span class='ocrx_word' id='word_1_388' title='bbox 2428 890 2681 953; x_wconf 83' lang='lat' dir='ltr'><strong>celebret</strong></span> <span class='ocrx_word' id='word_1_389' title='bbox 2709 912 2817 972; x_wconf 91' lang='lat' dir='ltr'><strong>per</strong></span> <span class='ocrx_word' id='word_1_390' title='bbox 2838 892 3099 973; x_wconf 90' lang='lat' dir='ltr'><strong>seipsum</strong></span> <span class='ocrx_word' id='word_1_391' title='bbox 3123 939 3139 966; x_wconf 89' lang='lat'>,</span> <span class='ocrx_word' id='word_1_392' title='bbox 3167 914 3243 956; x_wconf 83' lang='lat' dir='ltr'><strong>ex</strong></span> <span class='ocrx_word' id='word_1_393' title='bbox 3270 895 3382 958; x_wconf 87' lang='lat' dir='ltr'><strong>boc</strong></span> <span class='ocrx_word' id='word_1_394' title='bbox 3410 897 3729 960; x_wconf 90' lang='lat' dir='ltr'><strong>deducitur</strong></span> <span class='ocrx_word' id='word_1_395' title='bbox 3757 920 3965 965; x_wconf 90' lang='lat' dir='ltr'><strong>conse-</strong></span> 
     </span>
     <span class='ocr_line' id='line_1_56' title="bbox 2428 985 3972 1078; baseline 0.011 -35"><span class='ocrx_word' id='word_1_396' title='bbox 2428 985 2673 1065; x_wconf 87' lang='lat' dir='ltr'><strong>quentia</strong></span> <span class='ocrx_word' id='word_1_397' title='bbox 2699 1031 2717 1058; x_wconf 87' lang='lat'>,</span> <span class='ocrx_word' id='word_1_398' title='bbox 2765 987 2927 1067; x_wconf 90' lang='lat' dir='ltr'><strong>quod</strong></span> <span class='ocrx_word' id='word_1_399' title='bbox 2957 1005 2994 1048; x_wconf 91' lang='lat' dir='ltr'><strong>a</strong></span> <span class='ocrx_word' id='word_1_400' title='bbox 3044 987 3249 1050; x_wconf 87' lang='lat' dir='ltr'><strong>valore</strong></span> <span class='ocrx_word' id='word_1_401' title='bbox 3296 991 3575 1053; x_wconf 86' lang='lat' dir='ltr'><strong>Beneficii</strong></span> <span class='ocrx_word' id='word_1_402' title='bbox 3606 1038 3624 1066; x_wconf 86' lang='lat'><strong>,</strong></span> <span class='ocrx_word' id='word_1_403' title='bbox 3676 994 3752 1056; x_wconf 90' lang='lat' dir='ltr'><strong>ad</strong></span> <span class='ocrx_word' id='word_1_404' title='bbox 3800 998 3972 1078; x_wconf 86' lang='lat' dir='ltr'><strong>cujus</strong></span> 
     </span>
     <span class='ocr_line' id='line_1_57' title="bbox 2430 1077 3970 1159; baseline 0.01 -20"><span class='ocrx_word' id='word_1_405' title='bbox 2430 1077 2670 1139; x_wconf 86' lang='lat' dir='ltr'><strong>titulum</strong></span> <span class='ocrx_word' id='word_1_406' title='bbox 2709 1079 2848 1159; x_wconf 89' lang='lat' dir='ltr'><strong>quis</strong></span> <span class='ocrx_word' id='word_1_407' title='bbox 2871 1080 3190 1144; x_wconf 89' lang='lat' dir='ltr'><strong>ordinatur</strong></span> <span class='ocrx_word' id='word_1_408' title='bbox 3212 1127 3229 1153; x_wconf 85' lang='lat'>,</span> <span class='ocrx_word' id='word_1_409' title='bbox 3277 1103 3398 1146; x_wconf 91' lang='lat' dir='ltr'><strong>non</strong></span> <span class='ocrx_word' id='word_1_410' title='bbox 3430 1094 3572 1147; x_wconf 90' lang='lat' dir='ltr'><strong>sunt</strong></span> <span class='ocrx_word' id='word_1_411' title='bbox 3596 1088 3970 1154; x_wconf 86' lang='lat' dir='ltr'><strong>detrahenda</strong></span> 
     </span>
     <span class='ocr_line' id='line_1_58' title="bbox 2425 1174 3970 1248; baseline 0.009 -15"><span class='ocrx_word' id='word_1_412' title='bbox 2425 1190 2608 1235; x_wconf 89' lang='lat' dir='ltr'><strong>onera</strong></span> <span class='ocrx_word' id='word_1_413' title='bbox 2633 1174 2973 1248; x_wconf 83' lang='lat' dir='ltr'><strong>Missamm‚</strong></span> <span class='ocrx_word' id='word_1_414' title='bbox 3003 1175 3131 1239; x_wconf 88' lang='lat' dir='ltr'><strong>sive</strong></span> <span class='ocrx_word' id='word_1_415' title='bbox 3157 1178 3553 1241; x_wconf 88' lang='lat' dir='ltr'><strong>Beneficiatus</strong></span> <span class='ocrx_word' id='word_1_416' title='bbox 3580 1188 3851 1245; x_wconf 88' lang='lat' dir='ltr'><strong>teneatur</strong></span> <span class='ocrx_word' id='word_1_417' title='bbox 3879 1204 3970 1248; x_wconf 87' lang='lat' dir='ltr'><strong>ce-</strong></span> 
     </span>
     <span class='ocr_line' id='line_1_59' title="bbox 2424 1264 3963 1359; baseline 0.008 -33"><span class='ocrx_word' id='word_1_418' title='bbox 2424 1264 2660 1327; x_wconf 90' lang='lat' dir='ltr'><strong>lebrare</strong></span> <span class='ocrx_word' id='word_1_419' title='bbox 2683 1286 2788 1346; x_wconf 90' lang='lat' dir='ltr'><strong>per</strong></span> <span class='ocrx_word' id='word_1_420' title='bbox 2812 1267 3074 1349; x_wconf 90' lang='lat' dir='ltr'><strong>seipsum</strong></span> <span class='ocrx_word' id='word_1_421' title='bbox 3098 1313 3117 1341; x_wconf 82' lang='lat'>‚</span> <span class='ocrx_word' id='word_1_422' title='bbox 3152 1270 3280 1332; x_wconf 83' lang='lat' dir='ltr'><strong>sive</strong></span> <span class='ocrx_word' id='word_1_423' title='bbox 3306 1272 3491 1351; x_wconf 86' lang='lat' dir='ltr'><strong>possit</strong></span> <span class='ocrx_word' id='word_1_424' title='bbox 3516 1273 3823 1338; x_wconf 89' lang='lat' dir='ltr'><strong>celebrare</strong></span> <span class='ocrx_word' id='word_1_425' title='bbox 3854 1297 3963 1359; x_wconf 86' lang='lat' dir='ltr'><strong>per</strong></span> 
     </span>
     <span class='ocr_line' id='line_1_60' title="bbox 2419 1359 3972 1447; baseline 0.008 -25"><span class='ocrx_word' id='word_1_426' title='bbox 2419 1360 2611 1422; x_wconf 89' lang='lat' dir='ltr'><strong>alium</strong></span> <span class='ocrx_word' id='word_1_427' title='bbox 2636 1406 2653 1433; x_wconf 84' lang='lat'><strong><em>‚</em></strong></span> <span class='ocrx_word' id='word_1_428' title='bbox 2683 1359 3010 1441; x_wconf 76' lang='lat' dir='ltr'><strong>Lampersz.</strong></span> <span class='ocrx_word' id='word_1_429' title='bbox 3041 1364 3119 1426; x_wconf 80' lang='lat' dir='ltr'><strong>ad</strong></span> <span class='ocrx_word' id='word_1_430' title='bbox 3158 1363 3396 1427; x_wconf 78' lang='lat' dir='ltr'><strong>Baltam</strong></span> <span class='ocrx_word' id='word_1_431' title='bbox 3437 1366 3827 1447; x_wconf 74' lang='lat' dir='ltr'><strong>Speculatores</strong></span> <span class='ocrx_word' id='word_1_432' title='bbox 3855 1393 3972 1434; x_wconf 77' lang='lat' dir='ltr'><strong>nu-</strong></span> 
     </span>
     <span class='ocr_line' id='line_1_61' title="bbox 2422 1454 3962 1544; baseline 0.008 -30"><span class='ocrx_word' id='word_1_433' title='bbox 2422 1473 2559 1514; x_wconf 77' lang='lat' dir='ltr'><strong>mer.</strong></span> <span class='ocrx_word' id='word_1_434' title='bbox 2601 1454 2737 1516; x_wconf 86' lang='grc'><strong>366.</strong></span> <span class='ocrx_word' id='word_1_435' title='bbox 2769 1455 3045 1518; x_wconf 76' lang='lat' dir='ltr'><strong>Morenas</strong></span> <span class='ocrx_word' id='word_1_436' title='bbox 3070 1458 3148 1519; x_wconf 81' lang='lat' dir='ltr'><strong>ad</strong></span> <span class='ocrx_word' id='word_1_437' title='bbox 3172 1459 3399 1519; x_wconf 72' lang='lat' dir='ltr'><strong>candem</strong></span> <span class='ocrx_word' id='word_1_438' title='bbox 3434 1460 3672 1523; x_wconf 79' lang='lat' dir='ltr'><strong>Ballam</strong></span> <span class='ocrx_word' id='word_1_439' title='bbox 3695 1475 3817 1544; x_wconf 84' lang='lat' dir='ltr'><strong>post</strong></span> <span class='ocrx_word' id='word_1_440' title='bbox 3854 1467 3962 1527; x_wconf 77' lang='lat' dir='ltr'><strong>dn-</strong></span> 
     </span>
     <span class='ocr_line' id='line_1_62' title="bbox 2421 1549 3970 1637; baseline 0.01 -30"><span class='ocrx_word' id='word_1_441' title='bbox 2421 1549 2576 1608; x_wconf 75' lang='lat' dir='ltr'><strong>bium</strong></span> <span class='ocrx_word' id='word_1_442' title='bbox 2595 1555 2653 1609; x_wconf 90' lang='lat'><strong>5.</strong></span> <span class='ocrx_word' id='word_1_443' title='bbox 2670 1569 2830 1609; x_wconf 78' lang='lat' dir='ltr'><strong>num.</strong></span> <span class='ocrx_word' id='word_1_444' title='bbox 2848 1553 2946 1611; x_wconf 69' lang='grc'><strong>40.</strong></span> <span class='ocrx_word' id='word_1_445' title='bbox 2961 1558 3023 1612; x_wconf 93' lang='lat' dir='ltr'><strong>et</strong></span> <span class='ocrx_word' id='word_1_446' title='bbox 3038 1552 3192 1613; x_wconf 89' lang='lat' dir='ltr'><strong>bene</strong></span> <span class='ocrx_word' id='word_1_447' title='bbox 3210 1552 3441 1615; x_wconf 81' lang='lat' dir='ltr'><strong>faciunt</strong></span> <span class='ocrx_word' id='word_1_448' title='bbox 3459 1555 3711 1619; x_wconf 89' lang='lat' dir='ltr'><strong>deducta</strong></span> <span class='ocrx_word' id='word_1_449' title='bbox 3731 1577 3838 1637; x_wconf 88' lang='lat' dir='ltr'><strong>per</strong></span> <span class='ocrx_word' id='word_1_450' title='bbox 3861 1560 3970 1622; x_wconf 83' lang='lat' dir='ltr'><strong>Ro·</strong></span> 
     </span>
     <span class='ocr_line' id='line_1_63' title="bbox 2420 1645 3968 1734; baseline 0.008 -32"><span class='ocrx_word' id='word_1_451' title='bbox 2420 1653 2536 1703; x_wconf 86' lang='lat' dir='ltr'><strong>tam</strong></span> <span class='ocrx_word' id='word_1_452' title='bbox 2557 1645 2720 1705; x_wconf 72' lang='lat' dir='ltr'><strong>decis.</strong></span> <span class='ocrx_word' id='word_1_453' title='bbox 2745 1649 2882 1705; x_wconf 87' lang='grc'><strong>587.</strong></span> <span class='ocrx_word' id='word_1_454' title='bbox 2910 1665 3067 1705; x_wconf 76' lang='lat' dir='ltr'><strong>nam.</strong></span> <span class='ocrx_word' id='word_1_455' title='bbox 3094 1651 3155 1707; x_wconf 90' lang='lat'><strong>8.</strong></span> <span class='ocrx_word' id='word_1_456' title='bbox 3178 1658 3227 1706; x_wconf 80' lang='lat' dir='ltr'><strong>et</strong></span> <span class='ocrx_word' id='word_1_457' title='bbox 3250 1650 3314 1706; x_wconf 84' lang='lat' dir='ltr'><strong>in</strong></span> <span class='ocrx_word' id='word_1_458' title='bbox 3333 1648 3498 1711; x_wconf 75' lang='lat' dir='ltr'><strong>decis.</strong></span> <span class='ocrx_word' id='word_1_459' title='bbox 3523 1655 3662 1713; x_wconf 89' lang='lat'><strong>808.</strong></span> <span class='ocrx_word' id='word_1_460' title='bbox 3688 1672 3846 1713; x_wconf 76' lang='lat' dir='ltr'><strong>nam.</strong></span> <span class='ocrx_word' id='word_1_461' title='bbox 3865 1674 3968 1734; x_wconf 83' lang='lat' dir='ltr'><strong>pa·</strong></span> 
     </span>
     <span class='ocr_line' id='line_1_64' title="bbox 2417 1737 3951 1824; baseline 0.008 -30"><span class='ocrx_word' id='word_1_462' title='bbox 2417 1737 2558 1795; x_wconf 80' lang='lat' dir='ltr'><strong>riter</strong></span> <span class='ocrx_word' id='word_1_463' title='bbox 2578 1741 2637 1797; x_wconf 90' lang='lat'><strong>8.</strong></span> <span class='ocrx_word' id='word_1_464' title='bbox 2668 1756 2857 1798; x_wconf 88' lang='lat' dir='ltr'><strong>coram</strong></span> <span class='ocrx_word' id='word_1_465' title='bbox 2877 1737 3157 1806; x_wconf 67' lang='lat' dir='ltr'><strong>Mer-lino.-</strong></span> <span class='ocrx_word' id='word_1_466' title='bbox 3179 1739 3403 1820; x_wconf 90' lang='lat' dir='ltr'><strong>optime</strong></span> <span class='ocrx_word' id='word_1_467' title='bbox 3423 1740 3718 1822; x_wconf 74' lang='lat' dir='ltr'><strong>Noqaeira</strong></span> <span class='ocrx_word' id='word_1_468' title='bbox 3737 1756 3951 1824; x_wconf 73' lang='lat' dir='ltr'><strong>quaest.</strong></span> 
     </span>
     <span class='ocr_line' id='line_1_65' title="bbox 2415 1829 3958 1916; baseline 0.008 -27"><span class='ocrx_word' id='word_1_469' title='bbox 2415 1829 2699 1907; x_wconf 75' lang='lat' dir='ltr'><strong>sinqalar.</strong></span> <span class='ocrx_word' id='word_1_470' title='bbox 2734 1831 3008 1911; x_wconf 74' lang='lat' dir='ltr'><strong>disputat.</strong></span> <span class='ocrx_word' id='word_1_471' title='bbox 3034 1835 3090 1892; x_wconf 90' lang='lat'><strong>1.</strong></span> <span class='ocrx_word' id='word_1_472' title='bbox 3121 1833 3187 1893; x_wconf 78' lang='lat' dir='ltr'><strong>ds</strong></span> <span class='ocrx_word' id='word_1_473' title='bbox 3215 1832 3574 1897; x_wconf 65' lang='lat' dir='ltr'><strong>sacrament.</strong></span> <span class='ocrx_word' id='word_1_474' title='bbox 3606 1849 3822 1916; x_wconf 75' lang='lat' dir='ltr'><strong>quaest.</strong></span> <span class='ocrx_word' id='word_1_475' title='bbox 3856 1844 3958 1901; x_wconf 87' lang='grc'><strong>26.</strong></span> 
     </span>
     <span class='ocr_line' id='line_1_66' title="bbox 2417 1923 3972 2011; baseline 0.01 -30"><span class='ocrx_word' id='word_1_476' title='bbox 2417 1942 2575 1981; x_wconf 76' lang='lat' dir='ltr'><strong>nam.</strong></span> <span class='ocrx_word' id='word_1_477' title='bbox 2616 1928 2674 1984; x_wconf 91' lang='grc'><strong>3.</strong></span> <span class='ocrx_word' id='word_1_478' title='bbox 2709 1923 2818 1985; x_wconf 90' lang='lat' dir='ltr'><strong>ibi:</strong></span> <span class='ocrx_word' id='word_1_479' title='bbox 2844 1944 2919 1985; x_wconf 80' lang='lat' dir='ltr'><strong>ea:</strong></span> <span class='ocrx_word' id='word_1_480' title='bbox 2941 1945 3001 1984; x_wconf 79' lang='lat' dir='ltr'><strong>co</strong></span> <span class='ocrx_word' id='word_1_481' title='bbox 3024 1974 3040 1996; x_wconf 89' lang='lat'><em>,</em></span> <span class='ocrx_word' id='word_1_482' title='bbox 3076 1928 3224 2004; x_wconf 74' lang='lat' dir='ltr'><strong>quod</strong></span> <span class='ocrx_word' id='word_1_483' title='bbox 3260 1925 3580 1989; x_wconf 77' lang='lat' dir='ltr'><strong>ordinatus</strong></span> <span class='ocrx_word' id='word_1_484' title='bbox 3602 1952 3706 2011; x_wconf 76' lang='lat' dir='ltr'><strong>per</strong></span> <span class='ocrx_word' id='word_1_485' title='bbox 3749 1953 3805 1994; x_wconf 78' lang='lat' dir='ltr'><strong>ss</strong></span> <span class='ocrx_word' id='word_1_486' title='bbox 3827 1980 3845 2007; x_wconf 90' lang='lat'><strong>,</strong></span> <span class='ocrx_word' id='word_1_487' title='bbox 3885 1938 3972 1997; x_wconf 74' lang='lat' dir='ltr'><strong>vol</strong></span> 
     </span>
     <span class='ocr_line' id='line_1_67' title="bbox 2415 2019 3965 2100; baseline 0.01 -26"><span class='ocrx_word' id='word_1_488' title='bbox 2415 2036 2516 2096; x_wconf 82' lang='lat' dir='ltr'><strong>per</strong></span> <span class='ocrx_word' id='word_1_489' title='bbox 2543 2019 2730 2076; x_wconf 78' lang='lat' dir='ltr'><strong>alium</strong></span> <span class='ocrx_word' id='word_1_490' title='bbox 2758 2019 2834 2078; x_wconf 86' lang='lat' dir='ltr'><strong>ad</strong></span> <span class='ocrx_word' id='word_1_491' title='bbox 2859 2020 2922 2079; x_wconf 82' lang='lat' dir='ltr'><strong>id</strong></span> <span class='ocrx_word' id='word_1_492' title='bbox 2944 2038 3083 2079; x_wconf 79' lang='lat' dir='ltr'><strong>onus</strong></span> <span class='ocrx_word' id='word_1_493' title='bbox 3107 2020 3427 2082; x_wconf 75' lang='lat' dir='ltr'><strong>Missurum</strong></span> <span class='ocrx_word' id='word_1_494' title='bbox 3457 2037 3713 2086; x_wconf 68' lang='lat' dir='ltr'><strong>teneatur</strong></span> <span class='ocrx_word' id='word_1_495' title='bbox 3739 2073 3757 2100; x_wconf 85' lang='lat'>,</span> <span class='ocrx_word' id='word_1_496' title='bbox 3789 2029 3965 2089; x_wconf 85' lang='lat' dir='ltr'><strong>dimi-</strong></span> 
     </span>
     <span class='ocr_line' id='line_1_68' title="bbox 2416 2113 3967 2195; baseline 0.011 -28"><span class='ocrx_word' id='word_1_497' title='bbox 2416 2113 2704 2169; x_wconf 71' lang='lat' dir='ltr'><strong>nutionem</strong></span> <span class='ocrx_word' id='word_1_498' title='bbox 2728 2131 2842 2171; x_wconf 78' lang='lat' dir='ltr'><strong>non</strong></span> <span class='ocrx_word' id='word_1_499' title='bbox 2861 2116 3087 2192; x_wconf 79' lang='lat' dir='ltr'><strong>patitur</strong></span> <span class='ocrx_word' id='word_1_500' title='bbox 3105 2116 3169 2173; x_wconf 84' lang='lat' dir='ltr'><strong>in</strong></span> <span class='ocrx_word' id='word_1_501' title='bbox 3192 2118 3530 2195; x_wconf 78' lang='lat' dir='ltr'><strong>patrimonii</strong></span> <span class='ocrx_word' id='word_1_502' title='bbox 3558 2121 3857 2194; x_wconf 74' lang='lat' dir='ltr'><strong>reditibus,</strong></span> <span class='ocrx_word' id='word_1_503' title='bbox 3888 2127 3967 2184; x_wconf 83' lang='lat' dir='ltr'><strong>si·</strong></span> 
     </span>
     <span class='ocr_line' id='line_1_69' title="bbox 2417 2205 3963 2296; baseline 0.01 -34"><span class='ocrx_word' id='word_1_504' title='bbox 2417 2206 2537 2263; x_wconf 78' lang='lat' dir='ltr'><strong>cuti</strong></span> <span class='ocrx_word' id='word_1_505' title='bbox 2568 2206 2735 2266; x_wconf 80' lang='lat' dir='ltr'><strong>illam</strong></span> <span class='ocrx_word' id='word_1_506' title='bbox 2760 2225 2873 2265; x_wconf 80' lang='lat' dir='ltr'><strong>non</strong></span> <span class='ocrx_word' id='word_1_507' title='bbox 2895 2207 3055 2267; x_wconf 76' lang='lat' dir='ltr'><strong>habet</strong></span> <span class='ocrx_word' id='word_1_508' title='bbox 3087 2205 3410 2270; x_wconf 78' lang='lat' dir='ltr'><strong>Ordinatas</strong></span> <span class='ocrx_word' id='word_1_509' title='bbox 3440 2211 3517 2270; x_wconf 80' lang='lat' dir='ltr'><strong>ad</strong></span> <span class='ocrx_word' id='word_1_510' title='bbox 3541 2215 3773 2275; x_wconf 78' lang='lat' dir='ltr'><strong>titulum</strong></span> <span class='ocrx_word' id='word_1_511' title='bbox 3805 2215 3963 2296; x_wconf 82' lang='lat' dir='ltr'><strong>Cap·</strong></span> 
     </span>
     <span class='ocr_line' id='line_1_70' title="bbox 2415 2299 3964 2388; baseline 0.01 -31"><span class='ocrx_word' id='word_1_512' title='bbox 2415 2299 2696 2376; x_wconf 72' lang='lat' dir='ltr'><strong>pellonias</strong></span> <span class='ocrx_word' id='word_1_513' title='bbox 2721 2309 3016 2380; x_wconf 75' lang='lat' dir='ltr'><strong>perpetuas</strong></span> <span class='ocrx_word' id='word_1_514' title='bbox 3036 2346 3054 2374; x_wconf 89' lang='lat'><strong>,</strong></span> <span class='ocrx_word' id='word_1_515' title='bbox 3084 2322 3211 2363; x_wconf 75' lang='lat' dir='ltr'><strong>cum</strong></span> <span class='ocrx_word' id='word_1_516' title='bbox 3253 2305 3590 2383; x_wconf 65' lang='lat' dir='ltr'><strong>obligations</strong></span> <span class='ocrx_word' id='word_1_517' title='bbox 3615 2327 3715 2388; x_wconf 74' lang='lat' dir='ltr'><strong>por</strong></span> <span class='ocrx_word' id='word_1_518' title='bbox 3746 2328 3802 2370; x_wconf 80' lang='lat' dir='ltr'><strong>ss</strong></span> <span class='ocrx_word' id='word_1_519' title='bbox 3823 2354 3842 2384; x_wconf 92' lang='lat'><strong>‚</strong></span> <span class='ocrx_word' id='word_1_520' title='bbox 3872 2314 3964 2373; x_wconf 75' lang='lat' dir='ltr'><strong>vol</strong></span> 
     </span>
     <span class='ocr_line' id='line_1_71' title="bbox 2411 2394 3372 2471; baseline 0.006 -20"><span class='ocrx_word' id='word_1_521' title='bbox 2411 2410 2514 2471; x_wconf 75' lang='lat' dir='ltr'><strong>per</strong></span> <span class='ocrx_word' id='word_1_522' title='bbox 2532 2394 2716 2452; x_wconf 77' lang='lat' dir='ltr'><strong>aliam</strong></span> <span class='ocrx_word' id='word_1_523' title='bbox 2742 2394 2990 2471; x_wconf 76' lang='lat' dir='ltr'><strong>quotidie</strong></span> <span class='ocrx_word' id='word_1_524' title='bbox 3015 2396 3372 2457; x_wconf 76' lang='lat' dir='ltr'><strong>celebrandi.</strong></span> 
     </span>
    </p>

    <p class='ocr_par' dir='ltr' id='par_1_11' title="bbox 2416 2486 3965 2953">
     <span class='ocr_line' id='line_1_72' title="bbox 2535 2486 3956 2574; baseline 0.008 -28"><span class='ocrx_word' id='word_1_525' title='bbox 2535 2486 2873 2548; x_wconf 91' lang='lat' dir='ltr'><strong>Secundum</strong></span> <span class='ocrx_word' id='word_1_526' title='bbox 2903 2496 3032 2559; x_wconf 88' lang='lat' dir='ltr'><strong>est,</strong></span> <span class='ocrx_word' id='word_1_527' title='bbox 3061 2490 3224 2569; x_wconf 90' lang='lat' dir='ltr'><strong>quod</strong></span> <span class='ocrx_word' id='word_1_528' title='bbox 3252 2490 3300 2551; x_wconf 89' lang='lat' dir='ltr'><strong>si</strong></span> <span class='ocrx_word' id='word_1_529' title='bbox 3337 2499 3582 2571; x_wconf 89' lang='lat' dir='ltr'><strong>propter</strong></span> <span class='ocrx_word' id='word_1_530' title='bbox 3608 2494 3956 2574; x_wconf 86' lang='lat' dir='ltr'><strong>possibilem</strong></span> 
     </span>
     <span class='ocr_line' id='line_1_73' title="bbox 2417 2579 3963 2668; baseline 0.008 -28"><span class='ocrx_word' id='word_1_531' title='bbox 2417 2579 2858 2642; x_wconf 86' lang='lat' dir='ltr'><strong>mendicitatem</strong></span> <span class='ocrx_word' id='word_1_532' title='bbox 2885 2599 2922 2643; x_wconf 91' lang='lat' dir='ltr'><strong>a</strong></span> <span class='ocrx_word' id='word_1_533' title='bbox 2949 2582 3218 2661; x_wconf 85' lang='lat' dir='ltr'><strong>possibili</strong></span> <span class='ocrx_word' id='word_1_534' title='bbox 3250 2584 3430 2667; x_wconf 84' lang='lat' dir='ltr'><strong>longa</strong></span> <span class='ocrx_word' id='word_1_535' title='bbox 3457 2588 3836 2668; x_wconf 84' lang='lat' dir='ltr'><strong>aegritudine</strong></span> <span class='ocrx_word' id='word_1_536' title='bbox 3856 2590 3963 2653; x_wconf 90' lang='lat' dir='ltr'><strong>de-</strong></span> 
     </span>
     <span class='ocr_line' id='line_1_74' title="bbox 2418 2671 3963 2759; baseline 0.008 -27"><span class='ocrx_word' id='word_1_537' title='bbox 2418 2671 2782 2747; x_wconf 80' lang='lat' dir='ltr'><strong>rivaturam,</strong></span> <span class='ocrx_word' id='word_1_538' title='bbox 2808 2673 3174 2738; x_wconf 87' lang='lat' dir='ltr'><strong>detrahenda</strong></span> <span class='ocrx_word' id='word_1_539' title='bbox 3209 2686 3351 2739; x_wconf 90' lang='lat' dir='ltr'><strong>sunt</strong></span> <span class='ocrx_word' id='word_1_540' title='bbox 3377 2698 3561 2742; x_wconf 89' lang='lat' dir='ltr'><strong>onera</strong></span> <span class='ocrx_word' id='word_1_541' title='bbox 3596 2681 3915 2744; x_wconf 83' lang='lat' dir='ltr'><strong>Missamm</strong></span> <span class='ocrx_word' id='word_1_542' title='bbox 3941 2730 3963 2759; x_wconf 84' lang='lat'><strong>,</strong></span> 
     </span>
     <span class='ocr_line' id='line_1_75' title="bbox 2416 2767 3963 2854; baseline 0.009 -28"><span class='ocrx_word' id='word_1_543' title='bbox 2416 2768 2660 2847; x_wconf 91' lang='lat' dir='ltr'><strong>quando</strong></span> <span class='ocrx_word' id='word_1_544' title='bbox 2677 2767 3073 2831; x_wconf 88' lang='lat' dir='ltr'><strong>Beneficiatus</strong></span> <span class='ocrx_word' id='word_1_545' title='bbox 3093 2777 3282 2850; x_wconf 86' lang='lat' dir='ltr'><strong>potest</strong></span> <span class='ocrx_word' id='word_1_546' title='bbox 3300 2792 3408 2852; x_wconf 90' lang='lat' dir='ltr'><strong>per</strong></span> <span class='ocrx_word' id='word_1_547' title='bbox 3425 2773 3613 2835; x_wconf 91' lang='lat' dir='ltr'><strong>alium</strong></span> <span class='ocrx_word' id='word_1_548' title='bbox 3635 2775 3963 2854; x_wconf 85' lang='lat' dir='ltr'><strong>celebrare,</strong></span> 
     </span>
     <span class='ocr_line' id='line_1_76' title="bbox 2416 2862 3965 2953; baseline 0.01 -32"><span class='ocrx_word' id='word_1_549' title='bbox 2416 2871 2660 2942; x_wconf 88' lang='lat' dir='ltr'><strong>propter</strong></span> <span class='ocrx_word' id='word_1_550' title='bbox 2687 2862 3032 2943; x_wconf 86' lang='lat' dir='ltr'><strong>possibilem</strong></span> <span class='ocrx_word' id='word_1_551' title='bbox 3059 2865 3242 2926; x_wconf 88' lang='lat' dir='ltr'><strong>etiam</strong></span> <span class='ocrx_word' id='word_1_552' title='bbox 3271 2867 3719 2932; x_wconf 86' lang='lat' dir='ltr'><strong>mendicitatem</strong></span> <span class='ocrx_word' id='word_1_553' title='bbox 3744 2918 3761 2945; x_wconf 86' lang='lat'><strong>,</strong></span> <span class='ocrx_word' id='word_1_554' title='bbox 3805 2891 3965 2953; x_wconf 89' lang='lat' dir='ltr'><strong>quae</strong></span> 
     </span>
    </p>
   </div>
   <div class='ocr_carea' id='block_1_9' title="bbox 2319 2955 3963 3047">
    <p class='ocr_par' dir='ltr' id='par_1_12' title="bbox 2319 2955 3963 3047">
     <span class='ocr_line' id='line_1_77' title="bbox 2319 2955 3963 3047; baseline 0.01 -32"><span class='ocrx_word' id='word_1_555' title='bbox 2319 2973 2324 2980; x_wconf 90' lang='lat'><strong>·</strong></span> <span class='ocrx_word' id='word_1_556' title='bbox 2417 2955 2693 3017; x_wconf 86' lang='lat' dir='ltr'><strong>derivare</strong></span> <span class='ocrx_word' id='word_1_557' title='bbox 2711 2965 2923 3036; x_wconf 86' lang='lat' dir='ltr'><strong>potest,</strong></span> <span class='ocrx_word' id='word_1_558' title='bbox 2950 2957 3046 3018; x_wconf 81' lang='lat' dir='ltr'><strong>vel</strong></span> <span class='ocrx_word' id='word_1_559' title='bbox 3070 2977 3147 3019; x_wconf 84' lang='lat' dir='ltr'><strong>ex</strong></span> <span class='ocrx_word' id='word_1_560' title='bbox 3164 2958 3416 3021; x_wconf 87' lang='lat' dir='ltr'><strong>flumine</strong></span> <span class='ocrx_word' id='word_1_561' title='bbox 3439 2964 3554 3023; x_wconf 88' lang='lat' dir='ltr'><strong>sito</strong></span> <span class='ocrx_word' id='word_1_562' title='bbox 3579 2983 3768 3047; x_wconf 89' lang='lat' dir='ltr'><strong>prope</strong></span> <span class='ocrx_word' id='word_1_563' title='bbox 3788 2968 3963 3030; x_wconf 87' lang='lat' dir='ltr'><strong>Prae-</strong></span> 
     </span>
    </p>
   </div>
   <div class='ocr_carea' id='block_1_10' title="bbox 2410 3048 3965 5492">
    <p class='ocr_par' dir='ltr' id='par_1_13' title="bbox 2410 3048 3965 5492">
     <span class='ocr_line' id='line_1_78' title="bbox 2418 3048 3962 3136; baseline 0.01 -27"><span class='ocrx_word' id='word_1_564' title='bbox 2418 3048 2587 3110; x_wconf 90' lang='lat' dir='ltr'><strong>dium</strong></span> <span class='ocrx_word' id='word_1_565' title='bbox 2622 3049 2902 3112; x_wconf 87' lang='lat' dir='ltr'><strong>Beneficii</strong></span> <span class='ocrx_word' id='word_1_566' title='bbox 2928 3095 2946 3123; x_wconf 87' lang='lat'><strong>,</strong></span> <span class='ocrx_word' id='word_1_567' title='bbox 2982 3050 3076 3113; x_wconf 79' lang='lat' dir='ltr'><strong>vel</strong></span> <span class='ocrx_word' id='word_1_568' title='bbox 3110 3068 3187 3112; x_wconf 80' lang='lat' dir='ltr'><strong>ex</strong></span> <span class='ocrx_word' id='word_1_569' title='bbox 3207 3052 3348 3114; x_wconf 82' lang='lat' dir='ltr'><strong>nive</strong></span> <span class='ocrx_word' id='word_1_570' title='bbox 3379 3101 3397 3125; x_wconf 87' lang='lat'><em>,</em></span> <span class='ocrx_word' id='word_1_571' title='bbox 3428 3054 3619 3136; x_wconf 84' lang='lat' dir='ltr'><strong>glacie</strong></span> <span class='ocrx_word' id='word_1_572' title='bbox 3641 3103 3660 3131; x_wconf 87' lang='lat'><strong>,</strong></span> <span class='ocrx_word' id='word_1_573' title='bbox 3707 3070 3815 3123; x_wconf 90' lang='lat' dir='ltr'><strong>aut</strong></span> <span class='ocrx_word' id='word_1_574' title='bbox 3846 3063 3962 3123; x_wconf 80' lang='lat' dir='ltr'><strong>im—</strong></span> 
     </span>
     <span class='ocr_line' id='line_1_79' title="bbox 2418 3142 3951 3237; baseline 0.011 -33"><span class='ocrx_word' id='word_1_575' title='bbox 2418 3142 2528 3205; x_wconf 91' lang='lat' dir='ltr'><strong>bre</strong></span> <span class='ocrx_word' id='word_1_576' title='bbox 2551 3191 2570 3216; x_wconf 82' lang='lat'><em>,</em></span> <span class='ocrx_word' id='word_1_577' title='bbox 2602 3143 2706 3223; x_wconf 89' lang='lat' dir='ltr'><strong>qui</strong></span> <span class='ocrx_word' id='word_1_578' title='bbox 2736 3142 2967 3207; x_wconf 72' lang='lat' dir='ltr'><strong>sumtus</strong></span> <span class='ocrx_word' id='word_1_579' title='bbox 2993 3144 3273 3208; x_wconf 82' lang='lat' dir='ltr'><strong>auferant</strong></span> <span class='ocrx_word' id='word_1_580' title='bbox 3294 3148 3600 3226; x_wconf 86' lang='lat' dir='ltr'><strong>Beneficii,</strong></span> <span class='ocrx_word' id='word_1_581' title='bbox 3628 3173 3748 3217; x_wconf 91' lang='lat' dir='ltr'><strong>non</strong></span> <span class='ocrx_word' id='word_1_582' title='bbox 3777 3168 3951 3237; x_wconf 84' lang='lat' dir='ltr'><strong>pote-</strong></span> 
     </span>
     <span class='ocr_line' id='line_1_80' title="bbox 2415 3236 3962 3321; baseline 0.011 -24"><span class='ocrx_word' id='word_1_583' title='bbox 2415 3236 2499 3299; x_wconf 86' lang='lat' dir='ltr'><strong>rit</strong></span> <span class='ocrx_word' id='word_1_584' title='bbox 2518 3237 2779 3317; x_wconf 91' lang='lat' dir='ltr'><strong>amplius</strong></span> <span class='ocrx_word' id='word_1_585' title='bbox 2798 3238 2936 3319; x_wconf 89' lang='lat' dir='ltr'><strong>quis</strong></span> <span class='ocrx_word' id='word_1_586' title='bbox 2956 3239 3030 3301; x_wconf 91' lang='lat' dir='ltr'><strong>ad</strong></span> <span class='ocrx_word' id='word_1_587' title='bbox 3059 3241 3189 3321; x_wconf 88' lang='lat' dir='ltr'><strong>ejus</strong></span> <span class='ocrx_word' id='word_1_588' title='bbox 3214 3241 3459 3304; x_wconf 92' lang='lat' dir='ltr'><strong>titulum</strong></span> <span class='ocrx_word' id='word_1_589' title='bbox 3481 3245 3790 3321; x_wconf 84' lang='lat' dir='ltr'><strong>ordinari,</strong></span> <span class='ocrx_word' id='word_1_590' title='bbox 3822 3251 3962 3315; x_wconf 89' lang='lat' dir='ltr'><strong>licet</strong></span> 
     </span>
     <span class='ocr_line' id='line_1_81' title="bbox 2417 3330 3958 3420; baseline 0.01 -29"><span class='ocrx_word' id='word_1_591' title='bbox 2417 3331 2644 3392; x_wconf 88' lang='lat' dir='ltr'><strong>reditus</strong></span> <span class='ocrx_word' id='word_1_592' title='bbox 2672 3330 2857 3392; x_wconf 89' lang='lat' dir='ltr'><strong>nullis</strong></span> <span class='ocrx_word' id='word_1_593' title='bbox 2895 3332 3017 3394; x_wconf 90' lang='lat' dir='ltr'><strong>sint</strong></span> <span class='ocrx_word' id='word_1_594' title='bbox 3040 3333 3234 3397; x_wconf 84' lang='lat' dir='ltr'><strong>affecti</strong></span> <span class='ocrx_word' id='word_1_595' title='bbox 3269 3338 3556 3400; x_wconf 85' lang='lat' dir='ltr'><strong>oneribus</strong></span> <span class='ocrx_word' id='word_1_596' title='bbox 3597 3342 3915 3405; x_wconf 87' lang='lat' dir='ltr'><strong>Missarum</strong></span> <span class='ocrx_word' id='word_1_597' title='bbox 3939 3392 3958 3420; x_wconf 88' lang='lat'><strong>,</strong></span> 
     </span>
     <span class='ocr_line' id='line_1_82' title="bbox 2417 3425 3958 3514; baseline 0.01 -28"><span class='ocrx_word' id='word_1_598' title='bbox 2417 3435 2478 3487; x_wconf 89' lang='lat' dir='ltr'><strong>et</strong></span> <span class='ocrx_word' id='word_1_599' title='bbox 2496 3425 2820 3486; x_wconf 89' lang='lat' dir='ltr'><strong>ascendant</strong></span> <span class='ocrx_word' id='word_1_600' title='bbox 2836 3426 2913 3487; x_wconf 90' lang='lat' dir='ltr'><strong>ad</strong></span> <span class='ocrx_word' id='word_1_601' title='bbox 2935 3446 3233 3490; x_wconf 90' lang='lat' dir='ltr'><strong>summam</strong></span> <span class='ocrx_word' id='word_1_602' title='bbox 3255 3449 3291 3490; x_wconf 89' lang='lat' dir='ltr'><strong>a</strong></span> <span class='ocrx_word' id='word_1_603' title='bbox 3311 3430 3552 3512; x_wconf 83' lang='lat' dir='ltr'><strong>Synodo</strong></span> <span class='ocrx_word' id='word_1_604' title='bbox 3569 3434 3958 3514; x_wconf 87' lang='lat' dir='ltr'><strong>Dioecesana,</strong></span> 
     </span>
     <span class='ocr_line' id='line_1_83' title="bbox 2417 3518 3950 3598; baseline 0.008 -18"><span class='ocrx_word' id='word_1_605' title='bbox 2417 3518 2512 3580; x_wconf 77' lang='lat' dir='ltr'><strong>vel</strong></span> <span class='ocrx_word' id='word_1_606' title='bbox 2537 3537 2573 3581; x_wconf 91' lang='lat' dir='ltr'><strong>a</strong></span> <span class='ocrx_word' id='word_1_607' title='bbox 2603 3519 2785 3580; x_wconf 86' lang='lat' dir='ltr'><strong>moris</strong></span> <span class='ocrx_word' id='word_1_608' title='bbox 2825 3522 3255 3584; x_wconf 91' lang='lat' dir='ltr'><strong>consuetudine</strong></span> <span class='ocrx_word' id='word_1_609' title='bbox 3282 3532 3563 3587; x_wconf 88' lang='lat' dir='ltr'><strong>statutam</strong></span> <span class='ocrx_word' id='word_1_610' title='bbox 3586 3572 3602 3598; x_wconf 89' lang='lat'>,</span> <span class='ocrx_word' id='word_1_611' title='bbox 3636 3528 3749 3589; x_wconf 87' lang='lat' dir='ltr'><strong>nisi</strong></span> <span class='ocrx_word' id='word_1_612' title='bbox 3780 3550 3950 3594; x_wconf 87' lang='lat' dir='ltr'><strong>acce·</strong></span> 
     </span>
     <span class='ocr_line' id='line_1_84' title="bbox 2417 3612 3959 3697; baseline 0.01 -23"><span class='ocrx_word' id='word_1_613' title='bbox 2417 3613 2522 3674; x_wconf 89' lang='lat' dir='ltr'><strong>dat</strong></span> <span class='ocrx_word' id='word_1_614' title='bbox 2563 3613 2779 3676; x_wconf 89' lang='lat' dir='ltr'><strong>idonea</strong></span> <span class='ocrx_word' id='word_1_615' title='bbox 2817 3612 3120 3695; x_wconf 86' lang='lat' dir='ltr'><strong>fidejussio</strong></span> <span class='ocrx_word' id='word_1_616' title='bbox 3148 3635 3258 3695; x_wconf 89' lang='lat' dir='ltr'><strong>pro</strong></span> <span class='ocrx_word' id='word_1_617' title='bbox 3284 3617 3696 3697; x_wconf 89' lang='lat' dir='ltr'><strong>supplemento</strong></span> <span class='ocrx_word' id='word_1_618' title='bbox 3723 3622 3787 3684; x_wconf 92' lang='lat' dir='ltr'><strong>in</strong></span> <span class='ocrx_word' id='word_1_619' title='bbox 3816 3644 3959 3689; x_wconf 85' lang='lat' dir='ltr'><strong>casu</strong></span> 
     </span>
     <span class='ocr_line' id='line_1_85' title="bbox 2417 3706 3962 3792; baseline 0.01 -26"><span class='ocrx_word' id='word_1_620' title='bbox 2417 3706 2734 3769; x_wconf 83' lang='lat' dir='ltr'><strong>infortunii</strong></span> <span class='ocrx_word' id='word_1_621' title='bbox 2759 3752 2777 3779; x_wconf 87' lang='lat'>,</span> <span class='ocrx_word' id='word_1_622' title='bbox 2805 3707 2899 3768; x_wconf 77' lang='lat' dir='ltr'><strong>vel</strong></span> <span class='ocrx_word' id='word_1_623' title='bbox 2927 3707 3044 3770; x_wconf 86' lang='lat' dir='ltr'><strong>alia</strong></span> <span class='ocrx_word' id='word_1_624' title='bbox 3069 3711 3452 3792; x_wconf 83' lang='lat' dir='ltr'><strong>assignentur</strong></span> <span class='ocrx_word' id='word_1_625' title='bbox 3476 3713 3631 3776; x_wconf 90' lang='lat' dir='ltr'><strong>bona</strong></span> <span class='ocrx_word' id='word_1_626' title='bbox 3664 3716 3727 3777; x_wconf 92' lang='lat' dir='ltr'><strong>in</strong></span> <span class='ocrx_word' id='word_1_627' title='bbox 3751 3720 3962 3782; x_wconf 90' lang='lat' dir='ltr'><strong>eodem</strong></span> 
     </span>
     <span class='ocr_line' id='line_1_86' title="bbox 2417 3803 3959 3887; baseline 0.01 -24"><span class='ocrx_word' id='word_1_628' title='bbox 2417 3821 2554 3864; x_wconf 88' lang='lat' dir='ltr'><strong>casu</strong></span> <span class='ocrx_word' id='word_1_629' title='bbox 2595 3803 2978 3884; x_wconf 83' lang='lat' dir='ltr'><strong>subroganda</strong></span> <span class='ocrx_word' id='word_1_630' title='bbox 3008 3847 3024 3864; x_wconf 90' lang='lat'><strong>.</strong></span> <span class='ocrx_word' id='word_1_631' title='bbox 3063 3803 3193 3866; x_wconf 85' lang='lat' dir='ltr'><strong>Hoc</strong></span> <span class='ocrx_word' id='word_1_632' title='bbox 3240 3825 3366 3868; x_wconf 91' lang='lat' dir='ltr'><strong>non</strong></span> <span class='ocrx_word' id='word_1_633' title='bbox 3416 3808 3789 3887; x_wconf 84' lang='lat' dir='ltr'><strong>admittitur,</strong></span> <span class='ocrx_word' id='word_1_634' title='bbox 3839 3836 3959 3878; x_wconf 87' lang='lat' dir='ltr'><strong>non</strong></span> 
     </span>
     <span class='ocr_line' id='line_1_87' title="bbox 2416 3896 3965 3977; baseline 0.012 -21"><span class='ocrx_word' id='word_1_635' title='bbox 2416 3896 2690 3957; x_wconf 90' lang='lat' dir='ltr'><strong>obstante</strong></span> <span class='ocrx_word' id='word_1_636' title='bbox 2735 3896 3137 3977; x_wconf 89' lang='lat' dir='ltr'><strong>possibilitate</strong></span> <span class='ocrx_word' id='word_1_637' title='bbox 3191 3901 3590 3965; x_wconf 88' lang='lat' dir='ltr'><strong>mendicitatis</strong></span> <span class='ocrx_word' id='word_1_638' title='bbox 3616 3925 3632 3965; x_wconf 89' lang='lat'>:</span> <span class='ocrx_word' id='word_1_639' title='bbox 3680 3927 3799 3970; x_wconf 90' lang='lat' dir='ltr'><strong>non</strong></span> <span class='ocrx_word' id='word_1_640' title='bbox 3847 3913 3965 3975; x_wconf 89' lang='lat' dir='ltr'><strong>erit</strong></span> 
     </span>
     <span class='ocr_line' id='line_1_88' title="bbox 2414 3989 3962 4083; baseline 0.013 -35"><span class='ocrx_word' id='word_1_641' title='bbox 2414 4007 2558 4070; x_wconf 81' lang='lat' dir='ltr'><strong>ergo</strong></span> <span class='ocrx_word' id='word_1_642' title='bbox 2614 3989 3051 4051; x_wconf 88' lang='lat' dir='ltr'><strong>admittendum</strong></span> <span class='ocrx_word' id='word_1_643' title='bbox 3082 4038 3100 4062; x_wconf 85' lang='lat'><em>,</em></span> <span class='ocrx_word' id='word_1_644' title='bbox 3148 4001 3210 4054; x_wconf 88' lang='lat' dir='ltr'><strong>et</strong></span> <span class='ocrx_word' id='word_1_645' title='bbox 3257 3993 3411 4057; x_wconf 91' lang='lat' dir='ltr'><strong>illud</strong></span> <span class='ocrx_word' id='word_1_646' title='bbox 3437 4041 3455 4069; x_wconf 90' lang='lat'><em>,</em></span> <span class='ocrx_word' id='word_1_647' title='bbox 3511 3999 3674 4078; x_wconf 87' lang='lat' dir='ltr'><strong>quod</strong></span> <span class='ocrx_word' id='word_1_648' title='bbox 3718 4014 3962 4083; x_wconf 86' lang='lat' dir='ltr'><strong>propter</strong></span> 
     </span>
     <span class='ocr_line' id='line_1_89' title="bbox 2416 4082 3963 4163; baseline 0.012 -20"><span class='ocrx_word' id='word_1_649' title='bbox 2416 4082 2817 4144; x_wconf 85' lang='lat' dir='ltr'><strong>mendicitatis</strong></span> <span class='ocrx_word' id='word_1_650' title='bbox 2844 4084 3303 4163; x_wconf 88' lang='lat' dir='ltr'><strong>possibilitatem</strong></span> <span class='ocrx_word' id='word_1_651' title='bbox 3345 4089 3712 4156; x_wconf 83' lang='lat' dir='ltr'><strong>detrahenda</strong></span> <span class='ocrx_word' id='word_1_652' title='bbox 3759 4098 3880 4159; x_wconf 86' lang='lat' dir='ltr'><strong>sint</strong></span> <span class='ocrx_word' id='word_1_653' title='bbox 3925 4119 3963 4163; x_wconf 91' lang='lat' dir='ltr'><strong>a</strong></span> 
     </span>
     <span class='ocr_line' id='line_1_90' title="bbox 2417 4175 3961 4267; baseline 0.012 -31"><span class='ocrx_word' id='word_1_654' title='bbox 2417 4175 2622 4238; x_wconf 85' lang='lat' dir='ltr'><strong>valore</strong></span> <span class='ocrx_word' id='word_1_655' title='bbox 2648 4176 2927 4238; x_wconf 86' lang='lat' dir='ltr'><strong>Beneficii</strong></span> <span class='ocrx_word' id='word_1_656' title='bbox 2971 4196 3154 4242; x_wconf 87' lang='lat' dir='ltr'><strong>onera</strong></span> <span class='ocrx_word' id='word_1_657' title='bbox 3183 4182 3536 4256; x_wconf 74' lang='lat' dir='ltr'><strong>Missurum,</strong></span> <span class='ocrx_word' id='word_1_658' title='bbox 3572 4191 3819 4267; x_wconf 90' lang='lat' dir='ltr'><strong>quando</strong></span> <span class='ocrx_word' id='word_1_659' title='bbox 3846 4194 3961 4255; x_wconf 92' lang='lat' dir='ltr'><strong>Be-</strong></span> 
     </span>
     <span class='ocr_line' id='line_1_91' title="bbox 2415 4268 3960 4363; baseline 0.014 -34"><span class='ocrx_word' id='word_1_660' title='bbox 2415 4268 2727 4331; x_wconf 88' lang='lat' dir='ltr'><strong>neficiatus</strong></span> <span class='ocrx_word' id='word_1_661' title='bbox 2758 4279 2944 4350; x_wconf 88' lang='lat' dir='ltr'><strong>potest</strong></span> <span class='ocrx_word' id='word_1_662' title='bbox 2966 4291 3067 4357; x_wconf 87' lang='lat' dir='ltr'><strong>eas</strong></span> <span class='ocrx_word' id='word_1_663' title='bbox 3109 4274 3413 4338; x_wconf 85' lang='lat' dir='ltr'><strong>celebrare</strong></span> <span class='ocrx_word' id='word_1_664' title='bbox 3460 4299 3568 4359; x_wconf 89' lang='lat' dir='ltr'><strong>per</strong></span> <span class='ocrx_word' id='word_1_665' title='bbox 3607 4283 3798 4347; x_wconf 92' lang='lat' dir='ltr'><strong>alium</strong></span> <span class='ocrx_word' id='word_1_666' title='bbox 3825 4309 3851 4363; x_wconf 69' lang='lat'><em>3</em></span> <span class='ocrx_word' id='word_1_667' title='bbox 3891 4290 3960 4350; x_wconf 87' lang='lat' dir='ltr'><strong>in</strong></span> 
     </span>
     <span class='ocr_line' id='line_1_92' title="bbox 2420 4364 3957 4457; baseline 0.015 -35"><span class='ocrx_word' id='word_1_668' title='bbox 2420 4370 2675 4443; x_wconf 90' lang='lat' dir='ltr'><strong>utroque</strong></span> <span class='ocrx_word' id='word_1_669' title='bbox 2699 4364 2862 4426; x_wconf 90' lang='lat' dir='ltr'><strong>enim</strong></span> <span class='ocrx_word' id='word_1_670' title='bbox 2891 4384 3030 4428; x_wconf 86' lang='lat' dir='ltr'><strong>casu</strong></span> <span class='ocrx_word' id='word_1_671' title='bbox 3056 4386 3201 4442; x_wconf 88' lang='lat' dir='ltr'><strong>una,</strong></span> <span class='ocrx_word' id='word_1_672' title='bbox 3223 4377 3282 4430; x_wconf 93' lang='lat' dir='ltr'><strong>et</strong></span> <span class='ocrx_word' id='word_1_673' title='bbox 3301 4371 3508 4433; x_wconf 86' lang='lat' dir='ltr'><strong>eadem</strong></span> <span class='ocrx_word' id='word_1_674' title='bbox 3538 4376 3761 4444; x_wconf 90' lang='lat' dir='ltr'><strong>militat</strong></span> <span class='ocrx_word' id='word_1_675' title='bbox 3779 4383 3957 4457; x_wconf 81' lang='lat' dir='ltr'><strong>ratio,</strong></span> 
     </span>
     <span class='ocr_line' id='line_1_93' title="bbox 2414 4458 3956 4552; baseline 0.008 -34"><span class='ocrx_word' id='word_1_676' title='bbox 2414 4458 2575 4538; x_wconf 89' lang='lat' dir='ltr'><strong>quod</strong></span> <span class='ocrx_word' id='word_1_677' title='bbox 2611 4458 2706 4519; x_wconf 85' lang='lat' dir='ltr'><strong>lex</strong></span> <span class='ocrx_word' id='word_1_678' title='bbox 2746 4458 3045 4525; x_wconf 76' lang='lat' dir='ltr'><strong>videlicet..</strong></span> <span class='ocrx_word' id='word_1_679' title='bbox 3076 4463 3315 4542; x_wconf 90' lang='lat' dir='ltr'><strong>respicit</strong></span> <span class='ocrx_word' id='word_1_680' title='bbox 3356 4466 3434 4527; x_wconf 87' lang='lat' dir='ltr'><strong>ad</strong></span> <span class='ocrx_word' id='word_1_681' title='bbox 3478 4468 3580 4543; x_wconf 89' lang='lat' dir='ltr'><strong>id,</strong></span> <span class='ocrx_word' id='word_1_682' title='bbox 3628 4474 3797 4552; x_wconf 84' lang='lat' dir='ltr'><strong>quod,</strong></span> <span class='ocrx_word' id='word_1_683' title='bbox 3834 4476 3956 4538; x_wconf 75' lang='lat' dir='ltr'><strong>fro-</strong></span> 
     </span>
     <span class='ocr_line' id='line_1_94' title="bbox 2416 4552 3957 4642; baseline 0.016 -33"><span class='ocrx_word' id='word_1_684' title='bbox 2416 4552 2700 4631; x_wconf 90' lang='lat' dir='ltr'><strong>quentius</strong></span> <span class='ocrx_word' id='word_1_685' title='bbox 2727 4552 2965 4626; x_wconf 86' lang='lat' dir='ltr'><strong>accidit,</strong></span> <span class='ocrx_word' id='word_1_686' title='bbox 2993 4562 3053 4615; x_wconf 88' lang='lat' dir='ltr'><strong>et</strong></span> <span class='ocrx_word' id='word_1_687' title='bbox 3080 4574 3201 4616; x_wconf 90' lang='lat' dir='ltr'><strong>non</strong></span> <span class='ocrx_word' id='word_1_688' title='bbox 3230 4556 3304 4618; x_wconf 91' lang='lat' dir='ltr'><strong>ad</strong></span> <span class='ocrx_word' id='word_1_689' title='bbox 3340 4558 3423 4632; x_wconf 87' lang='lat' dir='ltr'><strong>id,</strong></span> <span class='ocrx_word' id='word_1_690' title='bbox 3461 4565 3622 4642; x_wconf 92' lang='lat' dir='ltr'><strong>quod</strong></span> <span class='ocrx_word' id='word_1_691' title='bbox 3654 4585 3791 4629; x_wconf 81' lang='lat' dir='ltr'><strong>raro</strong></span> <span class='ocrx_word' id='word_1_692' title='bbox 3818 4588 3957 4633; x_wconf 85' lang='lat' dir='ltr'><strong>con-</strong></span> 
     </span>
     <span class='ocr_line' id='line_1_95' title="bbox 2415 4643 3846 4736; baseline 0.011 -31"><span class='ocrx_word' id='word_1_693' title='bbox 2415 4644 2593 4725; x_wconf 80' lang='lat' dir='ltr'><strong>tingit</strong></span> <span class='ocrx_word' id='word_1_694' title='bbox 2619 4643 2668 4703; x_wconf 85' lang='lat' dir='ltr'><strong><em>T</em></strong></span> <span class='ocrx_word' id='word_1_695' title='bbox 2663 4655 2825 4704; x_wconf 75' lang='lat' dir='ltr'><strong>extus</strong></span> <span class='ocrx_word' id='word_1_696' title='bbox 2847 4648 2910 4705; x_wconf 85' lang='lat' dir='ltr'><strong>in</strong></span> <span class='ocrx_word' id='word_1_697' title='bbox 2940 4648 3043 4725; x_wconf 68' lang='lat' dir='ltr'><strong>leq.</strong></span> <span class='ocrx_word' id='word_1_698' title='bbox 3071 4667 3205 4709; x_wconf 79' lang='lat' dir='ltr'><strong>nam</strong></span> <span class='ocrx_word' id='word_1_699' title='bbox 3222 4651 3297 4710; x_wconf 84' lang='lat' dir='ltr'><strong>acl</strong></span> <span class='ocrx_word' id='word_1_700' title='bbox 3325 4671 3388 4712; x_wconf 79' lang='lat' dir='ltr'><strong>ea</strong></span> <span class='ocrx_word' id='word_1_701' title='bbox 3413 4650 3476 4733; x_wconf 74' lang='lat' dir='ltr'><strong>ff.</strong></span> <span class='ocrx_word' id='word_1_702' title='bbox 3510 4655 3575 4716; x_wconf 76' lang='lat' dir='ltr'><strong>ds</strong></span> <span class='ocrx_word' id='word_1_703' title='bbox 3606 4658 3846 4736; x_wconf 77' lang='lat' dir='ltr'><strong>leqilms.</strong></span> 
     </span>
     <span class='ocr_line' id='line_1_96' title="bbox 2532 4737 3956 4831; baseline 0.014 -34"><span class='ocrx_word' id='word_1_704' title='bbox 2532 4737 2801 4802; x_wconf 89' lang='lat' dir='ltr'><strong>Tertium</strong></span> <span class='ocrx_word' id='word_1_705' title='bbox 2821 4746 2943 4810; x_wconf 89' lang='lat' dir='ltr'><strong>est,</strong></span> <span class='ocrx_word' id='word_1_706' title='bbox 2968 4741 3128 4821; x_wconf 91' lang='lat' dir='ltr'><strong>quod</strong></span> <span class='ocrx_word' id='word_1_707' title='bbox 3159 4741 3443 4806; x_wconf 82' lang='lat' dir='ltr'><strong>Sacerdos</strong></span> <span class='ocrx_word' id='word_1_708' title='bbox 3466 4792 3483 4821; x_wconf 89' lang='lat'><strong>,</strong></span> <span class='ocrx_word' id='word_1_709' title='bbox 3508 4750 3614 4829; x_wconf 91' lang='lat' dir='ltr'><strong>qui</strong></span> <span class='ocrx_word' id='word_1_710' title='bbox 3644 4761 3833 4831; x_wconf 88' lang='lat' dir='ltr'><strong>potest</strong></span> <span class='ocrx_word' id='word_1_711' title='bbox 3857 4774 3956 4816; x_wconf 87' lang='lat' dir='ltr'><strong>ce·</strong></span> 
     </span>
     <span class='ocr_line' id='line_1_97' title="bbox 2414 4830 3954 4913; baseline 0.013 -21"><span class='ocrx_word' id='word_1_712' title='bbox 2414 4830 2651 4893; x_wconf 90' lang='lat' dir='ltr'><strong>lebrare</strong></span> <span class='ocrx_word' id='word_1_713' title='bbox 2677 4850 2783 4911; x_wconf 90' lang='lat' dir='ltr'><strong>per</strong></span> <span class='ocrx_word' id='word_1_714' title='bbox 2813 4831 3004 4893; x_wconf 84' lang='lat' dir='ltr'><strong>alium</strong></span> <span class='ocrx_word' id='word_1_715' title='bbox 3031 4879 3049 4906; x_wconf 86' lang='lat'>,</span> <span class='ocrx_word' id='word_1_716' title='bbox 3081 4835 3131 4895; x_wconf 90' lang='lat' dir='ltr'><strong>si</strong></span> <span class='ocrx_word' id='word_1_717' title='bbox 3167 4836 3511 4902; x_wconf 83' lang='lat' dir='ltr'><strong>infirmetur</strong></span> <span class='ocrx_word' id='word_1_718' title='bbox 3533 4890 3551 4913; x_wconf 85' lang='lat'><em>,</em></span> <span class='ocrx_word' id='word_1_719' title='bbox 3582 4852 3816 4907; x_wconf 88' lang='lat' dir='ltr'><strong>tenetur</strong></span> <span class='ocrx_word' id='word_1_720' title='bbox 3838 4847 3954 4912; x_wconf 87' lang='lat' dir='ltr'><strong>hoc</strong></span> 
     </span>
     <span class='ocr_line' id='line_1_98' title="bbox 2411 4925 3953 5016; baseline 0.014 -33"><span class='ocrx_word' id='word_1_721' title='bbox 2411 4944 2563 4985; x_wconf 89' lang='lat' dir='ltr'><strong>onus</strong></span> <span class='ocrx_word' id='word_1_722' title='bbox 2591 4925 2921 5005; x_wconf 86' lang='lat' dir='ltr'><strong>adimplere</strong></span> <span class='ocrx_word' id='word_1_723' title='bbox 2949 4972 2965 4998; x_wconf 88' lang='lat'>,</span> <span class='ocrx_word' id='word_1_724' title='bbox 2999 4935 3059 4988; x_wconf 90' lang='lat' dir='ltr'><strong>et</strong></span> <span class='ocrx_word' id='word_1_725' title='bbox 3085 4928 3256 4991; x_wconf 86' lang='lat' dir='ltr'><strong>alteri</strong></span> <span class='ocrx_word' id='word_1_726' title='bbox 3288 4931 3724 5016; x_wconf 77' lang='lat' dir='ltr'><strong>eleemosynam</strong></span> <span class='ocrx_word' id='word_1_727' title='bbox 3758 4941 3907 5004; x_wconf 91' lang='lat' dir='ltr'><strong>dare</strong></span> <span class='ocrx_word' id='word_1_728' title='bbox 3933 4989 3953 5015; x_wconf 85' lang='lat'>‚</span> 
     </span>
     <span class='ocr_line' id='line_1_99' title="bbox 2412 5019 3952 5101; baseline 0.014 -23"><span class='ocrx_word' id='word_1_729' title='bbox 2412 5026 2481 5079; x_wconf 91' lang='lat' dir='ltr'><strong>ut</strong></span> <span class='ocrx_word' id='word_1_730' title='bbox 2523 5019 2821 5091; x_wconf 85' lang='lat' dir='ltr'><strong>celebret,</strong></span> <span class='ocrx_word' id='word_1_731' title='bbox 2862 5020 2950 5081; x_wconf 92' lang='lat' dir='ltr'><strong>uti</strong></span> <span class='ocrx_word' id='word_1_732' title='bbox 2999 5023 3324 5085; x_wconf 87' lang='lat' dir='ltr'><strong>resolutum</strong></span> <span class='ocrx_word' id='word_1_733' title='bbox 3366 5026 3479 5089; x_wconf 83' lang='lat' dir='ltr'><strong>fuit</strong></span> <span class='ocrx_word' id='word_1_734' title='bbox 3519 5031 3597 5091; x_wconf 92' lang='lat' dir='ltr'><strong>ab</strong></span> <span class='ocrx_word' id='word_1_735' title='bbox 3628 5031 3741 5093; x_wconf 83' lang='lat' dir='ltr'><strong>hac</strong></span> <span class='ocrx_word' id='word_1_736' title='bbox 3766 5034 3952 5101; x_wconf 89' lang='lat' dir='ltr'><strong>Sacra</strong></span> 
     </span>
     <span class='ocr_line' id='line_1_100' title="bbox 2411 5112 3961 5194; baseline 0.014 -23"><span class='ocrx_word' id='word_1_737' title='bbox 2411 5112 2880 5194; x_wconf 84' lang='lat' dir='ltr'><strong>Congregatione</strong></span> <span class='ocrx_word' id='word_1_738' title='bbox 2903 5117 2966 5173; x_wconf 82' lang='lat' dir='ltr'><strong>in</strong></span> <span class='ocrx_word' id='word_1_739' title='bbox 2991 5114 3207 5177; x_wconf 69' lang='lat' dir='ltr'><strong>Colica.</strong></span> <span class='ocrx_word' id='word_1_740' title='bbox 3238 5121 3618 5186; x_wconf 74' lang='lat' dir='ltr'><strong>celebrationis</strong></span> <span class='ocrx_word' id='word_1_741' title='bbox 3640 5125 3961 5192; x_wconf 82' lang='lat' dir='ltr'><strong>Missarum</strong></span> 
     </span>
     <span class='ocr_line' id='line_1_101' title="bbox 2414 5205 3955 5298; baseline 0.012 -31"><span class='ocrx_word' id='word_1_742' title='bbox 2414 5210 2508 5267; x_wconf 90' lang='lat'><strong>18.</strong></span> <span class='ocrx_word' id='word_1_743' title='bbox 2538 5205 2874 5286; x_wconf 79' lang='lat' dir='ltr'><strong>Septembris</strong></span> <span class='ocrx_word' id='word_1_744' title='bbox 2912 5211 3085 5269; x_wconf 90' lang='grc'><strong>1683.</strong></span> <span class='ocrx_word' id='word_1_745' title='bbox 3117 5213 3417 5291; x_wconf 88' lang='lat' dir='ltr'><strong>proposito</strong></span> <span class='ocrx_word' id='word_1_746' title='bbox 3443 5217 3671 5298; x_wconf 90' lang='lat' dir='ltr'><strong>quippe</strong></span> <span class='ocrx_word' id='word_1_747' title='bbox 3697 5221 3811 5284; x_wconf 85' lang='lat' dir='ltr'><strong>hoc</strong></span> <span class='ocrx_word' id='word_1_748' title='bbox 3841 5225 3955 5284; x_wconf 87' lang='lat' dir='ltr'><strong>du-</strong></span> 
     </span>
     <span class='ocr_line' id='line_1_102' title="bbox 2410 5300 3955 5395; baseline 0.012 -35"><span class='ocrx_word' id='word_1_749' title='bbox 2410 5300 2535 5369; x_wconf 83' lang='lat' dir='ltr'><strong>hio,</strong></span> <span class='ocrx_word' id='word_1_750' title='bbox 2562 5319 2639 5362; x_wconf 81' lang='lat' dir='ltr'><strong>an</strong></span> <span class='ocrx_word' id='word_1_751' title='bbox 2660 5300 2984 5362; x_wconf 75' lang='lat' dir='ltr'><strong>Sacerdotes</strong></span> <span class='ocrx_word' id='word_1_752' title='bbox 3007 5304 3241 5385; x_wconf 80' lang='lat' dir='ltr'><strong>obliqati</strong></span> <span class='ocrx_word' id='word_1_753' title='bbox 3263 5309 3534 5370; x_wconf 77' lang='lat' dir='ltr'><strong>celebrare</strong></span> <span class='ocrx_word' id='word_1_754' title='bbox 3556 5311 3804 5376; x_wconf 79' lang='lat' dir='ltr'><strong>Missam</strong></span> <span class='ocrx_word' id='word_1_755' title='bbox 3823 5339 3955 5395; x_wconf 76' lang='lat' dir='ltr'><strong>quo·</strong></span> 
     </span>
     <span class='ocr_line' id='line_1_103' title="bbox 2413 5395 3957 5492; baseline 0.012 -38"><span class='ocrx_word' id='word_1_756' title='bbox 2413 5395 2547 5455; x_wconf 79' lang='lat' dir='ltr'><strong>tidie</strong></span> <span class='ocrx_word' id='word_1_757' title='bbox 2566 5441 2582 5464; x_wconf 83' lang='lat'>,</span> <span class='ocrx_word' id='word_1_758' title='bbox 2610 5395 2815 5472; x_wconf 74' lang='lat' dir='ltr'><strong>absque</strong></span> <span class='ocrx_word' id='word_1_759' title='bbox 2848 5405 3031 5456; x_wconf 70' lang='lat' dir='ltr'><strong>tamen</strong></span> <span class='ocrx_word' id='word_1_760' title='bbox 3060 5416 3221 5458; x_wconf 74' lang='lat' dir='ltr'><strong>onore</strong></span> <span class='ocrx_word' id='word_1_761' title='bbox 3244 5400 3562 5463; x_wconf 77' lang='lat' dir='ltr'><strong>celebrandi</strong></span> <span class='ocrx_word' id='word_1_762' title='bbox 3590 5425 3696 5486; x_wconf 75' lang='lat' dir='ltr'><strong>por</strong></span> <span class='ocrx_word' id='word_1_763' title='bbox 3720 5412 3957 5492; x_wconf 76' lang='lat' dir='ltr'><strong>scipsos,</strong></span> 
     </span>
    </p>
   </div>
  </div>
 </body>
</html>
