4393 6299
1694 484 2155 554 Quffisrto
2214 489 2473 543 cccxm.

3374 499 3475 549 tet

596 624 663 689 V.
710 627 804 688 An
839 627 1150 711 Episcopus
1172 632 1229 692 d.
1283 630 1628 697 Clausuram
1671 639 2009 700 visitaturus
2114 644 2442 713 steriorum,
2504 644 2571 701 in
2614 644 2816 723 quibus
2855 645 3170 728 Beneficia,
3216 651 3444 729 aliaque
3486 671 3659 714 onera

467 732 691 800 praem
712 725 1128 786 convisitamus
1152 728 1325 806 possit
1370 746 1474 807 pro
1501 747 1602 789 suo
1628 730 1788 791 libito
1829 751 2011 793 neum
2116 735 2435 797 Missarum
2482 739 2694 811 insint,
2716 759 2907 801 verum
2926 744 3096 803 etiam
3131 755 3183 803 et
3213 742 3661 807 Tabernaculum

464 815 726 876 deducere
759 818 916 879 intus
952 817 1367 881 Monosterium
1390 824 1542 883 alias
1566 842 1828 903 personas
1851 874 1872 898 ‚
1898 829 2011 889 sive

468 906 918 984 Ecclesiasticus,
946 915 1060 973 sive
1086 912 1418 977 Saeculares
1445 917 1891 991 indeterminate,
1926 924 2013 985 vel

464 1004 530 1060 in
551 1013 721 1074 certo,
754 1015 804 1065 et
823 1007 1081 1087 praefixo
1096 1027 1350 1083 numero,
1374 1020 1426 1070 ct
1446 1012 1579 1072 huic
1596 1014 1766 1073 dubio
1784 1034 2010 1094 respon-

460 1115 587 1157 sum
616 1098 728 1175 suit
752 1146 769 1169 ,
799 1102 1100 1163 servandas
1132 1122 1241 1163 esse
1271 1102 1708 1171 Constitutiones
1735 1105 2011 1186 Apostoli·

462 1208 556 1251 cas
578 1235 596 1264 ,
631 1194 730 1252 ltoc
777 1205 852 1254 est
900 1194 1064 1256 Bull.
1097 1200 1198 1257 25.
1233 1194 1496 1276 Greqorii
1523 1196 1693 1260 xm.
1725 1199 1892 1261 Bull.
1928 1207 2009 1262 to'·

460 1303 549 1344 mo
570 1290 631 1346 2.

590 1379 684 1440 Vt.
714 1381 807 1440 An
842 1382 1179 1464 Episcopum
1200 1385 1296 1445 dd.
1322 1383 1805 1447 Monasteriorum
1836 1386 1882 1449 C
1889 1391 2007 1450 lau·

461 1490 658 1534 suram
683 1477 1048 1539 visitaturum
1071 1488 1367 1540 teneantur
1392 1479 1678 1542 Moniales
1704 1502 1886 1544 omnes
1913 1504 2008 1544 ex·

456 1571 637 1649 cipere
656 1573 1140 1651 processionaliter
1165 1593 1290 1633 eum
1323 1572 1535 1647 Cruce,
1564 1585 1618 1636 et
1651 1581 1869 1638 cantico
1896 1579 2002 1640 Be·

456 1663 769 1738 nedictus3
797 1676 849 1726 et
886 1668 1016 1726 huic
1047 1667 1216 1727 dubio
1242 1687 1564 1750 responsum
1585 1671 1698 1748 suit
1729 1676 1999 1751 neqative.

586 1756 710 1819 VII.
736 1759 832 1820 An
857 1762 952 1821 dd.
975 1761 1259 1823 Moniales
1290 1774 1585 1825 teneantur
1605 1767 1670 1825 in
1689 1768 1809 1846 ipso
1830 1766 2002 1828 Clau·

454 1870 620 1914 surae
642 1857 895 1933 inqressu
918 1856 1200 1917 adornare
1231 1867 1500 1929 stratum,
1550 1860 1737 1939 ibique
1756 1864 2000 1943 qenufle-

449 1951 623 2009 etenti
656 1949 931 2028 Episcopo
956 1948 1238 2011 Monialis
1270 1952 1472 2030 aliqua
1491 1958 1779 2034 porriqere
1813 1957 2000 2018 debeat

454 2041 690 2104 Cmcem
714 2043 1145 2106 deosculandam
1168 2090 1184 2116 ,
1224 2056 1274 2106 et
1325 2048 1456 2108 huic
1487 2049 1656 2109 dubio
1680 2069 2001 2131 responsum

448 2138 562 2215 fuit
588 2140 859 2216 neqative.

574 2231 731 2292 Vm.
755 2234 850 2293 An
877 2232 1184 2313 Episcopus
1213 2233 1560 2297 clausuram
1579 2239 1858 2317 inqressus
1875 2259 1997 2317 pos-

442 2328 518 2385 sit
539 2345 642 2406 pro
661 2346 760 2388 suo
784 2329 948 2389 libito
964 2348 1266 2391 convocare
1285 2331 1382 2390 dd.
1416 2331 1701 2393 Moniales
1727 2353 1908 2394 omnes
1936 2336 1999 2392 in

446 2419 631 2481 Claoro
655 2424 920 2483 interiori
938 2472 954 2495 ,
984 2436 1087 2485 aut
1112 2427 1177 2484 in
1196 2427 1313 2486 alio
1344 2428 1457 2486 loco
1475 2474 1488 2496 ,
1520 2438 1572 2488 et
1590 2429 1665 2489 ad
1689 2449 1780 2489 eas
1801 2448 2001 2490 sermo-

439 2533 565 2574 nem
594 2518 824 2586 habere:
848 2529 900 2578 et
930 2520 1066 2581 huic
1092 2520 1261 2579 dubio
1288 2541 1610 2600 responsum
1631 2525 1767 2601 suit,
1795 2544 1965 2604 posse.

556 2610 664 2672 tx.
692 2610 786 2671 An
809 2615 1080 2685 absolute,
1103 2625 1153 2674 et
1173 2615 1558 2697 indifferenter
1577 2620 1807 2679 visitare
1829 2623 1996 2699 possit

441 2706 611 2766 cellas
634 2706 729 2767 dd.
756 2705 1113 2770 monialium
1132 2711 1302 2770 etiam
1324 2712 1508 2789 quoad
1524 2731 1636 2772 uon
1655 2715 1996 2792 pertinentia

436 2800 515 2860 ad
536 2799 904 2870 Clausuram,·
928 2813 980 2863 et
1003 2804 1135 2865 huic
1162 2805 1331 2865 dubio
1349 2825 1672 2886 responsum
1699 2807 1813 2885 fuit
1834 2829 1995 2889 ncqa·

443 2897 573 2956 tive.

567 2988 729 3051 Haec
774 3001 913 3051 sunt
948 2991 1297 3072 praecipua,
1352 3011 1507 3072 quae
1554 2994 1617 3055 in
1647 2996 1888 3076 regestis
1915 2997 1989 3057 ad

438 3082 754 3144 materiam
793 3083 1077 3147 facientia
1133 3086 1298 3167 potui
1328 3087 1623 3162 invenire,
1663 3090 1992 3172 iisdemque

432 3179 901 3258 praesuppositis
932 3199 1086 3242 onus
1111 3183 1227 3243 erit
1255 3181 1315 3243 in
1348 3186 1642 3262 praesenti
1679 3186 1800 3246 ΕΒ.
1856 3187 1986 3248 VV.

433 3273 778 3334 decernere.

549 3366 602 3425 1.
636 3368 730 3425 An
760 3367 1036 3448 Episcopo
1061 3371 1345 3432 accedenti
1366 3372 1443 3431 ad
1482 3373 1828 3433 visitandum
1853 3373 1985 3434 Mo-

430 3464 684 3522 nasteria
699 3461 1053 3524 Monialium
1071 3462 1199 3523 PP.
1231 3462 1565 3526 Caelestinis
1588 3467 1985 3544 subjectarum,

431 3554 736 3616 debeantur
752 3559 818 3617 in
838 3559 1092 3636 inqressu
1115 3555 1400 3620 Ecclesiae
1412 3560 1613 3620 solitae
1632 3561 1988 3640 honorificen-

435 3650 547 3710 tiae
570 3697 587 3720 ,
616 3660 669 3711 et
694 3654 1191 3731 praeeminentiae,
1223 3672 1510 3732 omnesque
1541 3664 1700 3714 actus
1731 3674 1982 3716 reveren-

2113 851 2240 892 cum
2272 831 2469 892 Altari
2490 832 2716 907 maiori.

2221 1022 2374 1075 Sacra
2399 1022 2591 1092 Congr.
2621 1026 2894 1093 respondit
2919 1047 2930 1076 :

2221 1109 2317 1163 Aa
2332 1111 2572 1179 primam
2614 1110 2953 1182 affirmative
2977 1117 3164 1183 quoad
3200 1121 3484 1176 Minas-eros
3521 1121 3671 1194 Osfi·

2113 1197 2283 1252 cs’ales
2306 1199 2660 1264 Monasterii‚
2697 1212 2749 1253 et
2772 1202 2958 1268 quoad
2999 1205 3396 1275 Confissarium
3426 1211 3665 1278 ejusdem

2110 1297 2326 1339 tantum
2347 1326 2359 1338 .
2386 1286 2483 1342 Ad
2498 1287 2793 1342 secandum
2819 1291 3062 1361 negative
3087 1296 3273 1371 quoad
3288 1299 3524 1365 primam
3541 1318 3667 1364 par·

2115 1385 2253 1443 tem,
2305 1374 2643 1446 affirmatioe
2692 1379 2879 1449 quoad
2919 1383 3238 1437 secundam.
3267 1387 3363 1440 Ad
3408 1390 3625 1441 tertium
3645 1429 3664 1457 ,

2111 1475 2364 1530 quartum
2377 1506 2396 1533 ,
2422 1478 2477 1520 et
2500 1465 2748 1536 quintam
2775 1468 3131 1540 qsfirmativc.
3159 1474 3254 1528 Ad
3273 1489 3486 1530 sea-tum
3513 1496 3670 1549 nega·

2112 1565 2244 1606 twe.

2465 1753 2823 1828 QUAESTIO
2856 1755 3185 1821 CCCXLII.

2111 1954 2183 2014 In
2239 1954 2431 2020 Causa
2484 1958 2818 2023 Provinciae
2870 1962 3154 2024 Romanae
3205 1963 3656 2044 capuccinorum

2189 2048 2504 2113 Nullitatis
2530 2051 2930 2130 Professionis,
2961 2057 3050 2117 die
3077 2061 3174 2119 31.
3207 2057 3366 2119 Julii
3404 2063 3578 2121 1723.

2111 2174 2475 2312 Quaestio,
2518 2259 2675 2319 quae
2703 2240 2862 2304 inter
2907 2245 3189 2306 Doctores
3232 2246 3534 2326 agitatur,
3581 2265 3662 2310 an

2107 2330 2311 2393 valida
2347 2332 2426 2394 sit
2467 2332 2753 2414 professio
2781 2336 2843 2397 in
2878 2336 3189 2415 Religione
3209 2338 3421 2401 emissa
3446 2340 3525 2401 ab
3550 2359 3622 2401 eo
3641 2388 3655 2409 .

2105 2424 2212 2503 qui
2268 2426 2480 2488 morbo
2527 2427 2734 2508 aliquo
2777 2430 3129 2509 gravissimo
3160 2442 3305 2512 puta
3337 2432 3653 2513 epileptico

2109 2518 2378 2591 laborat,
2413 2531 2471 2584 et
2502 2522 2562 2583 in
2607 2542 2726 2603 qua
2754 2525 3111 2589 affirmativa
3149 2527 3355 2608 opinio
3401 2528 3475 2589 de
3515 2533 3657 2608 jure

2109 2614 2511 2677 Decretalium
2546 2624 2634 2679 est
2665 2618 2866 2680 verior
2892 2665 2908 2691 ,
2955 2629 3140 2683 cessat
3167 2618 3367 2683 statim
3396 2669 3409 2689 ,
3465 2641 3534 2682 ac
3588 2621 3653 2682 in

2108 2706 2648 2772 Constitutionibus
2679 2710 3006 2792 Religionis
3032 2714 3110 2776 ab
3138 2715 3476 2794 Apostolica
3503 2715 3654 2777 Sede

2100 2800 2470 2864 confirmatis
2500 2812 2773 2876 cavetur,
2798 2815 2868 2866 ut
2904 2805 3190 2886 professio
3223 2807 3284 2867 in
3318 2808 3491 2870 dictis
3535 2818 3653 2870 ter-

2102 2895 2285 2956 minis
2319 2896 2485 2958 nulla
2510 2897 2618 2973 sit3
2646 2898 2710 2959 iu
2737 2918 2807 2961 eo
2825 2900 3048 2981 quippe
3073 2921 3275 2963 rerum
3305 2911 3461 2964 statu
3489 2922 3654 2965 com-

2102 2990 2304 3051 munis
2334 2991 2540 3073 opinio
2569 3000 2686 3066 est,
2722 2992 3144 3074 professionem
3182 2996 3479 3060 nullitatis
3505 2998 3653 3061 vitio

2100 3083 2411 3159 laborare,
2474 3088 2564 3147 uti
2615 3087 2791 3168 plene
2843 3098 3289 3171 prosequuntur
3343 3093 3639 3156 Redericlu.

2102 3191 2317 3258 quaest.
2347 3183 2544 3259 Requl.
2577 3192 2706 3243 tom.
2752 3189 2808 3245 3.
2845 3195 2996 3263 part.
3037 3190 3132 3245 17.
3174 3197 3290 3247 art.
3325 3192 3384 3247 9.
3418 3187 3643 3249 Navar-

2099 3272 2321 3336 Consil.
2361 3280 2458 3336 48.
2481 3297 2639 3336 num.
2673 3281 2732 3337 2.
2760 3279 2854 3338 lib.
2889 3283 2946 3338 3.
2974 3281 3064 3336 tit.
3101 3279 3165 3338 de
3193 3280 3393 3358 Requi.
3428 3279 3643 3355 Piqna·

2100 3369 2216 3427 tell.
2249 3370 2484 3429 consult.
2512 3374 2610 3430 89.
2641 3390 2798 3429 num.
2834 3376 2891 3431 3.
2921 3375 3009 3432 tit.
3046 3378 3098 3432 1.
3132 3373 3278 3433 Rota
3308 3392 3421 3432 eor.
3467 3372 3644 3435 Ubal-

2093 3461 2165 3520 do
2199 3463 2310 3522 dec.
2338 3467 2435 3524 38.
2465 3482 2621 3524 num.
2647 3468 2706 3525 2.
2730 3474 2779 3525 et
2812 3485 2960 3545 seqq.
2992 3476 3043 3527 et
3070 3467 3183 3527 dec.
3214 3470 3352 3527 394.
3385 3486 3542 3528 num.
3580 3472 3633 3528 1.

2094 3565 2146 3615 et
2177 3574 2326 3633 seqq.
2359 3576 2473 3617 cor.
2505 3558 2621 3618 eod.

2207 3649 2299 3710 Ad
2335 3649 2602 3711 tramites
2630 3671 2872 3724 eorum,
2920 3673 3075 3734 quae
3099 3653 3218 3715 huc
3247 3672 3438 3734 usque
3480 3653 3636 3716 dieta

433 3743 628 3813 τίσιες,
686 3764 752 3805 ac
796 3748 1067 3808 associari
1110 3755 1228 3808 tam
1271 3749 1337 3805 tn
1381 3750 1668 3825 inyrmu,
1717 3769 1888 3828 quam
1921 3753 1986 3810 i„
2092 3750 2234 3804 sunt
2259 3788 2277 3816 ‚
2307 3762 2443 3804 cum
2473 3743 2534 3804 in
2565 3744 3104 3808 Constitutionibus
3138 3747 3384 3810 Ordinis
3413 3746 3642 3827 Capus-

435 3845 654 3914 eqressu
699 3836 982 3902 Ecclesiae
1002 3861 1040 3902 a
1065 3842 1365 3921 praedictis
1394 3841 1523 3902 ΡΡ.
1568 3841 1916 3905 Caelestinis.

2088 3834 2365 3898 cinerum
2393 3856 2523 3919 cap.
2556 3844 2615 3898 2.
2655 3839 2803 3903 haec
2829 3840 3197 3903 habeantur:
3230 3840 3350 3916 Qui
3376 3844 3638 3921 elephan-

552 3929 633 3989 11.
665 3929 761 3990 An
787 3930 1072 3995 Monialss
1096 3936 1412 4013 praedictae
1446 3946 1742 3998 tornantur
1765 3940 1982 3999 tradere
2087 3931 2243 4002 tiasi‚
2259 3933 2443 3992 morbo
2462 3933 2690 4008 caduco,
2704 3945 2807 3996 aut
2828 3938 2950 3998 alia
2971 3936 3302 4017 infirmitate
3320 3940 3639 4014 contaqiosa

428 4020 709 4105 Episcopo
738 4028 1000 4088 visitanti
1032 4030 1238 4090 librum
1273 4031 1620 4109 Reqularum
1642 4080 1655 4100 ,
1682 4042 1732 4092 et
1756 4043 1978 4093 tenean-

429 4125 528 4176 tur
553 4119 820 4179 similiter
855 4122 1041 4181 subire
1073 4124 1148 4183 ad
1169 4125 1362 4185 solitas
1411 4124 1608 4186 Crates
1631 4145 1770 4186 onus
1794 4146 1979 4205 perso-

424 4213 580 4272 nalis
616 4210 969 4274 Visitationis
1000 4219 1185 4294 quoad
1213 4217 1562 4281 Clausuram
1576 4223 1895 4300 spectantis.

544 4304 656 4365 111.
714 4307 811 4366 An
865 4307 1178 4388 Episcopus
1241 4314 1415 4391 possit
1466 4314 1617 4373 solus
1668 4334 1794 4374 cum
1861 4317 1978 4375 suis

426 4395 933 4460 Convisitatoribus
974 4402 1227 4479 inqredi,
1271 4414 1323 4464 et
1349 4407 1581 4467 visitare
1632 4404 1975 4469 clausuram

418 4492 652 4572 praedd:
684 4492 1043 4555 Monialium
1064 4497 1267 4576 absque
1288 4500 1607 4561 interventu
1635 4499 1707 4561 P.
1741 4502 1976 4565 Abbatis

425 4583 888 4649 Caelestinorum.

541 4677 646 4738 IV.
680 4678 776 4738 An
801 4678 1115 4760 Episcopus
1143 4685 1314 4762 possit
1346 4687 1575 4746 visitare
1595 4689 1798 4748 nedum
1824 4688 1973 4751 Cra·

423 4781 531 4844 tes,
561 4782 613 4834 ct
654 4769 892 4834 Moenia
937 4777 1220 4837 exteriora
1238 4780 1654 4856 praedictorum
1680 4781 1969 4845 Monaste-

423 4868 665 4937 riorum‚
696 4867 789 4927 sed
832 4869 1001 4928 etiam
1030 4866 1278 4930 Chorum
1309 4872 1630 4934 interiorem
1652 4923 1670 4947 ,
1701 4877 1968 4938 dormito-

422 4962 550 5031 ria,
570 4962 773 5035 cellas,
802 4962 1031 5040 aliaque
1061 4965 1179 5023 loca
1202 4981 1305 5043 pro
1326 4962 1642 5029 Clausurae
1672 4969 1960 5032 Custodia.

544 5052 610 5114 V.
634 5053 730 5113 An
757 5057 926 5136 possit
949 5055 1257 5136 Episcopus
1272 5061 1551 5122 occasione
1569 5060 1638 5122 S.
1675 5062 1965 5125 Visitatio-

414 5147 504 5206 nis
534 5148 728 5209 habere
754 5169 1053 5210 sermonem
1074 5150 1398 5231 Spirituale
1418 5156 1650 5234 praedd.
1678 5157 1964 5220 Moniali-

420 5239 520 5297 bus
547 5248 663 5300 tam
689 5243 880 5315 intra,
913 5264 1084 5321 quam
1110 5257 1279 5307 eoetra
1311 5257 1465 5326 septa
1491 5244 1850 5312 Monasterii.

2086 4023 2362 4103 afficitur,
2393 4045 2504 4085 non
2532 4029 2846 4107 recipiatur
2874 4076 2890 4098 ,
2934 4038 2985 4089 et
3011 4031 3063 4088 si
3083 4030 3209 4105 quis
3235 4031 3369 4089 talis
3392 4039 3638 4107 receptus

2083 4118 2292 4195 fuerit,
2326 4139 2385 4180 eo
2417 4123 2564 4199 quod
2601 4124 2980 4200 interroqatus
3033 4125 3206 4183 talem
3248 4123 3638 4202 infirmitatem

2083 4215 2447 4291 manifestare
2478 4216 2754 4288 noluerit,
2778 4216 3126 4285 declaratur,
3171 4217 3514 4294 Reliqionem
3559 4218 3637 4278 ad

2082 4323 2208 4367 eum
2249 4309 2604 4370 retinendum
2651 4312 2879 4370 minime
2935 4313 3072 4371 velle
3128 4331 3234 4372 esse
3283 4313 3626 4390 obliqotam:

2082 4399 2436 4464 Franciscus
2456 4403 2759 4484 Spadarus
2784 4405 3110 4476 contendit,
3146 4404 3569 4483 professionem
3595 4425 3633 4469 a

2080 4513 2145 4556 se
2166 4495 2440 4557 emissam
2475 4517 2634 4558 anno
2661 4502 2833 4560 1709.
2861 4498 2924 4559 in
2946 4498 3237 4580 religione.
3267 4499 3632 4578 capuccino-

2079 4607 2217 4650 rum
2242 4634 2259 4662 ,
2291 4597 2596 4671 assumpto
2639 4591 2887 4652 nomine
2916 4591 3165 4653 loannis
3215 4592 3511 4655 Francisci
3556 4590 3632 4655 de

2079 4680 2373 4756 Messius,
2405 4683 2634 4746 nullam
2665 4682 2871 4755 fuisse,
2898 4691 2957 4745 et
3002 4683 3086 4746 sic
3113 4702 3177 4745 se
3212 4683 3498 4747 adversus
3537 4684 3629 4747 la·

2078 4794 2255 4855 psum
2309 4776 2712 4857 quinquennii
2741 4777 3067 4856 impetrare
3093 4797 3261 4858 posse
3306 4777 3628 4839 restitutio-

2078 4888 2217 4931 nem
2251 4870 2314 4931 in
2343 4871 2676 4953 integrum,
2709 4891 2845 4934 cum
2877 4872 3088 4934 morbo
3115 4871 3430 4952 epileptico
3457 4871 3627 4934 labo-

2073 4969 2196 5035 ret,
2226 4963 2554 5044 eodemque
2575 4963 2974 5038 laboraverit,
3005 4964 3149 5025 dum
3179 4973 3308 5026 erat
3331 4964 3392 5025 in
3418 4983 3625 5026 saecu-

2073 5055 2166 5126 lo,
2202 5058 2523 5136 antequam
2546 5057 2919 5139 Religionem
2942 5058 3391 5139 ingrederetur3
3422 5058 3623 5139 inquit

2071 5149 2234 5210 enim
2255 5195 2272 5222 ,
2295 5169 2371 5211 ex
2390 5148 2663 5231 allegatis
2682 5150 2882 5212 verbis
2904 5151 3358 5213 Constitutiouis
3379 5150 3617 5226 inferri,

2071 5262 2190 5304 non
2213 5244 2417 5307 adesse
2443 5264 2795 5308 eonsensum
2827 5245 3153 5328 Religionis
3174 5248 3236 5308 in
3259 5246 3621 5308 admissione

543 5333 639 5393 Vt.
666 5335 758 5393 An
783 5340 954 5416 possit
982 5338 1290 5419 Episcopus
1312 5342 1514 5401 nedum
1541 5344 1772 5405 visitare
1799 5346 1962 5408 Atta·
2065 5336 2142 5398 ad
2172 5335 2596 5418 professionem
2624 5343 2787 5421 ejus,
2809 5340 2915 5420 qui
2947 5342 3161 5402 morbo
3190 5340 3506 5421 epileptico
3536 5339 3621 5403 la-

415 5428 530 5500 ria,
559 5437 609 5488 et
633 5427 679 5488 C
681 5432 892 5508 apellas
918 5432 1298 5495 Ecclesiarum
1312 5437 1725 5515 praedictorum
1749 5440 1960 5503 Mona·

2069 5431 2241 5494 horat
2261 5479 2277 5507 ,
2299 5441 2357 5494 ct
2378 5453 2664 5496 consensu
2689 5433 3022 5506 deficiente,
3051 5454 3170 5497 uon
3192 5454 3317 5497 esse
3334 5432 3618 5498 dubitam-
