4393 6299
986 476 1060 541 ια’
1959 490 2405 557 onesi-iones
2441 488 2799 546 esnomcffi

808 643 1131 706 llissarum
1151 649 1249 706 60.
1280 643 1663 715 annualium,
1687 650 1749 707 et
1772 650 2114 708 contractus
2134 643 2252 707 suit
2272 643 2352 708 ab

806 738 1133 802 Ordinatio
1154 740 1552 820 approbatus3
1586 738 1664 801 de
1702 739 1831 822 ejus
1859 739 2082 802 etenim
2117 738 2354 802 utilita-

2897 643 3257 718 QUAESTIO
3301 638 3581 709 Lxx'tv.

803 843 865 897 te
888 834 1154 897 dubitari
1192 855 1311 897 noo
1343 842 1595 915 poterat,
1615 853 1755 896 cum
1790 834 2169 916 eleemosyna
2196 835 2349 897 Μίε-
2462 848 2533 908 ιη
2562 844 2754 910 Causa
2779 847 3074 929 Aliphana
3123 847 3473 909 Redditionis
3519 851 3787 920 rationis,
3825 851 3913 911 dio
3946 858 4005 913 3.

803 948 1008 991 sarum
1038 930 1342 992 ferialium
1376 941 1517 991 tunc
1535 939 1686 992 esset
1708 930 1772 990 in
1798 930 2006 990 solidis
2042 935 2141 992 20.
2174 938 2235 992 et
2260 931 2337 993 li-

806 1025 951 1086 brae
969 1030 1140 1086 1600.
1169 1024 1423 1087 traditae
1441 1044 1477 1086 a
1498 1024 1758 1104 Josepbo
1780 1034 1975 1086 essent
2004 1025 2020 1085 i
2029 1026 2344 1099 nvestitae,

800 1131 860 1182 et
880 1119 1195 1183 redderent
1210 1138 1321 1181 sex
1346 1138 1457 1200 pro
1480 1119 1838 1182 Centenario
1859 1119 2133 1200 quolibet
2160 1140 2343 1194 anno,

799 1215 884 1277 ita
915 1225 980 1277 ut
1007 1214 1262 1296 singolis
1287 1215 1465 1277 annis
1499 1215 1693 1278 librae
1714 1219 1812 1276 42.
1848 1222 2231 1277 remanerent
2267 1215 2345 1277 li-

800 1309 981 1371 berae
1008 1329 1118 1390 pro
1137 1309 1647 1372 confraternitate
1676 1351 1694 1370 .

917 1401 1207 1483 Capitale,
1235 1404 1400 1484 quod
1424 1402 1574 1464 olim
1597 1402 1905 1475 reddebat,
1930 1401 2016 1464 uti
2046 1401 2340 1478 diximus,

795 1518 923 1570 sex,
956 1497 1136 1559 hodie
1169 1498 1365 1560 reddit
1391 1496 1509 1560 tria
1532 1516 1642 1577 pro
1668 1497 2038 1569 centenario,
2068 1508 2127 1558 et
2156 1517 2341 1573 anno,

792 1603 854 1654 et
874 1592 1130 1655 ulterius
1146 1602 1324 1656 aucta
1347 1602 1437 1656 est
1458 1592 1760 1655 manualis
1784 1593 2171 1673 eleemosyna
2194 1594 2344 1655 Mis·

793 1707 1000 1750 sarum
1026 1689 1104 1751 ad
1131 1688 1354 1750 solidos
1374 1693 1471 1750 32.
1504 1708 1616 1769 pro
1636 1686 1909 1768 qualibet
1937 1688 2149 1762 Missa,
2173 1710 2344 1751 cum-

787 1798 911 1862 que
938 1781 1415 1845 Confraternitas
1440 1784 1784 1845 exoraverit
1820 1802 1929 1865 pro
1965 1783 2336 1857 reductione,

790 1886 846 1938 et
890 1877 1416 1940 Eminentissimus
1466 1876 1830 1940 Ordinarius
1881 1877 2208 1958 requisitus
2236 1899 2345 1959 pro

787 1970 1243 2043 informatione,
1274 1981 1335 2033 et
1362 1980 1529 2043 voto,
1552 1991 1688 2033 eam
1705 1972 1832 2053 juri
1875 1982 2338 2035 consentaneam

787 2065 1269 2141 existimaverit,
1321 2066 1641 2149 quaeritur
1658 2112 1677 2141 ,
1727 2085 1804 2128 an
1841 2067 1921 2129 sit
1943 2069 2338 2130 annuendum

787 2159 990 2240 petitis
1009 2202 1031 2244 .·
2145 2205 2148 2208 -
2244 2188 2250 2195 ·

906 2253 1028 2317 Pro
1056 2253 1406 2317 reductione
1440 2252 1606 2329 facit,
1637 2254 1807 2335 quod
1831 2273 1987 2316 onus
2015 2254 2344 2325 Missurum

784 2346 968 2411 bodie
1023 2347 1396 2430 adimpletur
1427 2348 1731 2430 erogando
1788 2350 2021 2413 reditus
2069 2350 2329 2412 aliorum

785 2442 1146 2524 legatorum,
1167 2451 1274 2504 aut
1300 2442 1731 2526 eleemosynas,
1754 2463 1907 2524 quas
1927 2443 2335 2506 Consu-aterni·

784 2545 876 2599 tas
902 2538 1118 2618 recipit
1141 2557 1177 2600 a
1201 2538 1316 2619 piis
1343 2538 1676 2613 Fidelibus,
1701 2537 1776 2600 ad
1809 2539 1974 2619 quod
1992 2540 2330 2601 absurdum

780 2631 1133 2694 evitandum
1160 2680 1177 2703 ,
1227 2632 1470 2694 videtur
1493 2678 1512 2706 ,
1565 2634 1727 2713 qnod
1776 2632 1990 2695 debeat
2016 2652 2142 2695 esse
2169 2633 2335 2696 locus

781 2726 1163 2801 reductioni3
1219 2735 1281 2788 et
1331 2726 1527 2795 multo
1556 2727 1785 2807 magis,
1834 2747 1972 2790 cum
2003 2726 2199 2791 librae
2229 2733 2327 2791 42.

780 2838 939 2899 quae
970 2818 1117 2881 olim
1146 2818 1374 2881 liberae
1402 2821 1797 2882 remanebant
1824 2841 1933 2902 pro
1981 2821 2329 2884 Confrater-

782 2917 991 2984 nitate,
1007 2913 1240 2976 fuerint
1255 2933 1554 2994 expensae
1571 2934 1683 2995 pro
1701 2916 2158 2977 manutentione
2170 2918 2328 3001 Con·

777 3007 1199 3080 fraternitatis,
1226 3016 1285 3070 et
1318 3007 1640 3081 Ecclesiae,
1676 3010 1761 3072 ita
1790 3019 1858 3071 ut
1885 3030 1994 3072 nec
2014 3013 2325 3093 antiquio-

777 3122 899 3177 res,
946 3121 1054 3165 nec
1085 3111 1426 3186 praesentes
1466 3104 1812 3168 Confratres
1859 3104 2055 3169 ullum
2110 3110 2190 3171 ab
2238 3108 2328 3172 eis

775 3198 1184 3270 commodum,
1198 3188 1302 3260 seu
1314 3199 1610 3280 privatam
1621 3200 1943 3289 utilitatem
1958 3203 2312 3283 receperint.

895 3293 1066 3356 Facit
1093 3312 1129 3355 e
1154 3301 1363 3355 contra
1390 3285 1677 3357 adversus
1700 3295 2130 3371 reductionem,
2157 3299 2333 3379 quod.

775 3385 915 3450 licet
934 3407 1005 3450 ea
1023 3387 1141 3450 sibi
1170 3387 1435 3451 vindicet
1463 3388 1671 3451 locum·
1692 3391 1874 3452 etiam
1905 3391 1967 3451 in
1993 3392 2189 3458 Missis
2213 3413 2320 3473 per

774 3490 1148 3545 contractum
1176 3482 1516 3564 acceptatis,
1543 3483 1998 3564 quandotractu
2029 3488 2317 3568 temporis
2363 3529 2364 3536 κ

772 3585 1114 3638 contractus
1134 3575 1444 3638 reducitur
1462 3576 1540 3638 ad
1568 3577 1974 3658 iniquitatem,
1998 3589 2059 3641 et
2084 3581 2161 3642 ad
2188 3580 2316 3643 lae-

2974 944 3289 1004 Decembris
3323 947 3495 1004 1718.

2462 1071 2820 1194 Contendit
2862 1131 3041 1194 Curia
3065 1131 3435 1212 Episcopalis
3463 1131 3764 1212 Aliphana
3784 1179 3799 1203 ,
3834 1135 3998 1215 qood

2459 1226 2798 1308 Presbyteri
2828 1226 3130 1288 Ecclesiae
3163 1227 3227 1286 S.
3285 1226 3532 1288 Antonii
3565 1237 3738 1290 extra
3764 1230 4004 1291 Partem

2460 1322 2788 1401 nuncupati
2807 1323 3028 1383 Terrae
3040 1321 3416 1383 Pedemontis
3430 1330 3746 1384 teneantur
3768 1324 3842 1384 ad
3868 1326 4006 1386 red-

2457 1414 2746 1476 ditionem
2779 1415 3031 1477 rationis
3085 1417 3431 1488 Bonorum,
3483 1424 3542 1477 et
3570 1417 3873 1479 redituum
3925 1419 4005 1480 ad

2455 1509 2708 1570 eandem
2731 1508 3059 1570 Ecclesiam
3093 1508 3545 1589 pertinentium,
3575 1521 3635 1571 et
3654 1512 3818 1592 quod
3848 1510 4004 1574 ulto-

2455 1604 2585 1664 rius
2611 1623 2731 1665 non
2776 1603 2855 1665 sit
2883 1603 3081 1666 valida
3125 1603 3338 1665 electio
3388 1605 3803 1666 Procuratoris
3822 1652 3840 1679 ‚
3894 1625 4003 1667 seu

2454 1698 2979 1762 Administratoris
3034 1699 3113 1760 ab
3149 1697 3294 1779 ipsis
3334 1698 3490 1762 facta
3513 1747 3531 1771 ,
3581 1700 3907 1772 bonorum,
3942 1710 4004 1764 et

2453 1794 2757 1856 redituum
2811 1792 3207 1871 spectantium
3262 1791 3339 1855 ad
3384 1792 3732 1874 Cappellam
3781 1796 4003 1857 Beatae

2451 1887 2692 1958 Mariae
2709 1887 2788 1949 de
2817 1888 3021 1948 Monte
3039 1885 3314 1948 Carmelo
3331 1898 3589 1950 erectam
3620 1888 3684 1949 in
3710 1908 4003 1951 memora·

2452 1993 2511 2048 ta
2539 1982 2800 2046 Ecclesia
2823 1981 3024 2045 Sancti
3051 1982 3322 2053 Antonii,
3348 1982 3450 2045 sed
3477 1984 3639 2063 quod
3666 1982 3869 2045 valida
3896 1985 3997 2060 sit,

2448 2089 2507 2140 et
2521 2078 2888 2141 sustineatur
2915 2076 3226 2158 deputatio
3272 2076 3709 2150 Procuratoris,
3740 2096 3845 2139 seu
3872 2079 3997 2140 Ad-

2447 2171 2875 2240 ministratoris
2924 2172 3226 2233 bonorum
3260 2219 3277 2246 ,
3333 2181 3394 2236 et
3440 2172 3749 2235 redituum
3798 2174 3998 2238 dictae

2446 2268 2764 2351 Cappellae
2780 2288 2817 2331 a
2838 2289 2901 2332 se
2919 2269 3073 2333 facta
3087 2269 3149 2330 in
3174 2288 3428 2350 persona
3452 2268 3788 2332 Sacerdotis
3807 2271 3997 2333 Fran·

2444 2364 2581 2430 cisci
2615 2365 2823 2447 Bojani
2852 2409 2869 2425 .

2562 2450 3048 2524 Fundamentum
3061 2458 3496 2539 praetensionis
3515 2458 3870 2520 redditionis
3890 2480 3992 2524 ra-

2445 2555 2624 2619 tionis
2679 2557 2980 2641 bonorum
3006 2601 3022 2628 ,
3062 2563 3122 2616 et
3164 2554 3470 2617 redituum
3535 2553 3609 2615 ad
3659 2554 3992 2618 Ecclesiam

2440 2651 2641 2714 Sancti
2670 2650 2916 2713 Antonii
2944 2649 3341 2730 spectantium
3371 2649 3745 2728 potissimum
3767 2652 3995 2713 consti-

2439 2746 2633 2808 tuitur.
2652 2748 2716 2806 in
2735 2767 2858 2826 cap.
2885 2750 2943 2805 9.
2970 2765 3098 2805 sess.
3123 2744 3563 2820 22.deResorm.
3590 2744 3655 2804 in
3682 2764 3802 2825 qua
3825 2745 4000 2808 dero·

2439 2848 2617 2921 gatnr
2643 2837 3213 2910 consuetudinibus,
3240 2846 3301 2898 et
3330 2837 3698 2919 privilegiis,
3735 2858 3895 2918 quae
3924 2840 3991 2902 in

2437 2942 2643 2996 contra
2652 2933 2826 3005 rium·
2844 2930 3099 3012 allegari
3128 2938 3396 3011 possent.

2555 3027 3040 3089 Fundamentum
3064 3024 3521 3105 praetensionis,
3545 3026 3707 3106 quod
3738 3047 3856 3090 non
3879 3049 3987 3089 so-

2434 3122 2728 3186 stineatur
2752 3120 2960 3184 electio
2994 3117 3429 3191 Procuratoris,
3455 3140 3560 3182 seu
3583 3122 3989 3186 Administra-

2434 3218 2582 3279 toris
2600 3218 2924 3286 bonorum,
2956 3224 3015 3277 et
3047 3212 3351 3276 redituum
3398 3215 3717 3295 Cappellae
3765 3218 3988 3281 Beatae

2433 3313 2664 3390 Mariae
2689 3313 2764 3373 de
2797 3312 3003 3372 Monte
3032 3309 3306 3371 Carmelo
3333 3328 3369 3370 a
3404 3310 3579 3371 dictis
3613 3311 3988 3393 Presbyteris

2433 3407 2622 3477 sacta,
2668 3406 2768 3467 sed
2807 3404 2966 3485 quod
2999 3404 3198 3484 potius
3244 3404 3322 3466 sit
3362 3405 3565 3468 valida
3611 3405 3714 3467 illa
3742 3454 3758 3477 ,
3788 3426 3977 3486 quam

2432 3501 2592 3564 idem
2614 3496 2940 3581 Episcopus
2969 3498 3107 3560 fecit
3137 3500 3198 3559 in
3232 3518 3486 3579 persona
3516 3500 3850 3562 Sacerdotis
3870 3503 3983 3563 Bo-

2422 3595 2579 3676 J'ani,
2604 3595 2922 3675 reponitur
2948 3593 3007 3653 in
3032 3593 3169 3665 hoc,
3192 3594 3352 3674 quod
3373 3594 3437 3655 in
3458 3593 3746 3656 electione
3768 3615 3803 3657 a
3830 3596 3978 3658 Pre-

771 3669 1001 3732 siouem
1036 3669 1113 3732 ad
1144 3671 1433 3733 termium
1470 3671 1695 3746 Τθῑῑῦδ,
1719 3675 1786 3734 ‘'ss
1823 3674 1895 3736 L·
1928 3695 2055 3736 cum
2078 3678 2317 3756 quidam
2430 3689 2689 3773 sbyteris
2725 3688 2882 3751 facta
2904 3737 2917 3758 ‚
2953 3709 3070 3749 non
3101 3687 3216 3750 fuit
3246 3696 3481 3750 servata
3512 3687 3708 3750 forma
3744 3690 3979 3753 Decreti

769 3764 834 3846 ff.
858 3765 924 3826 ds
948 3764 1173 3836 Usuris,
1200 3784 1322 3826 non
1343 3765 1584 3828 videtur
1610 3775 1831 3842 tamen,
1861 3770 2024 3850 quod
2047 3771 2320 3834 reductio

768 3858 847 3921 sit
875 3858 938 3921 in
977 3858 1293 3941 hypothesi
1344 3860 1546 3935 statim
1575 3861 1977 3945 indulgenda,
2020 3866 2122 3926 sed
2151 3865 2314 3945 quod

770 3953 941 4035 prius
971 3953 1181 4017 baberi
1212 3955 1427 4017 debeat
1453 3956 1611 4019 ratio
1639 3976 1850 4019 earum
1875 3958 2176 4021 librarum
2209 3965 2314 4022 42.

767 4066 926 4129 quae
947 4067 1055 4129 per
1075 4047 1322 4128 aliquod
1355 4053 1644 4131 temporis
1668 4047 2057 4115 intervallum
2081 4055 2313 4117 liberae

766 4149 1189 4203 remanserunt
1208 4160 1319 4221 pro
1330 4142 1855 4219 Confraternitate,
1870 4151 2311 4228 compensando

764 4233 1044 4297 videlicet
1069 4234 1448 4298 sterilitatem
1479 4231 1781 4300 annorum
1809 4240 2309 4323 subsequentium

760 4348 900 4391 cum
948 4327 1261 4391 fertilitate
1312 4330 1797 4410 praecedentium
1830 4335 2007 4414 juxta
2056 4338 2314 4400 Textum

761 4422 828 4484 in
860 4443 986 4504 cap.
1011 4433 1247 4506 propter
1287 4427 1646 4488 sterilitatem
1671 4428 1737 4489 de
1766 4430 1931 4490 locat.
1966 4442 2018 4493 st
2046 4434 2305 4496 conduct.

880 4518 994 4581 His
1025 4518 1325 4580 stantibus
1352 4564 1372 4592 ,
1406 4507 1738 4600 'quaeritur

879 4613 975 4676 An
995 4615 1071 4673 sit
1096 4614 1244 4674 lom
1271 4613 1588 4674 reductioni
1617 4615 1681 4674 in
1698 4635 1835 4678 cusu
1857 4660 1875 4678 .

855 4820 1019 4869 Sacra
1045 4817 1243 4886 Congr.
1274 4818 1572 4887 responditr

939 4907 1154 4972 Dilata,
1171 4918 1223 4959 ee
1236 4907 1974 4964 scribaturEminentis-se'mo
2003 4913 2280 4982 Episcopo
2289 4956 2308 4981 ,

756 5007 815 5047 nt
841 4993 1119 5065 exprimat
1141 5005 1351 5061 tempus
1369 5032 1384 5058 ,
1436 5012 1545 5062 quo
1597 4998 1803 5050 reditus
1828 4999 2201 5053 laves-timenti
2226 5002 2312 5055 de·

751 5085 990 5136 erescere
1014 5093 1327 5152 coeperunt,
1361 5094 1414 5135 ee
1439 5100 1548 5151 quo
1574 5087 1920 5155 eleemosyna
1946 5087 2150 5141 Missae
2177 5088 2311 5157 suit

747 5170 937 5235 auced,
957 5182 1010 5223 ee
1029 5187 1100 5221 an
1133 5167 1573 5238 confraternitas
1595 5172 1800 5228 habeat
1811 5175 1954 5228 bona
1983 5178 2193 5246 legatis,
2220 5191 2316 5232 aut

753 5258 1013 5312 oneribus
1050 5257 1318 5328 obligata,
1352 5271 1403 5312 ec
1423 5276 1532 5314 non
1560 5260 1765 5320 lrabeat
1788 5276 2015 5334 argenta
2047 5303 2061 5318 .

2428 3785 2573 3847 editi
2603 3805 2636 3847 a
2669 3783 2852 3846 Curia
2881 3783 3218 3862 Episcopali
3243 3829 3258 3856 ,
3317 3782 3480 3862 quod
3509 3783 3983 3847 Administrator

2428 3879 2732 3952 videlicet,
2765 3898 2869 3940 seu
2905 3878 3267 3938 Procurator
3299 3875 3478 3957 hujus
3504 3877 3827 3958 Cappellae
3857 3900 3981 3941 non

2425 3972 2773 4055 eligeretur,
2806 3971 2920 4032 nisi
2952 3969 3077 4041 ille,
3110 3970 3216 4051 qui
3246 3979 3399 4032 esset
3422 3969 3812 4033 facultatibus
3845 3972 3977 4035 ido-

2427 4087 2597 4139 neus,
2614 4066 2707 4128 vel
2722 4064 3230 4147 quisuflicientem
3249 4072 3585 4144 praestaret
3606 4067 3974 4138 cautionem,

2424 4160 2588 4242 quod
2616 4161 2759 4222 item
2809 4158 3020 4220 electio
3047 4156 3216 4219 fieret
3246 4177 3353 4237 per
3387 4166 3614 4220 secreta
3663 4159 3978 4242 suffragia,

2426 4255 2588 4336 quod
2641 4254 2865 4335 pariter
2899 4253 2978 4314 ab
2999 4251 3535 4314 ‘Administratore
3565 4263 3975 4333 praestaretur

2417 4351 2835 4432 juramentum
2848 4347 2925 4411 de
2937 4346 3196 4409 fideliter
3206 4346 3714 4422 administrando,
3729 4357 3789 4410 et
3810 4349 3976 4429 quod

2421 4462 2542 4505 non
2567 4441 2914 4524 eligeretur,
2946 4440 3052 4522 qui
3077 4438 3315 4502 debitor
3341 4449 3683 4504 remaneret
3709 4441 3773 4504 in
3795 4462 3976 4524 prae·

2423 4537 2656 4600 cedenti
2684 4536 3214 4599 administratione
3228 4579 3245 4595 .

2540 4632 2787 4712 Absque
2815 4629 3075 4716 eoquod
3127 4629 3465 4711 quidquam
3509 4630 3653 4694 facit
3693 4639 3977 4713 praeten-

2339 4740 2345 4746 ’
2422 4746 2555 4789 sum
2587 4746 2621 4790 a
2650 4725 3073 4788 Sacerdotibus
3110 4725 3575 4805 Juspatronatus
3613 4726 3675 4786 in
3705 4726 3975 4791 Ecclesia

2418 4821 2622 4884 Sancti
2652 4818 2925 4891 Antonii,
2956 4820 3179 4900 primo,
3209 4820 3356 4901 quia
3384 4840 3507 4881 non
3528 4820 3726 4882 solum
3755 4841 3832 4882 ex
3866 4839 3973 4883 eo·

2421 4935 2559 4976 rum
2587 4913 2786 4984 bonis,
2817 4913 2918 4975 sed
2940 4914 3122 4975 etiam
3150 4933 3226 4975 ex
3250 4913 3643 4996 eleemosynis
3666 4912 3969 4976 Fidelium

2420 5009 2673 5071 fundata
2703 5007 2818 5069 fuit
2849 5006 3115 5069 Ecclesia
3134 5006 3464 5088 praedicta,
3492 5007 3645 5068 itaut
3671 5006 3747 5068 de
3767 5007 3970 5069 subsi-

2416 5102 2633 5165 stentia
2649 5102 3184 5184 jurispatronatus,
3215 5101 3323 5162 etsi
3354 5121 3390 5162 a
3413 5100 3970 5182 praedecessoribus

2418 5199 2760 5279 approbati,
2793 5196 3195 5259 dubitandum
3223 5195 3334 5268 sit;
3363 5195 3622 5256 secundo
3666 5195 3812 5275 quia
3843 5214 3967 5257 non

2418 5300 2508 5353 est
2529 5293 2605 5353 de
2649 5293 2790 5374 jure
2818 5289 3180 5370 permissum
3205 5288 3482 5350 Patronis
3505 5307 3569 5350 se
3598 5289 3874 5371 ingerere
3901 5290 3968 5352 in

2416 5384 2942 5449 administratione
2964 5385 3260 5446 bonorum
3284 5381 3583 5445 Ecclesiae
3596 5384 3774 5462 juxta
3807 5386 3966 5446 Tex-

2420 5489 2550 5543 tum
2586 5482 2651 5541 io
2696 5497 2823 5562 cap.
2875 5478 3181 5543 Praeterea
3215 5480 3276 5542 4.
3328 5478 3396 5540 do
3442 5475 3968 5560 humanitates,-
