4393 6299
893 640 1010 705 111.
1040 642 1139 712 A}
1166 643 1410 705 munda
1434 642 1626 703 electio
1662 641 1906 721 ejusdem
1934 639 2152 705 Decani
2174 641 2334 721 facta

775 736 853 799 ad
870 736 1229 819 praedictum
1260 736 1524 817 Officium
1561 735 1883 799 Vicasiatus
1907 728 2094 817 viq‘ors
2117 746 2333 808 senten-

775 833 890 893 tiae
915 831 1143 893 Iudicis
1185 832 1636 912 appellationum
1662 832 1845 911 Reqni
1869 830 2184 895 Sardiniae
2214 832 2334 909 [κο-

769 926 854 986 rit
879 926 1107 1001 calida,
1137 927 1224 986 cel
1245 928 1436 1007 polias
1463 927 1664 996 nulla,
1695 935 1746 986 ct
1772 934 2056 988 attentata
2076 969 2097 1000 ,
2141 926 2209 986 in
2231 945 2331 987 ca-

772 1038 843 1081 su
867 1029 972 1081 stc.

878 1210 1032 1263 Sacra
1057 1209 1256 1284 Congr-
1283 1210 1600 1280 respondit:

952 1296 1051 1350 Aa
1065 1297 1308 1367 primum
1346 1298 1604 1366 negatis-e.
1633 1296 1730 1351 Ad
1757 1297 2053 1351 secundum
2084 1294 2332 1369 ffrma·

770 1386 893 1440 cive.
920 1384 1018 1439 Ad
1038 1385 1264 1440 tertiam
1289 1384 1657 1455 affirmative,
1685 1397 1739 1439 et
1762 1386 2018 1456 amplius.

1210 1594 1573 1671 QuAEs‘no
1613 1595 1866 1659 ccxct.

782 1782 857 1846 ιιι
881 1781 1071 1845 Dubio
1102 1741 1508 1856 umam-ae,
1537 1783 1755 1847 aio-21.
1783 1783 2117 1892 Novqmbrt·
2144 1787 2322 1846 1722.

772 1909 909 2032 Ab
927 1967 1221 2050 Episcopo
1251 1976 1426 2033 extra
1453 1969 1679 2033 Urbem
1705 1967 1958 2052 degente
1981 1988 2091 2051 pro
2115 1969 2328 2052 regula

773 2062 1277 2125 conscientiarum
1296 2061 1679 2127 humillimus
1700 2064 1778 2127 ad
1804 2063 1963 2127 hanc
1984 2064 2150 2127 Sacr.
2173 2064 2329 2127 Con·

771 2155 1181 2239 gregationem
1223 2157 1480 2221 babetur
1513 2177 1826 2232 recursus,
1853 2168 1926 2220 ut
1949 2157 2325 2238 declaretur,

773 2247 852 2313 an
879 2250 1380 2332 impedimentum
1405 2252 1676 2335 justitiae
1700 2252 1979 2335 publicae
1999 2251 2330 2316 honestatis

770 2344 974 2407 oriens
999 2365 1076 2408 ex
1109 2345 1502 2408 Matrimonio
1543 2366 1733 2428 puro,
1775 2356 1835 2410 et
1870 2366 1989 2410 non
2032 2347 2329 2410 conditio·

771 2446 949 2511 nato,
991 2449 1163 2513 rato,
1210 2448 1269 2512 et
1314 2460 1437 2502 non
1472 2450 1888 2505 consummato
1913 2486 1931 2514 ,
1976 2440 2080 2503 sed
2119 2440 2326 2513 nullo,

772 2551 895 2594 non
929 2542 1128 2595 tamen
1155 2554 1236 2596 ex
1265 2533 1498 2597 defectu
1530 2554 1896 2607 consensus,
1927 2554 2049 2597 uon
2079 2529 2331 2599 eicedat

772 2626 1038 2706 primum
1068 2627 1358 2707 gradum,
1372 2630 1558 2707 juxta
1581 2649 1709 2709 cap.
1739 2633 1798 2690 3.
1827 2649 1957 2690 sess.
1988 2632 2089 2690 24.
2119 2629 2187 2690 ds
2215 2629 2329 2691 Ro-

771 2719 1003 2796 format.
1037 2719 1131 2781 vel
1166 2719 1365 2800 potius
1389 2720 1751 2783 extendatur
1777 2722 1852 2783 ad
1882 2731 2170 2802 quartum
2190 2770 2206 2793 ‚
2225 2724 2331 2801 ju-

771 2823 883 2873 xta
939 2812 1409 2876 Constitutionsm
1458 2819 1558 2877 62.
1610 2815 1681 2877 S.
1734 2815 1839 2877 Pii
1891 2814 2102 2891 Quinti
2152 2815 2322 2879 Bau.

774 2916 908 2965 tom.
941 2910 1000 2966 2.
1316 2958 1322 2962 .

893 2998 972 3060 Ut
990 3007 1193 3063 autem
1226 3000 1289 3063 in
1323 3009 1630 3082 comperto
1655 3002 1765 3075 sit,
1798 3002 1945 3084 quid
1981 3022 2019 3065 a
2045 3003 2329 3067 Scriben-

769 3092 965 3168 tibus,
991 3094 1226 3176 etquid
1254 3095 1336 3158 ab
1364 3094 1478 3158 hac
1495 3094 1677 3159 Sacra
1700 3096 2176 3180 Congregatione
2195 3099 2329 3163 fue·

771 3188 857 3251 rit
881 3188 1033 3252 alias
1063 3189 1429 3268 resolutum,
1462 3209 1683 3272 operae
1712 3193 1972 3272 pretium
1999 3213 2128 3256 esse
2159 3194 2326 3258 vide-

770 3291 874 3346 tur
901 3283 1199 3347 nonnulla
1227 3273 1540 3348 adnotare.
2201 3287 2205 3289 ’

893 3368 1313 3452 Primum-est,
1349 3379 1512 3459 quod
1545 3378 1609 3441 in
1644 3380 1918 3443 terminis
1955 3382 2328 3463 sponsalium

769 3471 847 3533 de
886 3471 1135 3546 futuro,
1184 3492 1343 3554 quae
1381 3492 1534 3554 pura
1575 3475 1732 3548 sint,
1770 3485 1831 3538 et
1859 3486 2054 3549 certa,
2101 3485 2163 3540 et
2206 3497 2329 3541 non

769 3566 1179 3630 conditionata
1196 3613 1214 3641 ,
1244 3568 1349 3630 sed
1379 3567 1648 3631 invalida
1672 3579 2095 3652 praeterquam
2120 3591 2201 3634 ex
2220 3571 2327 3655 de-

769 3658 928 3723 fectu
963 3680 1287 3724 consensus
1310 3707 1329 3736 ,
1371 3661 1867 3745 distinguendum
1914 3684 2044 3732 esse
2085 3660 2329 3730 videtur

768 3752 929 3815 inter
945 3754 1046 3834 jus
1068 3754 1388 3835 antiquum
1404 3800 1422 3828 ,
1445 3757 1548 3836 Jus
1570 3756 1835 3817 medium
1853 3803 1870 3828 ,
1895 3767 1958 3823 et
1972 3759 2075 3839 jus
2095 3769 2326 3840 postre-

769 3867 940 3909 mum
984 3848 1151 3910 Sacri
1193 3848 1447 3911 Consilii
1481 3849 1845 3913 Tridentini.
1877 3851 2209 3933 Loquendo
2253 3856 2329 3917 de

764 3943 906 4024 jure
943 3942 1313 4027 antiquiori,
1347 3942 1630 4005 nonnulli
1672 3955 1888 4026 putant
1927 3945 2326 4027 impedimen·

766 4044 897 4099 tum
934 4038 1210 4117 publicae
1249 4032 1580 4100 honestatis
1613 4038 1729 4101 sibi
1763 4039 2097 4104 vindicasse
2127 4041 2326 4121 locum

767 4129 832 4190 in
876 4130 1259 4210 sponsalibus
1287 4130 1364 4194 de
1395 4130 1602 4194 futuro
1645 4132 1842 4212 puris,
1875 4141 1938 4196 et
1973 4135 2188 4209 certis,
2221 4139 2325 4200 sed

767 4222 1088 4297 invalidis,
1120 4233 1545 4304 praeterquam
1584 4245 1662 4287 ex
1703 4226 1938 4289 defectu
1965 4247 2322 4307 consensus,

769 4314 1113 4403 GonzaLin
1137 4337 1264 4398 cap.
1291 4319 1368 4380 ad
1400 4320 1756 4381 audientiam
1776 4341 1838 4381 n.
1865 4327 1925 4382 7.
1952 4323 2018 4384 de
2046 4319 2318 4405 Sponsal.

768 4409 1043 4484 Cleo-icat.
1069 4413 1136 4472 de
1159 4411 1425 4474 Sacram.
1452 4413 1723 4476 Matrim-
1755 4417 1921 4478 desis.
1947 4422 2046 4478 30.
2069 4438 2231 4481 num.
2257 4426 2318 4483 5.

764 4503 1037 4584 Pirhinq.
1070 4507 1148 4567 ad
1184 4508 1282 4566 tib.
1316 4512 1374 4568 4.
1415 4506 1695 4570 Dect-stat.
1729 4512 1822 4570 tit.
1881 4515 1937 4571 1.
1987 4522 2118 4574 sect.
2154 4517 2211 4576 1.
2252 4514 2319 4597 S.

765 4603 826 4659 6.
857 4619 1020 4660 nam.
1067 4605 1167 4661 33.
1210 4600 1599 4667 Contrarium
1640 4603 1721 4665 ab
1761 4602 1902 4666 aliis
1931 4604 2324 4684 docetur,.et

763 4692 1073 4774 signanter
1109 4714 1146 4757 a
1174 4695 1488 4758 Passerino
1512 4699 1580 4757 in
1602 4717 1733 4777 cap.
1777 4700 1946 4760 unico
1971 4719 2131 4763 nam.
2162 4708 2224 4764 5.
2256 4704 2324 4766 ds

760 4786 1032 4868 Sponsal.
1064 4790 1129 4848 in
1157 4793 1217 4848 6.
1250 4790 1356 4851 ubi
1383 4797 1552 4853 notat
1576 4791 1653 4852 de
1672 4793 1814 4873 jure
1832 4792 2167 4875 antiquiori
2196 4817 2320 4864 non

762 4879 1026 4943 adfuisse
1076 4879 1192 4943 hoc
1241 4881 1740 4962 impedimentum
1765 4933 1784 4958 ,
1837 4905 1915 4949 ex
1959 4905 2085 4968 quo
2128 4889 2322 4953 Divus

761 4973 1023 5036 Thomas
1062 4976 1128 5033 in
1156 4985 1430 5054 quartam
1467 4975 1723 5041 sentent.
1768 4981 1904 5042 dist.
1952 4986 2051 5044 41.
2103 4994 2221 5045 art.
2257 4991 2315 5048 1.

761 5078 978 5147 quaest.
1014 5072 1073 5127 8.
1107 5067 1184 5129 ad
1216 5070 1446 5133 tertium
1486 5070 1690 5134 docuit
1714 5071 1883 5136 villud
1922 5072 2320 5156 impedimen-

758 5168 889 5222 tum
932 5179 1054 5222 non
1083 5161 1234 5222 oriri
1267 5181 1345 5227 ex
1374 5164 1756 5244 spomalibus
1795 5166 2002 5231 nullis.
2032 5172 2114 5232 At
2136 5172 2318 5252 qnid-

759 5254 911 5335 quid
937 5255 1015 5317 sit
1045 5253 1122 5316 de
1156 5254 1308 5327 boc,
1333 5264 1567 5321 attento
1598 5259 1740 5340 jure
1763 5262 1996 5335 medio,
2023 5283 2102 5327 ex
2142 5284 2319 5347 spon-
2368 5343 2369 5349 ἵ

758 5347 990 5410 salibus
1012 5346 1214 5428 puris,
1237 5356 1299 5411 et
1319 5351 1498 5415 certis
1524 5355 1724 5433 quavis
1742 5357 1964 5417 ratione
1980 5359 2151 5420 nulla
2173 5360 2315 5432 sint,

759 5441 1056 5503 dummodo
1102 5461 1217 5504 non
1255 5445 1370 5508 sint
1411 5447 1582 5509 nulla
1625 5465 1702 5508 ex
1735 5448 1948 5527 defectu
1986 5471 2282 5519 consensus
2294 5498 2315 5530 ,

1980 489 2426 558 emesa-lones
2463 489 2819 543 cmomcss

2434 644 2624 704 oritur
2663 642 2896 723 efficax,
2925 640 3003 705 ad
3043 641 3487 725 impediendum,
3514 651 3569 704 et
3609 640 3988 704 dirimendum

2436 739 2725 818 sequentia
2750 735 3093 819 sponsalia,
3116 738 3204 800 vel
3224 737 3611 801 Matrimonia
3626 785 3646 809 ,
3665 757 3781 799 non
3800 746 3991 798 auten·

2438 832 2518 895 acl
2538 826 2926 913 praecedentia
2951 831 3394 907 dissolvendum,
3421 834 3884 914 impedimentum
3893 833 3991 912 ja·

2437 929 2628 988 stitiae
2666 927 2926 1006 publicae
2965 926 3303 996 honestatis,
3344 925 3433 989 uti
3481 926 3834 990 solemniter
3875 925 3994 991 fuit

2437 1020 2703 1082 decisum
2750 1039 2786 1083 a
2814 1018 3125 1083 Bonifacio
3153 1019 3324 1081 vm.
3358 1022 3423 1081 in
3455 1022 3630 1083 citato
3668 1042 3795 1104 cap.
3826 1025 3992 1083 nnieo

2438 1116 2504 1175 de
2530 1115 2859 1195 Sponsalib.
2890 1116 2955 1174 in
2992 1119 3051 1175 6.
3082 1113 3197 1176 Sed
3232 1113 3378 1183 huic
3405 1107 3833 1181 Bonifacianae
3869 1118 3992 1179 ¹De-

2437 1208 2643 1271 cretali
2665 1207 3017 1291 derogatum
3041 1206 3160 1271 fuit
3178 1228 3214 1271 a
3238 1208 3423 1272 Sacro
3445 1210 3713 1274 Concilio
3739 1210 3992 1273 Triden-

2439 1303 2567 1363 tino
2592 1323 2720 1363 scss.
2752 1307 2851 1363 24.
2884 1303 2950 1362 de
2970 1302 3283 1381 Rosos-mat.
3310 1302 3581 1365 Matrim.
3613 1323 3737 1384 cap.
3771 1309 3829 1365 3.
3879 1303 3989 1366 ubi

2436 1396 2521 1457 sic
2548 1395 2799 1477 legitur:
2828 1395 3120 1457 Iustitiae¹
3138 1396 3394 1475 publicae
3427 1388 3729 1459 honestatis
3751 1399 3991 1478 impedi-

2435 1500 2714 1563 mentum,
2738 1492 2840 1551 ubi
2860 1481 3149 1571 sponsalia
3174 1510 3525 1571 quacumque
3554 1493 3772 1554 ratione
3796 1494 3989 1555 calida

2432 1606 2548 1647 non
2584 1594 2787 1657 erunt,
2819 1582 3043 1647 Sancta
3084 1583 3353 1665 Synodus
3394 1606 3627 1668 prorsus
3667 1590 3848 1661 tollit,
3889 1589 3991 1648 ubi

2432 1692 2622 1743 antem
2646 1680 2844 1743 calida
2869 1679 3117 1758 suerint,
3146 1681 3399 1761 primum
3425 1681 3671 1761 qratiam
3705 1701 3820 1743 non
3838 1702 3993 1744 exce-

2433 1777 2570 1849 dat,
2597 1783 2660 1838 et
2681 1774 2798 1838 hoc
2828 1773 3326 1862 impedimentum
3346 1775 3701 1839 ‚restrictum
3738 1774 3818 1839 ad
3864 1774 3989 1858 pri-

2433 1889 2601 1932 mum
2644 1868 2903 1951 gradum
2929 1868 3147 1942 durat,
3177 1868 3417 1932 etiamsi
3443 1868 3749 1951 sponsalia
3777 1870 3991 1932 mutuo

2432 1965 2652 2028 deinde
2706 1982 3002 2027 consensu
3059 1961 3470 2026 dissolvantur
3503 2008 3523 2039 ,
3579 1962 3910 2027 dummodo
3953 1982 3996 2027 a

2434 2058 2735 2141 principio
2781 2056 2984 2122 valida
3032 2056 3304 2130 fuerint,
3344 2058 3521 2139 juxta
3562 2056 3992 2121 resolutionem

2432 2151 2617 2237 hujus
2666 2151 2883 2216 Sacrae
2918 2151 3411 2233 Congregationis
3444 2172 3479 2214 a
3508 2152 3757 2216 Summo
3789 2150 3993 2215 Ponti-

2432 2246 2545 2310 fice
2568 2245 2915 2308 Alexandro
2942 2244 3083 2308 vn.
3115 2246 3513 2327 approbatam
3543 2247 3698 2327 apud
3722 2246 3986 2327 Faqnan.

2432 2342 2499 2400 in
2523 2360 2647 2420 cap.
2679 2341 2758 2401 ad
2783 2340 3141 2402 audientiam
3167 2359 3328 2401 nam.
3356 2344 3457 2401 29.
3477 2342 3555 2401 -de
3581 2338 3909 2421 sponsalib.
3938 2350 3993 2402 et

2433 2433 2779 2497 Matr-imon.
2797 2442 2859 2497 et
2878 2435 3032 2498 bene
3049 2433 3369 2497 adnotavit
3385 2432 3683 2496 Cabassut.
3702 2437 3766 2496 in
3787 2434 3988 2496 Theor.

2434 2540 2485 2590 st
2506 2531 2862 2611 praoeijaris
2891 2528 3172 2592 Canoniei
3201 2531 3298 2590 lib.
3333 2535 3391 2591 3.
3422 2549 3548 2611 cap.
3576 2534 3677 2592 24.
3701 2550 3862 2608 num.
3890 2533 3989 2591 17.

2552 2623 2893 2687 Secundum
2936 2635 3060 2698 est,
3089 2623 3412 2687 excitatam
3454 2622 3600 2685 olim
3629 2623 3995 2686 fnisse‘con·

2436 2720 2825 2793 troversiam,
2856 2738 2932 2781 an
2975 2718 3271 2800 allegatus
3303 2719 3526 2779 Textus
3555 2717 3808 2780 Concilii
3851 2718 3992 2779 Tri-

2434 2811 2665 2874 dentini
2701 2812 3029 2875 excludens
3058 2810 3555 2892 impedimentum
3580 2809 3854 2894 justitiae
3883 2830 3991 2893 pu·

2435 2906 2629 2968 blicae
2657 2906 2988 2969 honestatis
3014 2926 3050 2970 a
3079 2904 3474 2987 Sponsalibus
3500 2905 3716 2978 nullis,
3745 2915 3807 2967 et
3833 2904 3991 2968 illud

2437 3001 2803 3082 restringens
2828 3000 2904 3064 ad
2932 3001 3198 3082 primum
3229 2998 3485 3080 gradum
3509 2997 3572 3059 in
3596 2997 3991 3082 Sponsalibus

2438 3095 2654 3158 validis
2677 3142 2695 3173 ,
2741 3094 3087 3178 procederet
3130 3094 3315 3157 etiam
3367 3091 3429 3153 in
3478 3091 3872 3156 Matrimonio
3914 3092 3991 3157 de

2439 3190 2733 3272 praesenti
2757 3198 3094 3263 contracto,
3117 3198 3250 3253 rato
3267 3235 3289 3262 ,
3319 3198 3380 3250 et
3407 3207 3528 3250 non
3552 3195 3988 3273 consummato,

2434 3295 2495 3347 et
2519 3286 2698 3348 Sacra
2735 3283 2885 3348 baec
2913 3284 3311 3368 Congregatio
3343 3284 3599 3363 negative
3645 3282 3986 3364 respondit,

2434 3380 2524 3441 uti
2567 3379 2827 3441 babetur
2860 3380 2960 3440 lib.
2994 3384 3053 3441 6.
3093 3378 3316 3440 Deerat.
3341 3396 3479 3458 paq.
3514 3380 3612 3437 64.
3642 3396 3681 3438 a
3716 3387 3899 3456 tes-qo,
3929 3385 3991 3438 ct

2434 3474 2778 3537 Sententiae
2804 3473 2987 3556 hujus
3011 3473 3230 3536 Sacrae
3254 3469 3745 3552 Congregationis
3768 3469 3991 3533 adbae-

2433 3569 2514 3631 sit
2537 3569 2791 3631 Sanctus
2832 3568 2977 3630 Pius
3005 3567 3302 3646 Quintus,
3335 3565 3440 3646 qui
3480 3567 3546 3625 in
3575 3563 3992 3629 Constitutione

2434 3667 2534 3723 62.
2562 3661 2797 3728 Butler.
2824 3672 2956 3722 tom.
2981 3665 3041 3721 2.
3071 3657 3343 3723 definivit
3368 3666 3549 3739 caput
3569 3657 3813 3719 tertium
3830 3656 3984 3720 Sess-

2433 3761 2533 3818 24.
2564 3755 2731 3835 loqui
2759 3755 2837 3818 de
2861 3754 3255 3837 sponsalibus
3296 3752 3513 3816 validis
3556 3751 3630 3814 de
3654 3751 3901 3828 futuro,
3927 3762 3991 3817 et

2434 3871 2555 3912 non
2596 3851 2673 3913 de
2701 3849 3093 3913 Matrimonia
3131 3849 3209 3910 de
3251 3846 3549 3930 praesenti
3581 3856 3747 3921 rato,
3775 3857 3839 3909 et
3866 3866 3992 3911 non

2432 3944 3083 4021 consummatoe-Motu
3102 3946 3337 4025 proprio
3352 3987 3368 4016 ,
3392 3943 3730 4004 auctoritate
3764 3952 3990 4023 aposto·

2434 4032 2547 4104 lica
2578 4053 2763 4102 tenore
2783 4041 3178 4122 praesentium-
3197 4038 3581 4105 declaramus,
3611 4047 3662 4096 ct
3690 4035 3990 4116 definimus

2433 4136 2713 4197 deorsttm
2759 4133 3008 4197 concilii
3038 4133 3363 4211 hujusmodi
3390 4131 3620 4191 omnino
3663 4131 3989 4209 intelligen-

2432 4229 2564 4286 dam
2605 4248 2744 4299 esse,
2794 4238 2847 4287 ct
2886 4227 3175 4305 rme-edere
3216 4224 3281 4282 in
3313 4223 3662 4301 sponsalibus
3694 4223 3768 4281 de
3795 4224 3994 4299 futuro

2430 4327 2772 4391 ‹lunam-at,
2806 4343 2918 4379 nun
2968 4331 3152 4379 autem
3202 4323 3261 4375 in
3313 4317 3721 4385 illa-trimonio,
3763 4319 3873 4389 sic,
3923 4327 3987 4375 ut

2426 4421 2746 4495 praefertur
2766 4463 2780 4487 ‚
2808 4427 3088 4475 contracto
3110 4463 3124 4483 ,
3150 4416 3239 4471 sed
3271 4415 3329 4469 in
3359 4435 3417 4471 cu
3441 4411 3647 4469 ‹Iu-rare·
3671 4411 3855 4469 adhuc
3885 4413 3985 4469 im-

2426 4515 2804 4589 pedimentum
2836 4513 2894 4567 ιή
2916 4511 3169 4567 vitutibus
3193 4509 3313 4565 ictis
3337 4507 3553 4565 casibus
3573 4551 3587 4573 ,
3615 4515 3663 4561 et
3689 4507 3981 4579 qradibuS,

2428 4609 2629 4685 quibus
2668 4607 2732 4663 de
2760 4609 2892 4681 jure
2934 4605 3102 4661 veteri
3144 4613 3271 4661 ante
3303 4601 3651 4677 praedictum
3695 4597 3985 4659 Dea-etum

2430 4703 2676 4761 Caecilii
2703 4699 3090 4757 introductum
3120 4707 3262 4755 erat.
3297 4695 3505 4753 Sermo
3539 4693 3621 4751 ihi
3657 4691 3721 4751 fit
3763 4697 3836 4755 de
3863 4697 3981 4755 im-

2430 4795 2770 4873 pedinwnto
2812 4791 3082 4871 justitiae
3122 4789 3397 4869 publicae
3439 4791 3797 4863 honestati53
3845 4811 3983 4851 cum

2427 4889 2588 4948 enim
2642 4887 2914 4966 ‹ulaestio
2946 4883 3014 4944 fit
3042 4885 3115 4944 de
3144 4883 3533 4943 Matrimonia
3562 4893 3725 4956 rate,
3755 4891 3815 4944 et
3861 4903 3983 4945 non

2428 4992 2838 5042 consummato
2868 5026 2882 5050 ,
2918 5000 2990 5038 ex
3034 4978 3283 5058 hujusce
3323 4978 3557 5056 generis
3595 4978 3983 5040 Matrimonio

2428 5076 2922 5154 impedimentum
2970 5072 3277 5132 affinitatis
3323 5092 3563 5130 (nissam
3597 5072 3821 5130 habere
3861 5094 3981 5134 non

2426 5180 2642 5248 potest,
2684 5190 2818 5229 cum
2852 5168 3108 5228 affinitas
3136 5184 3211 5224 ex
3233 5166 3445 5242 copula
3476 5166 3700 5224 carnali
3733 5186 3983 5226 consur-

2424 5272 2518 5342 gat
2540 5312 2556 5336 ‚
2582 5274 2646 5322 ut
2670 5264 2882 5342 prohat
2916 5260 3120 5318 Tractus
3154 5262 3215 5316 in
3239 5258 3459 5316 canon.
3485 5258 3607 5316 Lex
3633 5265 3727 5316 27.
3759 5274 3975 5336 quaest.

2426 5366 2482 5418 2.
2522 5370 2578 5420 et
2608 5360 2671 5416 in
2708 5356 2978 5418 terminis
3009 5354 3253 5412 firmant
3285 5352 3473 5412 Diana
3505 5356 3567 5410 -ίιι
3601 5356 3733 5412 edit.
3769 5354 3975 5414 Conrd.

2428 5466 2556 5512 rona.
2596 5460 2652 5510 2.
2690 5462 2854 5512 tract.
2893 5456 2948 5508 G.
2984 5452 3211 5506 resultat.
3251 5452 3387 5506 2:¹40.
3419 5466 3518 5526 per
3555 5458 3759 5522 totam,
3793 5448 3981 5512 Lean-
