<?xml version="1.0" encoding="UTF-8"?>
<!DOCTYPE html PUBLIC "-//W3C//DTD XHTML 1.0 Transitional//EN"
    "http://www.w3.org/TR/xhtml1/DTD/xhtml1-transitional.dtd">
<html xmlns="http://www.w3.org/1999/xhtml" xml:lang="en" lang="en">
 <head>
  <title>
</title>
<meta http-equiv="Content-Type" content="text/html;charset=utf-8" />
  <meta name='ocr-system' content='tesseract 3.04.00' />
  <meta name='ocr-capabilities' content='ocr_page ocr_carea ocr_par ocr_line ocrx_word'/>
</head>
<body>
  <div class='ocr_page' id='page_1' title='image "benedictixivpon01xivgoog_0412.png"; bbox 0 0 4393 6299; ppageno 0'>
   <div class='ocr_carea' id='block_1_1' title="bbox 1921 495 2771 570">
    <p class='ocr_par' dir='ltr' id='par_1_1' title="bbox 1921 495 2771 570">
     <span class='ocr_line' id='line_1_1' title="bbox 1921 495 2771 570; baseline 0.001 -13"><span class='ocrx_word' id='word_1_1' title='bbox 1921 499 2370 570; x_wconf 73' lang='lat' dir='ltr'>Quesrtosss</span> <span class='ocrx_word' id='word_1_2' title='bbox 2406 495 2771 558; x_wconf 64' lang='lat' dir='ltr'>cmosma:</span> 
     </span>
    </p>
   </div>
   <div class='ocr_carea' id='block_1_2' title="bbox 766 650 3980 736">
    <p class='ocr_par' dir='ltr' id='par_1_2' title="bbox 766 650 3980 736">
     <span class='ocr_line' id='line_1_2' title="bbox 766 650 3980 736; baseline -0.001 -18"><span class='ocrx_word' id='word_1_3' title='bbox 766 661 894 724; x_wconf 71' lang='grc'><strong>3331</strong></span> <span class='ocrx_word' id='word_1_4' title='bbox 917 675 1078 717; x_wconf 72' lang='lat' dir='ltr'>num.</span> <span class='ocrx_word' id='word_1_5' title='bbox 1110 658 1170 716; x_wconf 99' lang='grc'><strong>9.</strong></span> <span class='ocrx_word' id='word_1_6' title='bbox 1214 653 1475 736; x_wconf 75' lang='lat' dir='ltr'>Faqnan.</span> <span class='ocrx_word' id='word_1_7' title='bbox 1520 655 1585 714; x_wconf 89' lang='grc'>13</span> <span class='ocrx_word' id='word_1_8' title='bbox 1610 672 1737 736; x_wconf 79' lang='lat' dir='ltr'>cap.</span> <span class='ocrx_word' id='word_1_9' title='bbox 1768 653 1845 715; x_wconf 77' lang='lat' dir='ltr'>ad</span> <span class='ocrx_word' id='word_1_10' title='bbox 1880 655 2239 715; x_wconf 73' lang='lat' dir='ltr'>audientiam</span> <span class='ocrx_word' id='word_1_11' title='bbox 2271 654 2323 714; x_wconf 85' lang='grc'>11</span> <span class='ocrx_word' id='word_1_12' title='bbox 2432 654 2650 716; x_wconf 60' lang='grc'><strong>133313.</strong></span> <span class='ocrx_word' id='word_1_13' title='bbox 2683 665 2819 716; x_wconf 79' lang='lat' dir='ltr'>tom.</span> <span class='ocrx_word' id='word_1_14' title='bbox 2855 658 2917 716; x_wconf 88' lang='grc'><strong>2.</strong></span> <span class='ocrx_word' id='word_1_15' title='bbox 2954 653 3053 715; x_wconf 78' lang='lat' dir='ltr'>tib.</span> <span class='ocrx_word' id='word_1_16' title='bbox 3086 656 3180 715; x_wconf 87' lang='grc'>10.</span> <span class='ocrx_word' id='word_1_17' title='bbox 3211 653 3309 714; x_wconf 77' lang='lat' dir='ltr'>tit.</span> <span class='ocrx_word' id='word_1_18' title='bbox 3344 657 3645 717; x_wconf 42' lang='lat' dir='ltr'>amanen».</span> <span class='ocrx_word' id='word_1_19' title='bbox 3678 653 3776 715; x_wconf 65' lang='grc'><strong>94.</strong></span> <span class='ocrx_word' id='word_1_20' title='bbox 3817 650 3980 715; x_wconf 84' lang='lat' dir='ltr'>Bar·</span> 
     </span>
    </p>
   </div>
   <div class='ocr_carea' id='block_1_3' title="bbox 761 745 2323 1376">
    <p class='ocr_par' dir='ltr' id='par_1_3' title="bbox 761 745 2323 1376">
     <span class='ocr_line' id='line_1_3' title="bbox 761 745 2321 830; baseline -0.001 -20"><span class='ocrx_word' id='word_1_21' title='bbox 761 751 952 830; x_wconf 71' lang='lat' dir='ltr'>primo</span> <span class='ocrx_word' id='word_1_22' title='bbox 966 751 1069 810; x_wconf 78' lang='lat' dir='ltr'>sub</span> <span class='ocrx_word' id='word_1_23' title='bbox 1089 769 1148 809; x_wconf 90' lang='grc'>3.</span> <span class='ocrx_word' id='word_1_24' title='bbox 1173 754 1271 810; x_wconf 83' lang='grc'>53.</span> <span class='ocrx_word' id='word_1_25' title='bbox 1298 749 1365 808; x_wconf 78' lang='lat' dir='ltr'>dc</span> <span class='ocrx_word' id='word_1_26' title='bbox 1386 747 1657 819; x_wconf 69' lang='lat' dir='ltr'>Ecclesiis</span> <span class='ocrx_word' id='word_1_27' title='bbox 1678 747 2046 829; x_wconf 75' lang='lat' dir='ltr'>aedificandis</span> <span class='ocrx_word' id='word_1_28' title='bbox 2064 794 2081 818; x_wconf 93' lang='lat'>,</span> <span class='ocrx_word' id='word_1_29' title='bbox 2104 745 2321 810; x_wconf 74' lang='lat' dir='ltr'>Mona·</span> 
     </span>
     <span class='ocr_line' id='line_1_4' title="bbox 767 837 2315 923; baseline -0.001 -18"><span class='ocrx_word' id='word_1_30' title='bbox 767 845 895 905; x_wconf 84' lang='grc'><strong>3311.</strong></span> <span class='ocrx_word' id='word_1_31' title='bbox 921 847 986 904; x_wconf 85' lang='grc'>13</span> <span class='ocrx_word' id='word_1_32' title='bbox 1012 837 1323 923; x_wconf 69' lang='lat' dir='ltr'>formular.</span> <span class='ocrx_word' id='word_1_33' title='bbox 1353 852 1485 902; x_wconf 87' lang='lat' dir='ltr'>tom.</span> <span class='ocrx_word' id='word_1_34' title='bbox 1538 846 1592 903; x_wconf 90' lang='grc'>1.</span> <span class='ocrx_word' id='word_1_35' title='bbox 1623 844 1713 902; x_wconf 84' lang='grc'><strong>111.</strong></span> <span class='ocrx_word' id='word_1_36' title='bbox 1764 846 1824 902; x_wconf 89' lang='grc'><strong>2.</strong></span> <span class='ocrx_word' id='word_1_37' title='bbox 1858 844 2029 921; x_wconf 71' lang='lat' dir='ltr'>form.</span> <span class='ocrx_word' id='word_1_38' title='bbox 2060 846 2120 903; x_wconf 89' lang='grc'>7.</span> <span class='ocrx_word' id='word_1_39' title='bbox 2156 862 2315 903; x_wconf 69' lang='lat' dir='ltr'>num.</span> 
     </span>
     <span class='ocr_line' id='line_1_5' title="bbox 768 935 2323 1019; baseline -0.001 -21"><span class='ocrx_word' id='word_1_40' title='bbox 768 942 829 999; x_wconf 96' lang='grc'><strong>2.</strong></span> <span class='ocrx_word' id='word_1_41' title='bbox 894 937 1222 1019; x_wconf 74' lang='lat' dir='ltr'><strong>Episcopus</strong></span> <span class='ocrx_word' id='word_1_42' title='bbox 1270 935 1668 998; x_wconf 87' lang='lat' dir='ltr'>nibilominus</span> <span class='ocrx_word' id='word_1_43' title='bbox 1715 936 2022 1018; x_wconf 71' lang='lat' dir='ltr'>negotium</span> <span class='ocrx_word' id='word_1_44' title='bbox 2078 936 2323 997; x_wconf 87' lang='lat' dir='ltr'>unionis</span> 
     </span>
     <span class='ocr_line' id='line_1_6' title="bbox 766 1031 2322 1112; baseline -0.001 -18"><span class='ocrx_word' id='word_1_45' title='bbox 766 1032 834 1094; x_wconf 92' lang='lat' dir='ltr'>in</span> <span class='ocrx_word' id='word_1_46' title='bbox 880 1031 1156 1112; x_wconf 91' lang='lat' dir='ltr'>Capitulo</span> <span class='ocrx_word' id='word_1_47' title='bbox 1189 1031 1544 1112; x_wconf 89' lang='lat' dir='ltr'>proposuit,</span> <span class='ocrx_word' id='word_1_48' title='bbox 1581 1040 1641 1093; x_wconf 88' lang='lat' dir='ltr'>et</span> <span class='ocrx_word' id='word_1_49' title='bbox 1685 1032 1765 1094; x_wconf 87' lang='lat' dir='ltr'>ab</span> <span class='ocrx_word' id='word_1_50' title='bbox 1797 1050 1870 1093; x_wconf 93' lang='lat' dir='ltr'>eo</span> <span class='ocrx_word' id='word_1_51' title='bbox 1913 1031 2033 1093; x_wconf 88' lang='lat' dir='ltr'>tale</span> <span class='ocrx_word' id='word_1_52' title='bbox 2073 1050 2322 1112; x_wconf 85' lang='lat' dir='ltr'>respon-</span> 
     </span>
     <span class='ocr_line' id='line_1_7' title="bbox 766 1124 2323 1207; baseline -0.001 -19"><span class='ocrx_word' id='word_1_53' title='bbox 766 1145 900 1188; x_wconf 89' lang='lat' dir='ltr'>sum</span> <span class='ocrx_word' id='word_1_54' title='bbox 931 1125 1148 1207; x_wconf 86' lang='lat' dir='ltr'>prodiit</span> <span class='ocrx_word' id='word_1_55' title='bbox 1174 1171 1193 1199; x_wconf 92' lang='lat'>,</span> <span class='ocrx_word' id='word_1_56' title='bbox 1221 1135 1291 1187; x_wconf 92' lang='lat' dir='ltr'>ut</span> <span class='ocrx_word' id='word_1_57' title='bbox 1335 1134 1454 1186; x_wconf 90' lang='lat' dir='ltr'>tam</span> <span class='ocrx_word' id='word_1_58' title='bbox 1487 1125 1612 1206; x_wconf 89' lang='lat' dir='ltr'>ipse</span> <span class='ocrx_word' id='word_1_59' title='bbox 1638 1173 1655 1197; x_wconf 92' lang='lat'>,</span> <span class='ocrx_word' id='word_1_60' title='bbox 1684 1144 1871 1206; x_wconf 87' lang='lat' dir='ltr'>quam</span> <span class='ocrx_word' id='word_1_61' title='bbox 1908 1124 2323 1188; x_wconf 88' lang='lat' dir='ltr'>Cancellarius</span> 
     </span>
     <span class='ocr_line' id='line_1_8' title="bbox 766 1219 2323 1304; baseline -0.002 -21"><span class='ocrx_word' id='word_1_62' title='bbox 766 1240 879 1304; x_wconf 89' lang='lat' dir='ltr'>pro</span> <span class='ocrx_word' id='word_1_63' title='bbox 907 1220 1102 1302; x_wconf 83' lang='lat' dir='ltr'>rogito</span> <span class='ocrx_word' id='word_1_64' title='bbox 1126 1220 1350 1282; x_wconf 90' lang='lat' dir='ltr'>accitus</span> <span class='ocrx_word' id='word_1_65' title='bbox 1375 1219 1740 1282; x_wconf 75' lang='lat' dir='ltr'>crediderint</span> <span class='ocrx_word' id='word_1_66' title='bbox 1763 1239 2126 1282; x_wconf 87' lang='lat' dir='ltr'>consensum</span> <span class='ocrx_word' id='word_1_67' title='bbox 2155 1238 2323 1301; x_wconf 90' lang='lat' dir='ltr'>prae-</span> 
     </span>
     <span class='ocr_line' id='line_1_9' title="bbox 765 1306 2320 1376; baseline -0.001 0"><span class='ocrx_word' id='word_1_68' title='bbox 765 1314 974 1376; x_wconf 89' lang='lat' dir='ltr'>stitum</span> <span class='ocrx_word' id='word_1_69' title='bbox 1023 1313 1227 1376; x_wconf 85' lang='lat' dir='ltr'>fuisse.</span> <span class='ocrx_word' id='word_1_70' title='bbox 1278 1315 1355 1375; x_wconf 82' lang='lat' dir='ltr'>At</span> <span class='ocrx_word' id='word_1_71' title='bbox 1380 1311 1655 1376; x_wconf 81' lang='lat' dir='ltr'>exhibito</span> <span class='ocrx_word' id='word_1_72' title='bbox 1700 1314 1960 1376; x_wconf 76' lang='lat' dir='ltr'>subinde</span> <span class='ocrx_word' id='word_1_73' title='bbox 1990 1333 2023 1376; x_wconf 91' lang='lat' dir='ltr'>a</span> <span class='ocrx_word' id='word_1_74' title='bbox 2055 1306 2320 1376; x_wconf 83' lang='lat' dir='ltr'>Canoni&#39;-</span> 
     </span>
    </p>
   </div>
   <div class='ocr_carea' id='block_1_4' title="bbox 753 1402 2398 1492">
    <p class='ocr_par' dir='ltr' id='par_1_4' title="bbox 753 1402 2398 1492">
     <span class='ocr_line' id='line_1_10' title="bbox 753 1402 2398 1492; baseline -0.001 -24"><span class='ocrx_word' id='word_1_75' title='bbox 753 1408 852 1492; x_wconf 68' lang='lat' dir='ltr'>,cis</span> <span class='ocrx_word' id='word_1_76' title='bbox 884 1407 1147 1488; x_wconf 87' lang='lat' dir='ltr'>quodam</span> <span class='ocrx_word' id='word_1_77' title='bbox 1187 1406 1334 1469; x_wconf 82' lang='lat' dir='ltr'>folio</span> <span class='ocrx_word' id='word_1_78' title='bbox 1361 1406 1475 1480; x_wconf 87' lang='grc'>,13</span> <span class='ocrx_word' id='word_1_79' title='bbox 1521 1424 1645 1487; x_wconf 86' lang='grc'>333</span> <span class='ocrx_word' id='word_1_80' title='bbox 1685 1405 1987 1469; x_wconf 84' lang='lat' dir='ltr'>theoricae</span> <span class='ocrx_word' id='word_1_81' title='bbox 2019 1407 2319 1488; x_wconf 87' lang='lat' dir='ltr'>quaedam</span> <span class='ocrx_word' id='word_1_82' title='bbox 2393 1402 2398 1406; x_wconf 75' lang='grc'><strong>’</strong></span> 
     </span>
    </p>
   </div>
   <div class='ocr_carea' id='block_1_5' title="bbox 717 1500 2326 5514">
    <p class='ocr_par' dir='ltr' id='par_1_5' title="bbox 763 1500 2322 2143">
     <span class='ocr_line' id='line_1_11' title="bbox 763 1500 2322 1584; baseline 0 -21"><span class='ocrx_word' id='word_1_83' title='bbox 763 1500 1073 1583; x_wconf 71' lang='lat' dir='ltr'>generales</span> <span class='ocrx_word' id='word_1_84' title='bbox 1113 1503 1582 1584; x_wconf 74' lang='lat' dir='ltr'>exponebantur</span> <span class='ocrx_word' id='word_1_85' title='bbox 1624 1500 1785 1563; x_wconf 85' lang='lat' dir='ltr'>circa</span> <span class='ocrx_word' id='word_1_86' title='bbox 1830 1501 2084 1563; x_wconf 88' lang='lat' dir='ltr'>uniones</span> <span class='ocrx_word' id='word_1_87' title='bbox 2109 1546 2126 1573; x_wconf 88' lang='lat'>,</span> <span class='ocrx_word' id='word_1_88' title='bbox 2163 1519 2322 1583; x_wconf 87' lang='lat' dir='ltr'>quae</span> 
     </span>
     <span class='ocr_line' id='line_1_12' title="bbox 763 1594 2317 1679; baseline 0.001 -22"><span class='ocrx_word' id='word_1_89' title='bbox 763 1595 897 1657; x_wconf 91' lang='lat' dir='ltr'>sine</span> <span class='ocrx_word' id='word_1_90' title='bbox 914 1601 1092 1679; x_wconf 86' lang='lat' dir='ltr'>juxta</span> <span class='ocrx_word' id='word_1_91' title='bbox 1114 1616 1293 1659; x_wconf 84' lang='lat' dir='ltr'>causa</span> <span class='ocrx_word' id='word_1_92' title='bbox 1320 1641 1338 1670; x_wconf 94' lang='lat'>,</span> <span class='ocrx_word' id='word_1_93' title='bbox 1361 1604 1423 1659; x_wconf 89' lang='lat' dir='ltr'>et</span> <span class='ocrx_word' id='word_1_94' title='bbox 1449 1614 1662 1677; x_wconf 80' lang='lat' dir='ltr'>magna</span> <span class='ocrx_word' id='word_1_95' title='bbox 1691 1594 1824 1657; x_wconf 83' lang='lat' dir='ltr'>fieri</span> <span class='ocrx_word' id='word_1_96' title='bbox 1847 1614 1966 1657; x_wconf 90' lang='lat' dir='ltr'>non</span> <span class='ocrx_word' id='word_1_97' title='bbox 1987 1595 2317 1670; x_wconf 86' lang='lat' dir='ltr'>debebant,</span> 
     </span>
     <span class='ocr_line' id='line_1_13' title="bbox 766 1687 2316 1770; baseline 0 -19"><span class='ocrx_word' id='word_1_98' title='bbox 766 1687 980 1751; x_wconf 83' lang='lat' dir='ltr'>folium</span> <span class='ocrx_word' id='word_1_99' title='bbox 1028 1690 1225 1770; x_wconf 84' lang='lat' dir='ltr'>ipsum</span> <span class='ocrx_word' id='word_1_100' title='bbox 1273 1687 1392 1751; x_wconf 79' lang='lat' dir='ltr'>fuit</span> <span class='ocrx_word' id='word_1_101' title='bbox 1427 1690 1508 1752; x_wconf 87' lang='lat' dir='ltr'>ab</span> <span class='ocrx_word' id='word_1_102' title='bbox 1551 1689 1842 1770; x_wconf 76' lang='lat' dir='ltr'><strong>Episcopo</strong></span> <span class='ocrx_word' id='word_1_103' title='bbox 1870 1689 1948 1751; x_wconf 89' lang='lat' dir='ltr'>ad</span> <span class='ocrx_word' id='word_1_104' title='bbox 1975 1687 2134 1751; x_wconf 85' lang='lat' dir='ltr'>banc</span> <span class='ocrx_word' id='word_1_105' title='bbox 2180 1688 2316 1751; x_wconf 89' lang='lat' dir='ltr'>Sac.</span> 
     </span>
     <span class='ocr_line' id='line_1_14' title="bbox 765 1784 2322 1868; baseline -0.001 -20"><span class='ocrx_word' id='word_1_106' title='bbox 765 1785 1303 1868; x_wconf 80' lang='lat' dir='ltr'>Congregationem</span> <span class='ocrx_word' id='word_1_107' title='bbox 1365 1785 1781 1847; x_wconf 87' lang='lat' dir='ltr'>transmissum</span> <span class='ocrx_word' id='word_1_108' title='bbox 1817 1830 1836 1858; x_wconf 91' lang='lat'>,</span> <span class='ocrx_word' id='word_1_109' title='bbox 1899 1784 2322 1866; x_wconf 85' lang='lat' dir='ltr'>propositaque</span> 
     </span>
     <span class='ocr_line' id='line_1_15' title="bbox 765 1878 2318 1961; baseline 0 -19"><span class='ocrx_word' id='word_1_110' title='bbox 765 1879 927 1942; x_wconf 89' lang='lat' dir='ltr'>inter</span> <span class='ocrx_word' id='word_1_111' title='bbox 961 1879 1259 1961; x_wconf 84' lang='lat' dir='ltr'>supplices</span> <span class='ocrx_word' id='word_1_112' title='bbox 1303 1879 1547 1942; x_wconf 83' lang='lat' dir='ltr'>libellos</span> <span class='ocrx_word' id='word_1_113' title='bbox 1594 1878 1878 1941; x_wconf 90' lang='lat' dir='ltr'>instantia</span> <span class='ocrx_word' id='word_1_114' title='bbox 1908 1898 2022 1961; x_wconf 83' lang='lat' dir='ltr'>pro</span> <span class='ocrx_word' id='word_1_115' title='bbox 2049 1879 2277 1943; x_wconf 89' lang='lat' dir='ltr'>unione</span> <span class='ocrx_word' id='word_1_116' title='bbox 2299 1925 2318 1955; x_wconf 97' lang='lat'>,</span> 
     </span>
     <span class='ocr_line' id='line_1_16' title="bbox 764 1973 2320 2056; baseline 0.001 -21"><span class='ocrx_word' id='word_1_117' title='bbox 764 1976 856 2035; x_wconf 79' lang='lat' dir='ltr'>dis</span> <span class='ocrx_word' id='word_1_118' title='bbox 899 1979 1000 2035; x_wconf 90' lang='grc'>21.</span> <span class='ocrx_word' id='word_1_119' title='bbox 1048 1974 1383 2038; x_wconf 71' lang='lat' dir='ltr'>Novembris</span> <span class='ocrx_word' id='word_1_120' title='bbox 1436 1978 1612 2036; x_wconf 84' lang='grc'><strong>1722.</strong></span> <span class='ocrx_word' id='word_1_121' title='bbox 1663 1974 2022 2056; x_wconf 86' lang='lat' dir='ltr'>rescriptum</span> <span class='ocrx_word' id='word_1_122' title='bbox 2048 1973 2167 2036; x_wconf 81' lang='lat' dir='ltr'>fuit</span> <span class='ocrx_word' id='word_1_123' title='bbox 2208 1993 2320 2056; x_wconf 87' lang='lat' dir='ltr'>pro</span> 
     </span>
     <span class='ocr_line' id='line_1_17' title="bbox 768 2068 2258 2143; baseline 0 -13"><span class='ocrx_word' id='word_1_124' title='bbox 768 2068 1071 2132; x_wconf 70' lang='lat' dir='ltr'>facultate.</span> <span class='ocrx_word' id='word_1_125' title='bbox 2246 2127 2258 2143; x_wconf 82' lang='grc'>,</span> 
     </span>
    </p>

    <p class='ocr_par' dir='ltr' id='par_1_6' title="bbox 760 2162 2322 3375">
     <span class='ocr_line' id='line_1_18' title="bbox 894 2162 2320 2246; baseline -0.001 -21"><span class='ocrx_word' id='word_1_126' title='bbox 894 2166 1232 2246; x_wconf 73' lang='lat' dir='ltr'>Antequam</span> <span class='ocrx_word' id='word_1_127' title='bbox 1256 2162 1561 2227; x_wconf 91' lang='lat' dir='ltr'>decretum</span> <span class='ocrx_word' id='word_1_128' title='bbox 1591 2163 2022 2227; x_wconf 81' lang='lat' dir='ltr'>extraheretur</span> <span class='ocrx_word' id='word_1_129' title='bbox 2046 2208 2064 2236; x_wconf 88' lang='lat'>,</span> <span class='ocrx_word' id='word_1_130' title='bbox 2094 2162 2320 2224; x_wconf 84' lang='lat' dir='ltr'>Procu-</span> 
     </span>
     <span class='ocr_line' id='line_1_19' title="bbox 769 2257 2322 2340; baseline -0.004 -17"><span class='ocrx_word' id='word_1_131' title='bbox 769 2269 936 2323; x_wconf 88' lang='lat' dir='ltr'>rator</span> <span class='ocrx_word' id='word_1_132' title='bbox 993 2259 1238 2322; x_wconf 87' lang='lat' dir='ltr'>nomine</span> <span class='ocrx_word' id='word_1_133' title='bbox 1288 2257 1550 2340; x_wconf 88' lang='lat' dir='ltr'>Capituli</span> <span class='ocrx_word' id='word_1_134' title='bbox 1607 2267 1966 2340; x_wconf 69' lang='lat' dir='ltr'>protestatus</span> <span class='ocrx_word' id='word_1_135' title='bbox 2034 2266 2124 2321; x_wconf 87' lang='lat' dir='ltr'>est</span> <span class='ocrx_word' id='word_1_136' title='bbox 2181 2274 2322 2318; x_wconf 90' lang='lat' dir='ltr'>suos</span> 
     </span>
     <span class='ocr_line' id='line_1_20' title="bbox 763 2351 2320 2436; baseline -0.003 -19"><span class='ocrx_word' id='word_1_137' title='bbox 763 2352 1131 2436; x_wconf 84' lang='lat' dir='ltr'>Principales</span> <span class='ocrx_word' id='word_1_138' title='bbox 1150 2352 1350 2417; x_wconf 85' lang='lat' dir='ltr'>audiri</span> <span class='ocrx_word' id='word_1_139' title='bbox 1371 2352 1528 2415; x_wconf 79' lang='lat' dir='ltr'>velle</span> <span class='ocrx_word' id='word_1_140' title='bbox 1550 2398 1569 2425; x_wconf 91' lang='lat'>,</span> <span class='ocrx_word' id='word_1_141' title='bbox 1589 2362 1650 2415; x_wconf 89' lang='grc'>31</span> <span class='ocrx_word' id='word_1_142' title='bbox 1669 2361 1973 2416; x_wconf 83' lang='lat' dir='ltr'>momenta</span> <span class='ocrx_word' id='word_1_143' title='bbox 2004 2351 2320 2414; x_wconf 83' lang='lat' dir='ltr'>rationum</span> 
     </span>
     <span class='ocr_line' id='line_1_21' title="bbox 760 2443 2320 2530; baseline -0.004 -18"><span class='ocrx_word' id='word_1_144' title='bbox 760 2448 893 2512; x_wconf 89' lang='lat' dir='ltr'>Sac.</span> <span class='ocrx_word' id='word_1_145' title='bbox 945 2446 1406 2530; x_wconf 76' lang='lat' dir='ltr'>Congregationi</span> <span class='ocrx_word' id='word_1_146' title='bbox 1454 2446 1745 2509; x_wconf 87' lang='lat' dir='ltr'>exhibere</span> <span class='ocrx_word' id='word_1_147' title='bbox 1778 2453 1892 2528; x_wconf 84' lang='lat' dir='ltr'>pro</span> <span class='ocrx_word' id='word_1_148' title='bbox 1922 2443 2157 2507; x_wconf 89' lang='lat' dir='ltr'>unione</span> <span class='ocrx_word' id='word_1_149' title='bbox 2202 2444 2320 2506; x_wconf 91' lang='lat' dir='ltr'>im-</span> 
     </span>
     <span class='ocr_line' id='line_1_22' title="bbox 763 2541 2320 2626; baseline -0.001 -22"><span class='ocrx_word' id='word_1_150' title='bbox 763 2542 1058 2626; x_wconf 86' lang='lat' dir='ltr'>pedienda</span> <span class='ocrx_word' id='word_1_151' title='bbox 1081 2587 1099 2616; x_wconf 94' lang='lat'>,</span> <span class='ocrx_word' id='word_1_152' title='bbox 1138 2543 1400 2623; x_wconf 89' lang='lat' dir='ltr'>dataque</span> <span class='ocrx_word' id='word_1_153' title='bbox 1434 2541 1815 2605; x_wconf 86' lang='lat' dir='ltr'>Procuratori</span> <span class='ocrx_word' id='word_1_154' title='bbox 1872 2542 2171 2605; x_wconf 77' lang='lat' dir='ltr'>facultate</span> <span class='ocrx_word' id='word_1_155' title='bbox 2208 2560 2320 2603; x_wconf 89' lang='lat' dir='ltr'>no·</span> 
     </span>
     <span class='ocr_line' id='line_1_23' title="bbox 761 2634 2319 2719; baseline 0 -20"><span class='ocrx_word' id='word_1_156' title='bbox 761 2657 908 2699; x_wconf 79' lang='lat' dir='ltr'>vum</span> <span class='ocrx_word' id='word_1_157' title='bbox 938 2634 1197 2699; x_wconf 87' lang='lat' dir='ltr'>habendi</span> <span class='ocrx_word' id='word_1_158' title='bbox 1238 2656 1548 2699; x_wconf 86' lang='lat' dir='ltr'>recursum</span> <span class='ocrx_word' id='word_1_159' title='bbox 1579 2636 1656 2699; x_wconf 90' lang='lat' dir='ltr'>ad</span> <span class='ocrx_word' id='word_1_160' title='bbox 1692 2637 1938 2700; x_wconf 87' lang='lat' dir='ltr'>Sacram</span> <span class='ocrx_word' id='word_1_161' title='bbox 1965 2636 2319 2719; x_wconf 60' lang='grc'><strong>03331383-</strong></span> 
     </span>
     <span class='ocr_line' id='line_1_24' title="bbox 762 2729 2320 2805; baseline -0.002 -11"><span class='ocrx_word' id='word_1_162' title='bbox 762 2730 991 2794; x_wconf 78' lang='lat' dir='ltr'>tionem</span> <span class='ocrx_word' id='word_1_163' title='bbox 1016 2776 1035 2805; x_wconf 90' lang='lat'>,</span> <span class='ocrx_word' id='word_1_164' title='bbox 1061 2730 1140 2792; x_wconf 89' lang='lat' dir='ltr'>de</span> <span class='ocrx_word' id='word_1_165' title='bbox 1185 2729 1301 2792; x_wconf 88' lang='lat' dir='ltr'>bac</span> <span class='ocrx_word' id='word_1_166' title='bbox 1324 2730 1532 2792; x_wconf 89' lang='lat' dir='ltr'>eadem</span> <span class='ocrx_word' id='word_1_167' title='bbox 1566 2749 1631 2792; x_wconf 89' lang='lat' dir='ltr'>re</span> <span class='ocrx_word' id='word_1_168' title='bbox 1654 2739 1858 2792; x_wconf 86' lang='lat' dir='ltr'>actum</span> <span class='ocrx_word' id='word_1_169' title='bbox 1890 2730 2022 2793; x_wconf 85' lang='lat' dir='ltr'>fuit</span> <span class='ocrx_word' id='word_1_170' title='bbox 2066 2731 2130 2792; x_wconf 92' lang='lat' dir='ltr'>in</span> <span class='ocrx_word' id='word_1_171' title='bbox 2163 2730 2320 2791; x_wconf 87' lang='lat' dir='ltr'>Con·</span> 
     </span>
     <span class='ocr_line' id='line_1_25' title="bbox 764 2822 2322 2906; baseline 0.001 -21"><span class='ocrx_word' id='word_1_172' title='bbox 764 2822 1111 2906; x_wconf 72' lang='lat' dir='ltr'>gregatione</span> <span class='ocrx_word' id='word_1_173' title='bbox 1158 2822 1367 2884; x_wconf 82' lang='lat' dir='ltr'>habita</span> <span class='ocrx_word' id='word_1_174' title='bbox 1409 2825 1499 2884; x_wconf 78' lang='lat' dir='ltr'>dis</span> <span class='ocrx_word' id='word_1_175' title='bbox 1546 2828 1641 2885; x_wconf 93' lang='grc'>19.</span> <span class='ocrx_word' id='word_1_176' title='bbox 1675 2824 1987 2885; x_wconf 71' lang='lat' dir='ltr'>Dscmbris</span> <span class='ocrx_word' id='word_1_177' title='bbox 2041 2828 2218 2885; x_wconf 86' lang='grc'><strong>1722.</strong></span> <span class='ocrx_word' id='word_1_178' title='bbox 2261 2831 2322 2886; x_wconf 87' lang='grc'>31</span> 
     </span>
     <span class='ocr_line' id='line_1_26' title="bbox 764 2915 2321 2998; baseline -0.001 -19"><span class='ocrx_word' id='word_1_179' title='bbox 764 2916 1129 2979; x_wconf 91' lang='lat' dir='ltr'>instantibus</span> <span class='ocrx_word' id='word_1_180' title='bbox 1177 2915 1584 2998; x_wconf 77' lang='lat' dir='ltr'>Dignitatibus</span> <span class='ocrx_word' id='word_1_181' title='bbox 1610 2964 1625 2988; x_wconf 91' lang='lat'>,</span> <span class='ocrx_word' id='word_1_182' title='bbox 1654 2926 1716 2979; x_wconf 90' lang='lat' dir='ltr'>et</span> <span class='ocrx_word' id='word_1_183' title='bbox 1754 2917 1920 2979; x_wconf 91' lang='lat' dir='ltr'>Cano</span> <span class='ocrx_word' id='word_1_184' title='bbox 1943 2917 2092 2978; x_wconf 88' lang='lat' dir='ltr'>uicis</span> <span class='ocrx_word' id='word_1_185' title='bbox 2115 2916 2321 2978; x_wconf 86' lang='lat' dir='ltr'>Eccle-</span> 
     </span>
     <span class='ocr_line' id='line_1_27' title="bbox 762 3007 2321 3090; baseline -0.001 -17"><span class='ocrx_word' id='word_1_186' title='bbox 762 3009 890 3073; x_wconf 90' lang='lat' dir='ltr'>siae</span> <span class='ocrx_word' id='word_1_187' title='bbox 915 3007 1290 3071; x_wconf 87' lang='lat' dir='ltr'>Cathedralis</span> <span class='ocrx_word' id='word_1_188' title='bbox 1315 3054 1343 3090; x_wconf 20' lang='lat'>,4</span> <span class='ocrx_word' id='word_1_189' title='bbox 1364 3027 1473 3070; x_wconf 88' lang='grc'>333</span> <span class='ocrx_word' id='word_1_190' title='bbox 1512 3028 1633 3071; x_wconf 87' lang='grc'>333</span> <span class='ocrx_word' id='word_1_191' title='bbox 1669 3009 2073 3072; x_wconf 71' lang='lat' dir='ltr'>parochianis</span> <span class='ocrx_word' id='word_1_192' title='bbox 2116 3008 2321 3071; x_wconf 88' lang='lat' dir='ltr'>Eccle-</span> 
     </span>
     <span class='ocr_line' id='line_1_28' title="bbox 764 3102 2320 3186; baseline -0.003 -17"><span class='ocrx_word' id='word_1_193' title='bbox 764 3105 995 3169; x_wconf 86' lang='lat' dir='ltr'>siarum</span> <span class='ocrx_word' id='word_1_194' title='bbox 1052 3102 1457 3167; x_wconf 88' lang='lat' dir='ltr'>uniendarum</span> <span class='ocrx_word' id='word_1_195' title='bbox 1487 3148 1505 3177; x_wconf 95' lang='lat'>,</span> <span class='ocrx_word' id='word_1_196' title='bbox 1552 3122 1902 3186; x_wconf 85' lang='lat' dir='ltr'>responsum</span> <span class='ocrx_word' id='word_1_197' title='bbox 1966 3103 2124 3178; x_wconf 82' lang='lat' dir='ltr'>fuit,</span> <span class='ocrx_word' id='word_1_198' title='bbox 2168 3104 2320 3183; x_wconf 79' lang='lat' dir='ltr'>quod</span> 
     </span>
     <span class='ocr_line' id='line_1_29' title="bbox 763 3197 2320 3281; baseline -0.001 -20"><span class='ocrx_word' id='word_1_199' title='bbox 763 3197 961 3262; x_wconf 70' lang='lat' dir='ltr'>causa</span> <span class='ocrx_word' id='word_1_200' title='bbox 982 3208 1385 3280; x_wconf 69' lang='lat' dir='ltr'>proponeretur</span> <span class='ocrx_word' id='word_1_201' title='bbox 1407 3200 1472 3259; x_wconf 83' lang='grc'>13</span> <span class='ocrx_word' id='word_1_202' title='bbox 1492 3200 1631 3277; x_wconf 72' lang='lat' dir='ltr'>solio</span> <span class='ocrx_word' id='word_1_203' title='bbox 1668 3201 1735 3260; x_wconf 88' lang='grc'>13</span> <span class='ocrx_word' id='word_1_204' title='bbox 1773 3200 2017 3261; x_wconf 64' lang='lat' dir='ltr'>munda</span> <span class='ocrx_word' id='word_1_205' title='bbox 2053 3209 2180 3281; x_wconf 78' lang='lat' dir='ltr'>post</span> <span class='ocrx_word' id='word_1_206' title='bbox 2209 3200 2320 3259; x_wconf 68' lang='lat'>120-</span> 
     </span>
     <span class='ocr_line' id='line_1_30' title="bbox 761 3295 1516 3375; baseline -0.001 -21"><span class='ocrx_word' id='word_1_207' title='bbox 761 3314 850 3375; x_wconf 68' lang='lat' dir='ltr'>9oe</span> <span class='ocrx_word' id='word_1_208' title='bbox 869 3296 1098 3354; x_wconf 73' lang='lat' dir='ltr'>omnino</span> <span class='ocrx_word' id='word_1_209' title='bbox 1122 3296 1296 3355; x_wconf 77' lang='lat' dir='ltr'>stiam</span> <span class='ocrx_word' id='word_1_210' title='bbox 1318 3295 1516 3355; x_wconf 75' lang='grc'><strong>33133.</strong></span> 
     </span>
    </p>

    <p class='ocr_par' dir='ltr' id='par_1_7' title="bbox 717 3385 2326 4779">
     <span class='ocr_line' id='line_1_31' title="bbox 883 3385 2320 3468; baseline -0.001 -19"><span class='ocrx_word' id='word_1_211' title='bbox 883 3387 1370 3449; x_wconf 83' lang='lat' dir='ltr'>Fundamentum</span> <span class='ocrx_word' id='word_1_212' title='bbox 1409 3407 1521 3468; x_wconf 90' lang='lat' dir='ltr'>pro</span> <span class='ocrx_word' id='word_1_213' title='bbox 1562 3385 1791 3450; x_wconf 91' lang='lat' dir='ltr'>unione</span> <span class='ocrx_word' id='word_1_214' title='bbox 1820 3387 2214 3451; x_wconf 87' lang='lat' dir='ltr'>constituitur</span> <span class='ocrx_word' id='word_1_215' title='bbox 2255 3391 2320 3447; x_wconf 82' lang='grc'>13</span> 
     </span>
     <span class='ocr_line' id='line_1_32' title="bbox 717 3480 2318 3563; baseline 0.001 -20"><span class='ocrx_word' id='word_1_216' title='bbox 717 3483 724 3491; x_wconf 83' lang='grc'>’</span> <span class='ocrx_word' id='word_1_217' title='bbox 764 3501 891 3562; x_wconf 80' lang='lat' dir='ltr'>cap.</span> <span class='ocrx_word' id='word_1_218' title='bbox 934 3487 992 3540; x_wconf 92' lang='lat'>5.</span> <span class='ocrx_word' id='word_1_219' title='bbox 1034 3500 1162 3541; x_wconf 75' lang='lat' dir='ltr'>sess.</span> <span class='ocrx_word' id='word_1_220' title='bbox 1196 3484 1294 3540; x_wconf 90' lang='grc'><strong>21.</strong></span> <span class='ocrx_word' id='word_1_221' title='bbox 1327 3481 1393 3541; x_wconf 79' lang='lat' dir='ltr'>ds</span> <span class='ocrx_word' id='word_1_222' title='bbox 1430 3481 1660 3560; x_wconf 67' lang='lat' dir='ltr'>reform.</span> <span class='ocrx_word' id='word_1_223' title='bbox 1695 3530 1713 3552; x_wconf 89' lang='lat'>,</span> <span class='ocrx_word' id='word_1_224' title='bbox 1747 3480 1810 3541; x_wconf 94' lang='lat' dir='ltr'>in</span> <span class='ocrx_word' id='word_1_225' title='bbox 1838 3496 1965 3563; x_wconf 84' lang='lat' dir='ltr'>quo·</span> <span class='ocrx_word' id='word_1_226' title='bbox 1987 3481 2167 3543; x_wconf 87' lang='lat' dir='ltr'>datur</span> <span class='ocrx_word' id='word_1_227' title='bbox 2224 3481 2318 3544; x_wconf 78' lang='lat' dir='ltr'>fa-</span> 
     </span>
     <span class='ocr_line' id='line_1_33' title="bbox 764 3573 2319 3656; baseline -0.002 -18"><span class='ocrx_word' id='word_1_228' title='bbox 764 3575 957 3638; x_wconf 86' lang='lat' dir='ltr'>cultas</span> <span class='ocrx_word' id='word_1_229' title='bbox 975 3574 1285 3654; x_wconf 87' lang='lat' dir='ltr'>Episcopis</span> <span class='ocrx_word' id='word_1_230' title='bbox 1326 3573 1511 3635; x_wconf 89' lang='lat' dir='ltr'>etiam</span> <span class='ocrx_word' id='word_1_231' title='bbox 1543 3582 1832 3655; x_wconf 88' lang='lat' dir='ltr'>tanquam</span> <span class='ocrx_word' id='word_1_232' title='bbox 1860 3574 2031 3637; x_wconf 86' lang='lat' dir='ltr'>Sedis</span> <span class='ocrx_word' id='word_1_233' title='bbox 2060 3576 2319 3656; x_wconf 80' lang='lat' dir='ltr'>Aposto-</span> 
     </span>
     <span class='ocr_line' id='line_1_34' title="bbox 764 3665 2319 3749; baseline 0.001 -21"><span class='ocrx_word' id='word_1_234' title='bbox 764 3665 915 3729; x_wconf 79' lang='lat' dir='ltr'>licao</span> <span class='ocrx_word' id='word_1_235' title='bbox 946 3666 1239 3749; x_wconf 77' lang='lat' dir='ltr'>Delegatis</span> <span class='ocrx_word' id='word_1_236' title='bbox 1258 3665 1516 3728; x_wconf 77' lang='lat' dir='ltr'>faciendi</span> <span class='ocrx_word' id='word_1_237' title='bbox 1562 3668 1816 3729; x_wconf 90' lang='lat' dir='ltr'>uniones</span> <span class='ocrx_word' id='word_1_238' title='bbox 1844 3676 2168 3749; x_wconf 81' lang='lat' dir='ltr'>perpetuas</span> <span class='ocrx_word' id='word_1_239' title='bbox 2198 3669 2319 3729; x_wconf 84' lang='lat' dir='ltr'>Be·</span> 
     </span>
     <span class='ocr_line' id='line_1_35' title="bbox 769 3758 2322 3842; baseline 0.001 -20"><span class='ocrx_word' id='word_1_240' title='bbox 769 3758 1123 3822; x_wconf 83' lang='lat' dir='ltr'>neficiorum</span> <span class='ocrx_word' id='word_1_241' title='bbox 1181 3758 1543 3821; x_wconf 85' lang='lat' dir='ltr'>Curatorum</span> <span class='ocrx_word' id='word_1_242' title='bbox 1589 3780 1728 3822; x_wconf 90' lang='lat' dir='ltr'>cum</span> <span class='ocrx_word' id='word_1_243' title='bbox 1752 3788 1755 3793; x_wconf 95' lang='lat'>·</span> <span class='ocrx_word' id='word_1_244' title='bbox 1781 3759 2022 3824; x_wconf 89' lang='lat' dir='ltr'>Curatis</span> <span class='ocrx_word' id='word_1_245' title='bbox 2073 3770 2322 3842; x_wconf 86' lang='lat' dir='ltr'>propter</span> 
     </span>
     <span class='ocr_line' id='line_1_36' title="bbox 767 3853 2325 3936; baseline 0 -20"><span class='ocrx_word' id='word_1_246' title='bbox 767 3872 981 3916; x_wconf 90' lang='lat' dir='ltr'>eorum</span> <span class='ocrx_word' id='word_1_247' title='bbox 1025 3859 1436 3934; x_wconf 84' lang='lat' dir='ltr'>paupertatem</span> <span class='ocrx_word' id='word_1_248' title='bbox 1459 3897 1476 3925; x_wconf 93' lang='lat'>,</span> <span class='ocrx_word' id='word_1_249' title='bbox 1518 3860 1581 3915; x_wconf 86' lang='grc'>31</span> <span class='ocrx_word' id='word_1_250' title='bbox 1619 3853 1757 3916; x_wconf 90' lang='lat' dir='ltr'>Sac.</span> <span class='ocrx_word' id='word_1_251' title='bbox 1806 3853 1955 3917; x_wconf 89' lang='lat' dir='ltr'>baec</span> <span class='ocrx_word' id='word_1_252' title='bbox 1987 3853 2325 3936; x_wconf 79' lang='lat' dir='ltr'>Congrega·</span> 
     </span>
     <span class='ocr_line' id='line_1_37' title="bbox 772 3946 2323 4028; baseline 0 -19"><span class='ocrx_word' id='word_1_253' title='bbox 772 3946 855 4009; x_wconf 89' lang='lat' dir='ltr'>tio</span> <span class='ocrx_word' id='word_1_254' title='bbox 886 3966 1062 4026; x_wconf 67' lang='lat' dir='ltr'>usquc</span> <span class='ocrx_word' id='word_1_255' title='bbox 1109 3947 1175 4006; x_wconf 74' lang='lat' dir='ltr'>da</span> <span class='ocrx_word' id='word_1_256' title='bbox 1213 3965 1365 4007; x_wconf 86' lang='grc'><strong>3333</strong></span> <span class='ocrx_word' id='word_1_257' title='bbox 1418 3950 1594 4007; x_wconf 84' lang='grc'><strong>1577.</strong></span> <span class='ocrx_word' id='word_1_258' title='bbox 1642 3947 1944 4028; x_wconf 74' lang='lat' dir='ltr'>Episcopo</span> <span class='ocrx_word' id='word_1_259' title='bbox 1969 3993 1986 4020; x_wconf 92' lang='lat'>,</span> <span class='ocrx_word' id='word_1_260' title='bbox 2022 3949 2128 4027; x_wconf 91' lang='lat' dir='ltr'>qui</span> <span class='ocrx_word' id='word_1_261' title='bbox 2181 3956 2323 4009; x_wconf 90' lang='lat' dir='ltr'>tunc</span> 
     </span>
     <span class='ocr_line' id='line_1_38' title="bbox 766 4039 2322 4121; baseline 0 -18"><span class='ocrx_word' id='word_1_262' title='bbox 766 4041 1091 4104; x_wconf 69' lang='lat' dir='ltr'>Ecclesiam</span> <span class='ocrx_word' id='word_1_263' title='bbox 1139 4039 1626 4121; x_wconf 80' lang='lat' dir='ltr'>Fulginatensem</span> <span class='ocrx_word' id='word_1_264' title='bbox 1670 4040 2178 4114; x_wconf 74' lang='lat' dir='ltr'>administrabat,</span> <span class='ocrx_word' id='word_1_265' title='bbox 2227 4046 2322 4103; x_wconf 86' lang='lat' dir='ltr'>re-</span> 
     </span>
     <span class='ocr_line' id='line_1_39' title="bbox 769 4134 2324 4215; baseline 0.001 -19"><span class='ocrx_word' id='word_1_266' title='bbox 769 4134 1036 4215; x_wconf 88' lang='lat' dir='ltr'>quirenti</span> <span class='ocrx_word' id='word_1_267' title='bbox 1065 4181 1081 4205; x_wconf 91' lang='lat'>,</span> <span class='ocrx_word' id='word_1_268' title='bbox 1130 4151 1210 4195; x_wconf 96' lang='grc'>33</span> <span class='ocrx_word' id='word_1_269' title='bbox 1274 4144 1468 4214; x_wconf 87' lang='lat' dir='ltr'>posset</span> <span class='ocrx_word' id='word_1_270' title='bbox 1513 4134 1695 4196; x_wconf 88' lang='lat' dir='ltr'>unire</span> <span class='ocrx_word' id='word_1_271' title='bbox 1740 4135 1891 4197; x_wconf 89' lang='lat' dir='ltr'>duas</span> <span class='ocrx_word' id='word_1_272' title='bbox 1938 4135 2324 4197; x_wconf 85' lang='lat' dir='ltr'>Parochiales</span> 
     </span>
     <span class='ocr_line' id='line_1_40' title="bbox 770 4228 2326 4309; baseline 0.001 -20"><span class='ocrx_word' id='word_1_273' title='bbox 770 4237 1015 4309; x_wconf 87' lang='lat' dir='ltr'>propter</span> <span class='ocrx_word' id='word_1_274' title='bbox 1066 4246 1276 4289; x_wconf 83' lang='lat' dir='ltr'>earum</span> <span class='ocrx_word' id='word_1_275' title='bbox 1307 4239 1724 4308; x_wconf 82' lang='lat' dir='ltr'>paupertatem</span> <span class='ocrx_word' id='word_1_276' title='bbox 1749 4276 1764 4299; x_wconf 93' lang='lat'>,</span> <span class='ocrx_word' id='word_1_277' title='bbox 1811 4228 2117 4309; x_wconf 87' lang='lat' dir='ltr'>respondit</span> <span class='ocrx_word' id='word_1_278' title='bbox 2152 4248 2326 4309; x_wconf 88' lang='lat' dir='ltr'>posse</span> 
     </span>
     <span class='ocr_line' id='line_1_41' title="bbox 770 4321 2322 4404; baseline 0.002 -19"><span class='ocrx_word' id='word_1_279' title='bbox 770 4324 1134 4404; x_wconf 78' lang='lat' dir='ltr'>Episcopum</span> <span class='ocrx_word' id='word_1_280' title='bbox 1191 4321 1389 4384; x_wconf 77' lang='lat' dir='ltr'>facere</span> <span class='ocrx_word' id='word_1_281' title='bbox 1434 4321 1594 4385; x_wconf 86' lang='lat' dir='ltr'>hanc</span> <span class='ocrx_word' id='word_1_282' title='bbox 1652 4324 1941 4386; x_wconf 88' lang='lat' dir='ltr'>unionem</span> <span class='ocrx_word' id='word_1_283' title='bbox 1965 4369 1982 4397; x_wconf 99' lang='lat'>,</span> <span class='ocrx_word' id='word_1_284' title='bbox 2033 4324 2085 4386; x_wconf 87' lang='lat' dir='ltr'>si</span> <span class='ocrx_word' id='word_1_285' title='bbox 2142 4325 2322 4389; x_wconf 90' lang='lat' dir='ltr'>modo</span> 
     </span>
     <span class='ocr_line' id='line_1_42' title="bbox 773 4416 2322 4485; baseline 0.001 -6"><span class='ocrx_word' id='word_1_286' title='bbox 773 4437 933 4485; x_wconf 85' lang='lat' dir='ltr'>unus</span> <span class='ocrx_word' id='word_1_287' title='bbox 956 4418 1171 4480; x_wconf 83' lang='lat' dir='ltr'>Rector</span> <span class='ocrx_word' id='word_1_288' title='bbox 1213 4416 1409 4478; x_wconf 87' lang='lat' dir='ltr'>valeat</span> <span class='ocrx_word' id='word_1_289' title='bbox 1435 4418 1719 4479; x_wconf 87' lang='lat' dir='ltr'>omnibus</span> <span class='ocrx_word' id='word_1_290' title='bbox 1753 4418 1878 4480; x_wconf 87' lang='lat' dir='ltr'>illis</span> <span class='ocrx_word' id='word_1_291' title='bbox 1917 4419 2194 4480; x_wconf 86' lang='lat' dir='ltr'>Ecclesiis</span> <span class='ocrx_word' id='word_1_292' title='bbox 2223 4419 2322 4480; x_wconf 90' lang='lat' dir='ltr'>in·</span> 
     </span>
     <span class='ocr_line' id='line_1_43' title="bbox 773 4486 2325 4586; baseline 0.001 -12"><span class='ocrx_word' id='word_1_293' title='bbox 773 4512 1002 4574; x_wconf 85' lang='lat' dir='ltr'>servire</span> <span class='ocrx_word' id='word_1_294' title='bbox 1026 4559 1042 4581; x_wconf 92' lang='lat'>,</span> <span class='ocrx_word' id='word_1_295' title='bbox 1076 4510 1282 4572; x_wconf 87' lang='lat' dir='ltr'>habita</span> <span class='ocrx_word' id='word_1_296' title='bbox 1310 4486 1545 4573; x_wconf 85' lang='lat' dir='ltr'>ratione</span> <span class='ocrx_word' id='word_1_297' title='bbox 1569 4510 1900 4574; x_wconf 78' lang='lat' dir='ltr'>vicinitatis</span> <span class='ocrx_word' id='word_1_298' title='bbox 1924 4511 2192 4574; x_wconf 86' lang='lat' dir='ltr'>locorum</span> <span class='ocrx_word' id='word_1_299' title='bbox 2221 4557 2239 4586; x_wconf 94' lang='lat'>,</span> <span class='ocrx_word' id='word_1_300' title='bbox 2262 4521 2325 4576; x_wconf 86' lang='lat' dir='ltr'>et</span> 
     </span>
     <span class='ocr_line' id='line_1_44' title="bbox 774 4604 2319 4681; baseline -0.001 -13"><span class='ocrx_word' id='word_1_301' title='bbox 774 4606 1013 4668; x_wconf 86' lang='lat' dir='ltr'>numeri</span> <span class='ocrx_word' id='word_1_302' title='bbox 1061 4604 1574 4667; x_wconf 77' lang='lat' dir='ltr'>Paroehiauorum</span> <span class='ocrx_word' id='word_1_303' title='bbox 1602 4651 1622 4681; x_wconf 95' lang='lat'>,</span> <span class='ocrx_word' id='word_1_304' title='bbox 1652 4605 1742 4667; x_wconf 82' lang='lat' dir='ltr'>uti</span> <span class='ocrx_word' id='word_1_305' title='bbox 1783 4605 2046 4673; x_wconf 86' lang='lat' dir='ltr'>babetur</span> <span class='ocrx_word' id='word_1_306' title='bbox 2095 4608 2199 4667; x_wconf 82' lang='lat' dir='ltr'>lib.</span> <span class='ocrx_word' id='word_1_307' title='bbox 2258 4611 2319 4667; x_wconf 94' lang='grc'><strong>2.</strong></span> 
     </span>
     <span class='ocr_line' id='line_1_45' title="bbox 772 4702 1823 4779; baseline -0.003 -17"><span class='ocrx_word' id='word_1_308' title='bbox 772 4702 971 4762; x_wconf 70' lang='lat' dir='ltr'>decret.</span> <span class='ocrx_word' id='word_1_309' title='bbox 1002 4720 1137 4779; x_wconf 71' lang='lat' dir='ltr'>paq.</span> <span class='ocrx_word' id='word_1_310' title='bbox 1174 4704 1310 4759; x_wconf 83' lang='grc'><strong>160.</strong></span> <span class='ocrx_word' id='word_1_311' title='bbox 1335 4721 1373 4761; x_wconf 87' lang='grc'>3</span> <span class='ocrx_word' id='word_1_312' title='bbox 1396 4710 1572 4779; x_wconf 71' lang='lat' dir='ltr'>terqo.</span> <span class='ocrx_word' id='word_1_313' title='bbox 1818 4726 1823 4733; x_wconf 90' lang='lat'>·</span> 
     </span>
    </p>

    <p class='ocr_par' dir='ltr' id='par_1_8' title="bbox 774 4790 2326 5514">
     <span class='ocr_line' id='line_1_46' title="bbox 889 4790 2320 4875; baseline 0.001 -21"><span class='ocrx_word' id='word_1_314' title='bbox 889 4790 1202 4873; x_wconf 83' lang='lat' dir='ltr'>Scriptura</span> <span class='ocrx_word' id='word_1_315' title='bbox 1230 4812 1337 4873; x_wconf 88' lang='lat' dir='ltr'>per</span> <span class='ocrx_word' id='word_1_316' title='bbox 1364 4812 1580 4855; x_wconf 87' lang='lat' dir='ltr'>manus</span> <span class='ocrx_word' id='word_1_317' title='bbox 1608 4841 1625 4864; x_wconf 91' lang='lat'>,</span> <span class='ocrx_word' id='word_1_318' title='bbox 1654 4802 1724 4854; x_wconf 90' lang='lat' dir='ltr'>ut</span> <span class='ocrx_word' id='word_1_319' title='bbox 1750 4794 1902 4856; x_wconf 50' lang='lat' dir='ltr'>*mihi</span> <span class='ocrx_word' id='word_1_320' title='bbox 1932 4795 2320 4875; x_wconf 78' lang='lat' dir='ltr'>supponitur,</span> 
     </span>
     <span class='ocr_line' id='line_1_47' title="bbox 774 4885 2319 4967; baseline -0.001 -18"><span class='ocrx_word' id='word_1_321' title='bbox 774 4885 1197 4949; x_wconf 82' lang='lat' dir='ltr'>circumfertur</span> <span class='ocrx_word' id='word_1_322' title='bbox 1226 4887 1473 4947; x_wconf 87' lang='lat' dir='ltr'>nomine</span> <span class='ocrx_word' id='word_1_323' title='bbox 1508 4887 1794 4967; x_wconf 85' lang='lat' dir='ltr'>Capituli,</span> <span class='ocrx_word' id='word_1_324' title='bbox 1823 4895 1882 4949; x_wconf 94' lang='lat' dir='ltr'>et</span> <span class='ocrx_word' id='word_1_325' title='bbox 1913 4888 2319 4950; x_wconf 86' lang='lat' dir='ltr'>Parochiano·</span> 
     </span>
     <span class='ocr_line' id='line_1_48' title="bbox 775 4982 2325 5060; baseline 0.001 -18"><span class='ocrx_word' id='word_1_326' title='bbox 775 5000 915 5043; x_wconf 89' lang='lat' dir='ltr'>rum</span> <span class='ocrx_word' id='word_1_327' title='bbox 936 5026 954 5053; x_wconf 90' lang='lat'>,</span> <span class='ocrx_word' id='word_1_328' title='bbox 985 4988 1045 5041; x_wconf 90' lang='lat' dir='ltr'>et</span> <span class='ocrx_word' id='word_1_329' title='bbox 1070 4988 1370 5060; x_wconf 86' lang='lat' dir='ltr'>quatenus</span> <span class='ocrx_word' id='word_1_330' title='bbox 1395 4999 1515 5041; x_wconf 91' lang='lat' dir='ltr'>non</span> <span class='ocrx_word' id='word_1_331' title='bbox 1541 4982 1772 5042; x_wconf 83' lang='lat' dir='ltr'>adesset</span> <span class='ocrx_word' id='word_1_332' title='bbox 1802 4982 2152 5044; x_wconf 83' lang='lat' dir='ltr'>Mandatum</span> <span class='ocrx_word' id='word_1_333' title='bbox 2184 4982 2325 5043; x_wconf 86' lang='lat' dir='ltr'>Pro-</span> 
     </span>
     <span class='ocr_line' id='line_1_49' title="bbox 775 5073 2321 5155; baseline 0 -19"><span class='ocrx_word' id='word_1_334' title='bbox 775 5095 957 5137; x_wconf 84' lang='lat' dir='ltr'>curae</span> <span class='ocrx_word' id='word_1_335' title='bbox 982 5074 1278 5155; x_wconf 87' lang='lat' dir='ltr'>Capituli,</span> <span class='ocrx_word' id='word_1_336' title='bbox 1306 5082 1369 5135; x_wconf 89' lang='lat' dir='ltr'>et</span> <span class='ocrx_word' id='word_1_337' title='bbox 1391 5073 1503 5137; x_wconf 89' lang='lat' dir='ltr'>soli</span> <span class='ocrx_word' id='word_1_338' title='bbox 1531 5075 2321 5148; x_wconf 87' lang='lat' dir='ltr'>remanerent-Parochiani,</span> 
     </span>
     <span class='ocr_line' id='line_1_50' title="bbox 777 5168 2326 5251; baseline 0 -20"><span class='ocrx_word' id='word_1_339' title='bbox 777 5170 884 5251; x_wconf 89' lang='lat' dir='ltr'>qui</span> <span class='ocrx_word' id='word_1_340' title='bbox 925 5189 990 5229; x_wconf 85' lang='lat' dir='ltr'>se</span> <span class='ocrx_word' id='word_1_341' title='bbox 1037 5176 1455 5249; x_wconf 81' lang='lat' dir='ltr'>opponerent,</span> <span class='ocrx_word' id='word_1_342' title='bbox 1505 5186 1661 5231; x_wconf 90' lang='lat' dir='ltr'>onus</span> <span class='ocrx_word' id='word_1_343' title='bbox 1706 5169 1824 5230; x_wconf 88' lang='lat' dir='ltr'>erit</span> <span class='ocrx_word' id='word_1_344' title='bbox 1863 5168 2198 5250; x_wconf 83' lang='lat' dir='ltr'>inspicere,</span> <span class='ocrx_word' id='word_1_345' title='bbox 2244 5188 2326 5231; x_wconf 90' lang='grc'>33</span> 
     </span>
     <span class='ocr_line' id='line_1_51' title="bbox 778 5262 2325 5344; baseline -0.001 -18"><span class='ocrx_word' id='word_1_346' title='bbox 778 5262 1136 5326; x_wconf 84' lang='lat' dir='ltr'>Parocbiani</span> <span class='ocrx_word' id='word_1_347' title='bbox 1168 5263 1229 5323; x_wconf 89' lang='lat' dir='ltr'>in</span> <span class='ocrx_word' id='word_1_348' title='bbox 1259 5280 1362 5337; x_wconf 90' lang='lat' dir='ltr'>re,</span> <span class='ocrx_word' id='word_1_349' title='bbox 1385 5262 1462 5324; x_wconf 88' lang='lat' dir='ltr'>de</span> <span class='ocrx_word' id='word_1_350' title='bbox 1483 5280 1606 5342; x_wconf 86' lang='lat' dir='ltr'>qua</span> <span class='ocrx_word' id='word_1_351' title='bbox 1636 5282 1796 5324; x_wconf 89' lang='grc'><strong>3333</strong></span> <span class='ocrx_word' id='word_1_352' title='bbox 1821 5263 2056 5344; x_wconf 78' lang='lat' dir='ltr'>agitur,</span> <span class='ocrx_word' id='word_1_353' title='bbox 2092 5264 2216 5325; x_wconf 88' lang='lat' dir='ltr'>sint</span> <span class='ocrx_word' id='word_1_354' title='bbox 2238 5262 2325 5325; x_wconf 92' lang='lat' dir='ltr'>le-</span> 
     </span>
     <span class='ocr_line' id='line_1_52' title="bbox 779 5356 2322 5439; baseline 0.001 -21"><span class='ocrx_word' id='word_1_355' title='bbox 779 5356 975 5439; x_wconf 80' lang='lat' dir='ltr'>gitimi</span> <span class='ocrx_word' id='word_1_356' title='bbox 1016 5357 1481 5419; x_wconf 82' lang='lat' dir='ltr'>contradictores</span> <span class='ocrx_word' id='word_1_357' title='bbox 1514 5379 1530 5417; x_wconf 74' lang='grc' dir='ltr'><strong><em>ε</em></strong></span> <span class='ocrx_word' id='word_1_358' title='bbox 1561 5356 1769 5419; x_wconf 84' lang='grc'><strong>(113331</strong></span> <span class='ocrx_word' id='word_1_359' title='bbox 1796 5359 1960 5418; x_wconf 89' lang='lat' dir='ltr'>enim</span> <span class='ocrx_word' id='word_1_360' title='bbox 1996 5359 2279 5419; x_wconf 76' lang='lat' dir='ltr'>Doctores</span> <span class='ocrx_word' id='word_1_361' title='bbox 2304 5403 2322 5431; x_wconf 88' lang='lat'>,</span> 
     </span>
     <span class='ocr_line' id='line_1_53' title="bbox 777 5450 2321 5514; baseline 0.001 -2"><span class='ocrx_word' id='word_1_362' title='bbox 777 5472 878 5513; x_wconf 83' lang='lat' dir='ltr'>eos</span> <span class='ocrx_word' id='word_1_363' title='bbox 909 5469 1029 5512; x_wconf 91' lang='grc'>333</span> <span class='ocrx_word' id='word_1_364' title='bbox 1054 5469 1183 5513; x_wconf 88' lang='lat' dir='ltr'>esse</span> <span class='ocrx_word' id='word_1_365' title='bbox 1211 5452 1542 5514; x_wconf 82' lang='lat' dir='ltr'>necessario</span> <span class='ocrx_word' id='word_1_366' title='bbox 1567 5451 1887 5513; x_wconf 80' lang='lat' dir='ltr'>vocandos:</span> <span class='ocrx_word' id='word_1_367' title='bbox 1916 5450 2054 5514; x_wconf 72' lang='lat' dir='ltr'>Pax</span> <span class='ocrx_word' id='word_1_368' title='bbox 2071 5450 2321 5514; x_wconf 70' lang='lat' dir='ltr'>Jordan.</span> 
     </span>
    </p>
   </div>
   <div class='ocr_carea' id='block_1_6' title="bbox 2430 747 3977 1018">
    <p class='ocr_par' dir='ltr' id='par_1_9' title="bbox 2430 747 3977 1018">
     <span class='ocr_line' id='line_1_54' title="bbox 2430 747 3977 832; baseline 0.001 -22"><span class='ocrx_word' id='word_1_369' title='bbox 2430 752 2541 811; x_wconf 82' lang='lat' dir='ltr'>bos.</span> <span class='ocrx_word' id='word_1_370' title='bbox 2580 751 2696 812; x_wconf 81' lang='lat' dir='ltr'>loco</span> <span class='ocrx_word' id='word_1_371' title='bbox 2719 759 2896 832; x_wconf 74' lang='lat' dir='ltr'>supra</span> <span class='ocrx_word' id='word_1_372' title='bbox 2916 752 3015 812; x_wconf 85' lang='lat' dir='ltr'>cit.</span> <span class='ocrx_word' id='word_1_373' title='bbox 3047 770 3206 810; x_wconf 71' lang='lat' dir='ltr'>vtum.</span> <span class='ocrx_word' id='word_1_374' title='bbox 3237 756 3297 811; x_wconf 83' lang='lat'>8.</span> <span class='ocrx_word' id='word_1_375' title='bbox 3329 747 3640 812; x_wconf 59' lang='lat' dir='ltr'>Monac-211.</span> <span class='ocrx_word' id='word_1_376' title='bbox 3675 750 3791 811; x_wconf 76' lang='lat' dir='ltr'>loeo</span> <span class='ocrx_word' id='word_1_377' title='bbox 3812 750 3977 829; x_wconf 69' lang='lat' dir='ltr'>pari-</span> 
     </span>
     <span class='ocr_line' id='line_1_55' title="bbox 2431 843 3938 932; baseline 0 -25"><span class='ocrx_word' id='word_1_378' title='bbox 2431 857 2515 907; x_wconf 78' lang='lat' dir='ltr'>ter</span> <span class='ocrx_word' id='word_1_379' title='bbox 2532 865 2709 926; x_wconf 75' lang='lat' dir='ltr'>supra</span> <span class='ocrx_word' id='word_1_380' title='bbox 2743 847 2917 906; x_wconf 81' lang='lat' dir='ltr'>citato</span> <span class='ocrx_word' id='word_1_381' title='bbox 2935 849 3095 905; x_wconf 72' lang='lat' dir='ltr'>nam.</span> <span class='ocrx_word' id='word_1_382' title='bbox 3126 850 3185 932; x_wconf 79' lang='grc'>3.</span> <span class='ocrx_word' id='word_1_383' title='bbox 3216 852 3277 907; x_wconf 89' lang='grc'>31</span> <span class='ocrx_word' id='word_1_384' title='bbox 3302 843 3561 907; x_wconf 86' lang='lat' dir='ltr'>ulterius</span> <span class='ocrx_word' id='word_1_385' title='bbox 3584 844 3894 908; x_wconf 86' lang='lat' dir='ltr'>declarare</span> <span class='ocrx_word' id='word_1_386' title='bbox 3916 888 3938 919; x_wconf 94' lang='lat'>,</span> 
     </span>
     <span class='ocr_line' id='line_1_56' title="bbox 2545 940 3808 1018; baseline 0 -17"><span class='ocrx_word' id='word_1_387' title='bbox 2545 940 2642 1001; x_wconf 79' lang='lat' dir='ltr'>An</span> <span class='ocrx_word' id='word_1_388' title='bbox 2667 942 2741 1000; x_wconf 82' lang='lat' dir='ltr'>sit</span> <span class='ocrx_word' id='word_1_389' title='bbox 2765 943 2915 1001; x_wconf 76' lang='grc'><strong>13333</strong></span> <span class='ocrx_word' id='word_1_390' title='bbox 2945 941 3147 1001; x_wconf 69' lang='lat' dir='ltr'>unioni</span> <span class='ocrx_word' id='word_1_391' title='bbox 3181 941 3246 1018; x_wconf 79' lang='grc'>13</span> <span class='ocrx_word' id='word_1_392' title='bbox 3266 959 3403 1001; x_wconf 71' lang='lat' dir='ltr'>casu</span> <span class='ocrx_word' id='word_1_393' title='bbox 3429 948 3533 1001; x_wconf 80' lang='lat' dir='ltr'>etc.</span> <span class='ocrx_word' id='word_1_394' title='bbox 3794 941 3808 956; x_wconf 83' lang='lat'><strong><em>&#39;</em></strong></span> 
     </span>
    </p>
   </div>
   <div class='ocr_carea' id='block_1_7' title="bbox 2535 1116 3237 1187">
    <p class='ocr_par' dir='ltr' id='par_1_10' title="bbox 2535 1116 3237 1187">
     <span class='ocr_line' id='line_1_57' title="bbox 2535 1116 3237 1187; baseline -0.004 -17"><span class='ocrx_word' id='word_1_395' title='bbox 2535 1119 2678 1171; x_wconf 71' lang='lat' dir='ltr'>sacr.</span> <span class='ocrx_word' id='word_1_396' title='bbox 2703 1116 2900 1185; x_wconf 72' lang='lat' dir='ltr'>Congr.</span> <span class='ocrx_word' id='word_1_397' title='bbox 2929 1116 3207 1187; x_wconf 74' lang='lat' dir='ltr'>respondit</span> <span class='ocrx_word' id='word_1_398' title='bbox 3222 1136 3237 1167; x_wconf 68' lang='grc' dir='ltr'>ς</span> 
     </span>
    </p>
   </div>
   <div class='ocr_carea' id='block_1_8' title="bbox 2606 1203 2983 1275">
    <p class='ocr_par' dir='ltr' id='par_1_11' title="bbox 2606 1203 2983 1275">
     <span class='ocr_line' id='line_1_58' title="bbox 2606 1203 2983 1275; baseline 0 -18"><span class='ocrx_word' id='word_1_399' title='bbox 2606 1203 2983 1275; x_wconf 65' lang='lat' dir='ltr'>Asfirmasive.</span> 
     </span>
    </p>
   </div>
   <div class='ocr_carea' id='block_1_9' title="bbox 2875 1353 3531 1488">
    <p class='ocr_par' dir='ltr' id='par_1_12' title="bbox 2875 1353 3531 1488">
     <span class='ocr_line' id='line_1_59' title="bbox 2875 1353 3531 1488; baseline -0.003 -13"><span class='ocrx_word' id='word_1_400' title='bbox 2875 1353 3236 1488; x_wconf 54' lang='lat' dir='ltr'>Qus-:sito</span> <span class='ocrx_word' id='word_1_401' title='bbox 3275 1410 3531 1476; x_wconf 80' lang='lat' dir='ltr'>ccclv.</span> 
     </span>
    </p>
   </div>
   <div class='ocr_carea' id='block_1_10' title="bbox 2483 1653 3916 1848">
    <p class='ocr_par' dir='ltr' id='par_1_13' title="bbox 2483 1653 3916 1848">
     <span class='ocr_line' id='line_1_60' title="bbox 2483 1653 3916 1738; baseline 0.002 -14"><span class='ocrx_word' id='word_1_402' title='bbox 2483 1661 2555 1724; x_wconf 83' lang='grc'>13</span> <span class='ocrx_word' id='word_1_403' title='bbox 2580 1661 2779 1727; x_wconf 69' lang='lat' dir='ltr'>eam</span> <span class='ocrx_word' id='word_1_404' title='bbox 2798 1653 3021 1732; x_wconf 68' lang='grc'><strong>1133113</strong></span> <span class='ocrx_word' id='word_1_405' title='bbox 3046 1661 3297 1726; x_wconf 72' lang='lat' dir='ltr'>Maroni</span> <span class='ocrx_word' id='word_1_406' title='bbox 3321 1660 3567 1732; x_wconf 65' lang='lat' dir='ltr'>Servitia·</span> <span class='ocrx_word' id='word_1_407' title='bbox 3586 1660 3875 1726; x_wconf 67' lang='lat' dir='ltr'>Booten-‘ao</span> <span class='ocrx_word' id='word_1_408' title='bbox 3890 1706 3916 1738; x_wconf 80' lang='lat'>,</span> 
     </span>
     <span class='ocr_line' id='line_1_61' title="bbox 2836 1755 3569 1848; baseline 0.001 -31"><span class='ocrx_word' id='word_1_409' title='bbox 2836 1757 2928 1848; x_wconf 62' lang='grc' dir='ltr'>«μ’.</span> <span class='ocrx_word' id='word_1_410' title='bbox 2954 1761 3054 1819; x_wconf 81' lang='lat' dir='ltr'>ao.</span> <span class='ocrx_word' id='word_1_411' title='bbox 3083 1755 3569 1836; x_wconf 62' lang='lat' dir='ltr'>:amrin-123.</span> 
     </span>
    </p>
   </div>
   <div class='ocr_carea' id='block_1_11' title="bbox 2423 1917 3992 5530">
    <p class='ocr_par' dir='ltr' id='par_1_14' title="bbox 2423 1917 3992 4858">
     <span class='ocr_line' id='line_1_62' title="bbox 2425 1917 3987 2055; baseline 0.003 -24"><span class='ocrx_word' id='word_1_412' title='bbox 2425 1917 2903 2037; x_wconf 73' lang='lat' dir='ltr'>Pro—vicarius</span> <span class='ocrx_word' id='word_1_413' title='bbox 2946 1972 3260 2037; x_wconf 82' lang='lat' dir='ltr'>Generalis</span> <span class='ocrx_word' id='word_1_414' title='bbox 3288 1972 3571 2055; x_wconf 85' lang='lat' dir='ltr'>Episcopi</span> <span class='ocrx_word' id='word_1_415' title='bbox 3602 1971 3828 2035; x_wconf 66' lang='lat' dir='ltr'>Montis</span> <span class='ocrx_word' id='word_1_416' title='bbox 3851 1971 3987 2036; x_wconf 72' lang='lat' dir='ltr'>ns-</span> 
     </span>
     <span class='ocr_line' id='line_1_63' title="bbox 2429 2067 3989 2150; baseline -0.001 -21"><span class='ocrx_word' id='word_1_417' title='bbox 2429 2068 2576 2130; x_wconf 87' lang='lat' dir='ltr'>rani-</span> <span class='ocrx_word' id='word_1_418' title='bbox 2608 2080 2956 2150; x_wconf 83' lang='lat' dir='ltr'>sequentem</span> <span class='ocrx_word' id='word_1_419' title='bbox 2984 2069 3060 2130; x_wconf 89' lang='lat' dir='ltr'>ad</span> <span class='ocrx_word' id='word_1_420' title='bbox 3084 2069 3242 2132; x_wconf 85' lang='lat' dir='ltr'>banc</span> <span class='ocrx_word' id='word_1_421' title='bbox 3278 2068 3530 2131; x_wconf 86' lang='lat' dir='ltr'>Sacram</span> <span class='ocrx_word' id='word_1_422' title='bbox 3556 2067 3989 2150; x_wconf 78' lang='lat' dir='ltr'>Congregatio-</span> 
     </span>
     <span class='ocr_line' id='line_1_64' title="bbox 2428 2162 3987 2227; baseline 0.001 -4"><span class='ocrx_word' id='word_1_423' title='bbox 2428 2182 2564 2224; x_wconf 92' lang='lat' dir='ltr'>nem</span> <span class='ocrx_word' id='word_1_424' title='bbox 2583 2163 2916 2226; x_wconf 86' lang='lat' dir='ltr'>transmisit</span> <span class='ocrx_word' id='word_1_425' title='bbox 2934 2163 3309 2227; x_wconf 83' lang='lat' dir='ltr'>relationem.</span> <span class='ocrx_word' id='word_1_426' title='bbox 3337 2162 3487 2225; x_wconf 73' lang='grc'><strong>6331</strong></span> <span class='ocrx_word' id='word_1_427' title='bbox 3504 2165 3582 2226; x_wconf 80' lang='lat' dir='ltr'>ad</span> <span class='ocrx_word' id='word_1_428' title='bbox 3610 2162 3987 2224; x_wconf 67' lang='lat' dir='ltr'>Vultur-arias</span> 
     </span>
     <span class='ocr_line' id='line_1_65' title="bbox 2430 2255 3981 2338; baseline 0.001 -21"><span class='ocrx_word' id='word_1_429' title='bbox 2430 2255 2719 2338; x_wconf 76' lang='lat' dir='ltr'>Oppidum</span> <span class='ocrx_word' id='word_1_430' title='bbox 2742 2260 2912 2337; x_wconf 78' lang='lat' dir='ltr'>hujus</span> <span class='ocrx_word' id='word_1_431' title='bbox 2939 2257 3206 2320; x_wconf 77' lang='lat' dir='ltr'>Dioscssis</span> <span class='ocrx_word' id='word_1_432' title='bbox 3232 2256 3453 2321; x_wconf 75' lang='lat' dir='ltr'>Montis</span> <span class='ocrx_word' id='word_1_433' title='bbox 3479 2258 3729 2320; x_wconf 71' lang='lat' dir='ltr'>Maroni</span> <span class='ocrx_word' id='word_1_434' title='bbox 3749 2276 3853 2338; x_wconf 84' lang='lat' dir='ltr'>pro</span> <span class='ocrx_word' id='word_1_435' title='bbox 3874 2276 3981 2318; x_wconf 75' lang='lat' dir='ltr'>sx-</span> 
     </span>
     <span class='ocr_line' id='line_1_66' title="bbox 2423 2351 3988 2431; baseline 0 -20"><span class='ocrx_word' id='word_1_436' title='bbox 2423 2353 2627 2431; x_wconf 61' lang='grc'><strong>3133113</strong></span> <span class='ocrx_word' id='word_1_437' title='bbox 2643 2372 2870 2413; x_wconf 69' lang='lat' dir='ltr'>munero</span> <span class='ocrx_word' id='word_1_438' title='bbox 2892 2351 2961 2413; x_wconf 76' lang='lat' dir='ltr'>S.</span> <span class='ocrx_word' id='word_1_439' title='bbox 2992 2352 3349 2414; x_wconf 77' lang='lat' dir='ltr'>Visitationis</span> <span class='ocrx_word' id='word_1_440' title='bbox 3372 2352 3806 2431; x_wconf 60' lang='lat' dir='ltr'>ampo-oxima</span> <span class='ocrx_word' id='word_1_441' title='bbox 3825 2370 3988 2431; x_wconf 78' lang='lat' dir='ltr'>prae-</span> 
     </span>
     <span class='ocr_line' id='line_1_67' title="bbox 2427 2446 3982 2520; baseline 0.001 -16"><span class='ocrx_word' id='word_1_442' title='bbox 2427 2448 2591 2505; x_wconf 77' lang='lat' dir='ltr'>terito</span> <span class='ocrx_word' id='word_1_443' title='bbox 2611 2466 2696 2506; x_wconf 78' lang='lat' dir='ltr'>ms</span> <span class='ocrx_word' id='word_1_444' title='bbox 2731 2448 3086 2507; x_wconf 73' lang='lat' dir='ltr'>contulissem</span> <span class='ocrx_word' id='word_1_445' title='bbox 3105 2491 3123 2520; x_wconf 91' lang='lat'>,</span> <span class='ocrx_word' id='word_1_446' title='bbox 3161 2448 3312 2507; x_wconf 76' lang='lat' dir='ltr'>inter</span> <span class='ocrx_word' id='word_1_447' title='bbox 3335 2446 3483 2507; x_wconf 81' lang='lat' dir='ltr'>alios</span> <span class='ocrx_word' id='word_1_448' title='bbox 3502 2446 3712 2506; x_wconf 69' lang='lat' dir='ltr'>abusus</span> <span class='ocrx_word' id='word_1_449' title='bbox 3748 2446 3941 2505; x_wconf 74' lang='grc'><strong>133331·</strong></span> <span class='ocrx_word' id='word_1_450' title='bbox 3962 2491 3982 2515; x_wconf 82' lang='grc'><strong><em>,</em></strong></span> 
     </span>
     <span class='ocr_line' id='line_1_68' title="bbox 2427 2538 3990 2621; baseline 0.001 -22"><span class='ocrx_word' id='word_1_451' title='bbox 2427 2540 2576 2618; x_wconf 75' lang='lat' dir='ltr'>quod</span> <span class='ocrx_word' id='word_1_452' title='bbox 2589 2542 2754 2600; x_wconf 78' lang='lat' dir='ltr'>iltius</span> <span class='ocrx_word' id='word_1_453' title='bbox 2788 2538 3111 2621; x_wconf 72' lang='lat' dir='ltr'>Presbyteri</span> <span class='ocrx_word' id='word_1_454' title='bbox 3137 2541 3215 2602; x_wconf 83' lang='lat' dir='ltr'>ad</span> <span class='ocrx_word' id='word_1_455' title='bbox 3239 2559 3539 2600; x_wconf 66' lang='grc'><strong>33313333·</strong></span> <span class='ocrx_word' id='word_1_456' title='bbox 3560 2541 3803 2619; x_wconf 69' lang='grc'><strong>13191313</strong></span> <span class='ocrx_word' id='word_1_457' title='bbox 3821 2557 3990 2600; x_wconf 79' lang='grc'><strong>3333-</strong></span> 
     </span>
     <span class='ocr_line' id='line_1_69' title="bbox 2429 2633 3990 2712; baseline -0.002 -16"><span class='ocrx_word' id='word_1_458' title='bbox 2429 2635 2665 2696; x_wconf 73' lang='lat' dir='ltr'>bant-in</span> <span class='ocrx_word' id='word_1_459' title='bbox 2688 2633 2909 2708; x_wconf 77' lang='lat' dir='ltr'>Chora,</span> <span class='ocrx_word' id='word_1_460' title='bbox 2935 2647 2987 2696; x_wconf 84' lang='lat' dir='ltr'>st</span> <span class='ocrx_word' id='word_1_461' title='bbox 3011 2638 3076 2695; x_wconf 89' lang='grc'>13</span> <span class='ocrx_word' id='word_1_462' title='bbox 3112 2635 3384 2697; x_wconf 77' lang='lat' dir='ltr'>Ecclesiis</span> <span class='ocrx_word' id='word_1_463' title='bbox 3422 2634 3643 2697; x_wconf 77' lang='lat' dir='ltr'>Missas</span> <span class='ocrx_word' id='word_1_464' title='bbox 3684 2633 3990 2712; x_wconf 66' lang='lat' dir='ltr'>Defuncto-</span> 
     </span>
     <span class='ocr_line' id='line_1_70' title="bbox 2426 2724 3991 2803; baseline 0 -15"><span class='ocrx_word' id='word_1_465' title='bbox 2426 2748 2559 2788; x_wconf 71' lang='lat' dir='ltr'>rum</span> <span class='ocrx_word' id='word_1_466' title='bbox 2580 2776 2594 2798; x_wconf 91' lang='lat'>,</span> <span class='ocrx_word' id='word_1_467' title='bbox 2642 2728 3089 2790; x_wconf 74' lang='lat' dir='ltr'>Annicersarias</span> <span class='ocrx_word' id='word_1_468' title='bbox 3111 2772 3130 2803; x_wconf 94' lang='lat'>,</span> <span class='ocrx_word' id='word_1_469' title='bbox 3189 2727 3416 2790; x_wconf 71' lang='lat' dir='ltr'>Votiras</span> <span class='ocrx_word' id='word_1_470' title='bbox 3437 2772 3456 2802; x_wconf 96' lang='lat'>,</span> <span class='ocrx_word' id='word_1_471' title='bbox 3503 2737 3556 2788; x_wconf 78' lang='grc'>31</span> <span class='ocrx_word' id='word_1_472' title='bbox 3604 2728 3729 2790; x_wconf 82' lang='grc'><strong>3113</strong></span> <span class='ocrx_word' id='word_1_473' title='bbox 3775 2724 3991 2788; x_wconf 67' lang='lat' dir='ltr'>Divina</span> 
     </span>
     <span class='ocr_line' id='line_1_71' title="bbox 2432 2819 3990 2902; baseline -0.003 -20"><span class='ocrx_word' id='word_1_474' title='bbox 2432 2819 2636 2902; x_wconf 76' lang='lat' dir='ltr'>Officia</span> <span class='ocrx_word' id='word_1_475' title='bbox 2674 2823 2879 2902; x_wconf 75' lang='lat' dir='ltr'>absquo</span> <span class='ocrx_word' id='word_1_476' title='bbox 2926 2822 3093 2884; x_wconf 88' lang='grc'><strong>63113</strong></span> <span class='ocrx_word' id='word_1_477' title='bbox 3112 2867 3130 2896; x_wconf 90' lang='grc'><em>,</em></span> <span class='ocrx_word' id='word_1_478' title='bbox 3160 2833 3213 2884; x_wconf 78' lang='lat' dir='ltr'>st</span> <span class='ocrx_word' id='word_1_479' title='bbox 3244 2821 3440 2883; x_wconf 79' lang='lat' dir='ltr'>Birsto</span> <span class='ocrx_word' id='word_1_480' title='bbox 3465 2820 3782 2895; x_wconf 72' lang='lat' dir='ltr'>clericali,</span> <span class='ocrx_word' id='word_1_481' title='bbox 3810 2821 3904 2880; x_wconf 78' lang='lat' dir='ltr'>ssd</span> <span class='ocrx_word' id='word_1_482' title='bbox 3922 2822 3990 2879; x_wconf 79' lang='lat' dir='ltr'>its</span> 
     </span>
     <span class='ocr_line' id='line_1_72' title="bbox 2428 2916 3987 2998; baseline -0.001 -22"><span class='ocrx_word' id='word_1_483' title='bbox 2428 2919 2647 2995; x_wconf 60' lang='lat' dir='ltr'>nim-is,</span> <span class='ocrx_word' id='word_1_484' title='bbox 2676 2928 2728 2978; x_wconf 80' lang='grc'>31</span> <span class='ocrx_word' id='word_1_485' title='bbox 2771 2917 2923 2997; x_wconf 73' lang='lat' dir='ltr'>quod</span> <span class='ocrx_word' id='word_1_486' title='bbox 2945 2919 3104 2998; x_wconf 66' lang='lat' dir='ltr'>pejus</span> <span class='ocrx_word' id='word_1_487' title='bbox 3143 2926 3221 2978; x_wconf 79' lang='lat' dir='ltr'>cst</span> <span class='ocrx_word' id='word_1_488' title='bbox 3247 2964 3264 2988; x_wconf 91' lang='lat'>,</span> <span class='ocrx_word' id='word_1_489' title='bbox 3297 2926 3467 2978; x_wconf 71' lang='lat' dir='ltr'>curta</span> <span class='ocrx_word' id='word_1_490' title='bbox 3496 2916 3854 2978; x_wconf 68' lang='grc' dir='ltr'><strong>333131311υεί</strong></span> <span class='ocrx_word' id='word_1_491' title='bbox 3874 2961 3894 2986; x_wconf 86' lang='grc'><strong><em>,</em></strong></span> <span class='ocrx_word' id='word_1_492' title='bbox 3919 2916 3987 2974; x_wconf 83' lang='grc'>13</span> 
     </span>
     <span class='ocr_line' id='line_1_73' title="bbox 2427 3009 3990 3091; baseline -0.001 -21"><span class='ocrx_word' id='word_1_493' title='bbox 2427 3009 2625 3071; x_wconf 81' lang='lat' dir='ltr'>Missis</span> <span class='ocrx_word' id='word_1_494' title='bbox 2647 3010 3057 3091; x_wconf 69' lang='lat' dir='ltr'>Defunctorum</span> <span class='ocrx_word' id='word_1_495' title='bbox 3079 3010 3518 3071; x_wconf 78' lang='lat' dir='ltr'>Anniccrsariis</span> <span class='ocrx_word' id='word_1_496' title='bbox 3545 3058 3563 3082; x_wconf 86' lang='lat'>,</span> <span class='ocrx_word' id='word_1_497' title='bbox 3591 3009 3821 3088; x_wconf 72' lang='lat' dir='ltr'>quando</span> <span class='ocrx_word' id='word_1_498' title='bbox 3845 3009 3990 3069; x_wconf 79' lang='lat' dir='ltr'>dici-</span> 
     </span>
     <span class='ocr_line' id='line_1_74' title="bbox 2430 3100 3992 3177; baseline 0 -13"><span class='ocrx_word' id='word_1_499' title='bbox 2430 3115 2528 3165; x_wconf 70' lang='grc' dir='ltr'>131ρ</span> <span class='ocrx_word' id='word_1_500' title='bbox 2546 3107 2718 3168; x_wconf 84' lang='grc'><strong>33133</strong></span> <span class='ocrx_word' id='word_1_501' title='bbox 2755 3116 2978 3168; x_wconf 74' lang='lat' dir='ltr'>tantum</span> <span class='ocrx_word' id='word_1_502' title='bbox 3010 3108 3199 3167; x_wconf 81' lang='lat' dir='ltr'>oratio</span> <span class='ocrx_word' id='word_1_503' title='bbox 3226 3154 3242 3177; x_wconf 92' lang='lat'>,</span> <span class='ocrx_word' id='word_1_504' title='bbox 3271 3124 3386 3166; x_wconf 89' lang='grc'>333</span> <span class='ocrx_word' id='word_1_505' title='bbox 3405 3105 3683 3166; x_wconf 76' lang='lat' dir='ltr'>canebant</span> <span class='ocrx_word' id='word_1_506' title='bbox 3701 3105 3767 3163; x_wconf 85' lang='grc'>13</span> <span class='ocrx_word' id='word_1_507' title='bbox 3802 3100 3992 3164; x_wconf 65' lang='lat' dir='ltr'>Charo</span> 
     </span>
     <span class='ocr_line' id='line_1_75' title="bbox 2425 3199 3982 3280; baseline -0.001 -20"><span class='ocrx_word' id='word_1_508' title='bbox 2425 3203 2768 3277; x_wconf 71' lang='lat' dir='ltr'>sequentiam</span> <span class='ocrx_word' id='word_1_509' title='bbox 2805 3200 2936 3261; x_wconf 83' lang='lat' dir='ltr'>Dies</span> <span class='ocrx_word' id='word_1_510' title='bbox 2963 3204 3088 3263; x_wconf 76' lang='lat' dir='ltr'>iras</span> <span class='ocrx_word' id='word_1_511' title='bbox 3125 3211 3228 3261; x_wconf 82' lang='grc'><strong>313.</strong></span> <span class='ocrx_word' id='word_1_512' title='bbox 3259 3200 3584 3280; x_wconf 74' lang='lat' dir='ltr'>Epistulam</span> <span class='ocrx_word' id='word_1_513' title='bbox 3619 3200 3856 3261; x_wconf 70' lang='lat' dir='ltr'>canebat</span> <span class='ocrx_word' id='word_1_514' title='bbox 3884 3199 3982 3259; x_wconf 77' lang='grc'><strong>13·-</strong></span> 
     </span>
     <span class='ocr_line' id='line_1_76' title="bbox 2431 3292 3990 3374; baseline 0.001 -23"><span class='ocrx_word' id='word_1_515' title='bbox 2431 3304 2521 3353; x_wconf 77' lang='lat' dir='ltr'>tus</span> <span class='ocrx_word' id='word_1_516' title='bbox 2549 3293 2802 3355; x_wconf 73' lang='lat' dir='ltr'>Chartam</span> <span class='ocrx_word' id='word_1_517' title='bbox 2820 3297 3034 3374; x_wconf 77' lang='lat' dir='ltr'>aliquis</span> <span class='ocrx_word' id='word_1_518' title='bbox 3054 3314 3247 3355; x_wconf 73' lang='lat' dir='ltr'>aarum</span> <span class='ocrx_word' id='word_1_519' title='bbox 3269 3296 3479 3373; x_wconf 68' lang='lat' dir='ltr'>absque</span> <span class='ocrx_word' id='word_1_520' title='bbox 3503 3292 3673 3355; x_wconf 84' lang='grc'><strong>63113</strong></span> <span class='ocrx_word' id='word_1_521' title='bbox 3695 3342 3712 3363; x_wconf 85' lang='grc'><strong><em>,</em></strong></span> <span class='ocrx_word' id='word_1_522' title='bbox 3737 3302 3790 3353; x_wconf 80' lang='lat' dir='ltr'>st</span> <span class='ocrx_word' id='word_1_523' title='bbox 3820 3301 3990 3353; x_wconf 68' lang='lat' dir='ltr'>curta</span> 
     </span>
     <span class='ocr_line' id='line_1_77' title="bbox 2426 3387 3991 3463; baseline -0.003 -14"><span class='ocrx_word' id='word_1_524' title='bbox 2426 3390 2694 3450; x_wconf 63' lang='lat' dir='ltr'>similiter</span> <span class='ocrx_word' id='word_1_525' title='bbox 2716 3435 2733 3463; x_wconf 90' lang='lat'>,</span> <span class='ocrx_word' id='word_1_526' title='bbox 2763 3392 2856 3450; x_wconf 78' lang='grc'>311</span> <span class='ocrx_word' id='word_1_527' title='bbox 2885 3391 3092 3450; x_wconf 82' lang='lat' dir='ltr'>caeteri</span> <span class='ocrx_word' id='word_1_528' title='bbox 3117 3438 3133 3461; x_wconf 88' lang='lat'>,</span> <span class='ocrx_word' id='word_1_529' title='bbox 3163 3389 3405 3450; x_wconf 74' lang='lat' dir='ltr'>indutus</span> <span class='ocrx_word' id='word_1_530' title='bbox 3448 3398 3591 3449; x_wconf 76' lang='lat' dir='ltr'>rests</span> <span class='ocrx_word' id='word_1_531' title='bbox 3616 3435 3633 3459; x_wconf 92' lang='lat'>,</span> <span class='ocrx_word' id='word_1_532' title='bbox 3670 3397 3723 3448; x_wconf 81' lang='grc'>31</span> <span class='ocrx_word' id='word_1_533' title='bbox 3766 3387 3991 3447; x_wconf 67' lang='lat' dir='ltr'>demum</span> 
     </span>
     <span class='ocr_line' id='line_1_78' title="bbox 2429 3478 3991 3567; baseline -0.003 -24"><span class='ocrx_word' id='word_1_534' title='bbox 2429 3481 2630 3544; x_wconf 72' lang='lat' dir='ltr'>Missis</span> <span class='ocrx_word' id='word_1_535' title='bbox 2667 3503 2793 3544; x_wconf 69' lang='lat' dir='ltr'>cum</span> <span class='ocrx_word' id='word_1_536' title='bbox 2826 3494 3003 3544; x_wconf 77' lang='grc'><strong>33313</strong></span> <span class='ocrx_word' id='word_1_537' title='bbox 3023 3484 3399 3567; x_wconf 67' lang='lat' dir='ltr'>inserviebant</span> <span class='ocrx_word' id='word_1_538' title='bbox 3424 3484 3488 3542; x_wconf 85' lang='grc'>13</span> <span class='ocrx_word' id='word_1_539' title='bbox 3511 3481 3714 3543; x_wconf 78' lang='lat' dir='ltr'>Altari</span> <span class='ocrx_word' id='word_1_540' title='bbox 3735 3481 3822 3541; x_wconf 81' lang='grc'>331</span> <span class='ocrx_word' id='word_1_541' title='bbox 3844 3478 3991 3540; x_wconf 76' lang='lat' dir='ltr'>Lm·-</span> 
     </span>
     <span class='ocr_line' id='line_1_79' title="bbox 2426 3574 3988 3659; baseline -0.003 -22"><span class='ocrx_word' id='word_1_542' title='bbox 2426 3596 2524 3637; x_wconf 73' lang='lat' dir='ltr'>cus</span> <span class='ocrx_word' id='word_1_543' title='bbox 2548 3622 2565 3651; x_wconf 92' lang='lat'>,</span> <span class='ocrx_word' id='word_1_544' title='bbox 2598 3579 2685 3637; x_wconf 79' lang='grc'>331</span> <span class='ocrx_word' id='word_1_545' title='bbox 2712 3576 2968 3651; x_wconf 71' lang='lat' dir='ltr'>Clericus</span> <span class='ocrx_word' id='word_1_546' title='bbox 2988 3579 3112 3639; x_wconf 76' lang='lat' dir='ltr'>sins</span> <span class='ocrx_word' id='word_1_547' title='bbox 3133 3576 3553 3659; x_wconf 71' lang='lat' dir='ltr'>superpelliceo.</span> <span class='ocrx_word' id='word_1_548' title='bbox 3586 3574 3705 3635; x_wconf 83' lang='lat' dir='ltr'>His</span> <span class='ocrx_word' id='word_1_549' title='bbox 3728 3575 3899 3635; x_wconf 68' lang='lat' dir='ltr'>malis</span> <span class='ocrx_word' id='word_1_550' title='bbox 3921 3581 3988 3633; x_wconf 75' lang='grc'>31</span> 
     </span>
     <span class='ocr_line' id='line_1_80' title="bbox 2427 3666 3992 3750; baseline -0.003 -19"><span class='ocrx_word' id='word_1_551' title='bbox 2427 3689 2771 3732; x_wconf 69' lang='lat' dir='ltr'>ocwrrersm</span> <span class='ocrx_word' id='word_1_552' title='bbox 2800 3718 2816 3740; x_wconf 91' lang='lat'>,</span> <span class='ocrx_word' id='word_1_553' title='bbox 2842 3672 3073 3750; x_wconf 61' lang='lat' dir='ltr'>paterne</span> <span class='ocrx_word' id='word_1_554' title='bbox 3094 3672 3256 3750; x_wconf 76' lang='lat' dir='ltr'>prius</span> <span class='ocrx_word' id='word_1_555' title='bbox 3298 3671 3428 3728; x_wconf 78' lang='lat' dir='ltr'>illos</span> <span class='ocrx_word' id='word_1_556' title='bbox 3454 3669 3728 3729; x_wconf 66' lang='lat' dir='ltr'>admonui</span> <span class='ocrx_word' id='word_1_557' title='bbox 3748 3715 3765 3739; x_wconf 88' lang='lat'>,</span> <span class='ocrx_word' id='word_1_558' title='bbox 3793 3676 3861 3727; x_wconf 76' lang='grc'>31</span> <span class='ocrx_word' id='word_1_559' title='bbox 3887 3666 3992 3726; x_wconf 77' lang='lat' dir='ltr'>’de-</span> 
     </span>
     <span class='ocr_line' id='line_1_81' title="bbox 2426 3760 3990 3843; baseline -0.003 -19"><span class='ocrx_word' id='word_1_560' title='bbox 2426 3766 2610 3843; x_wconf 78' lang='lat' dir='ltr'>inceps</span> <span class='ocrx_word' id='word_1_561' title='bbox 2641 3768 2706 3824; x_wconf 86' lang='grc'>13</span> <span class='ocrx_word' id='word_1_562' title='bbox 2735 3764 2922 3826; x_wconf 78' lang='lat' dir='ltr'>Charo</span> <span class='ocrx_word' id='word_1_563' title='bbox 2949 3767 3161 3825; x_wconf 67' lang='lat' dir='ltr'>callent</span> <span class='ocrx_word' id='word_1_564' title='bbox 3188 3766 3445 3825; x_wconf 75' lang='lat' dir='ltr'>assistere</span> <span class='ocrx_word' id='word_1_565' title='bbox 3472 3761 3640 3823; x_wconf 92' lang='grc'><strong>63113</strong></span> <span class='ocrx_word' id='word_1_566' title='bbox 3667 3810 3682 3833; x_wconf 87' lang='grc'><em>,</em></span> <span class='ocrx_word' id='word_1_567' title='bbox 3713 3770 3767 3822; x_wconf 84' lang='lat' dir='ltr'>st</span> <span class='ocrx_word' id='word_1_568' title='bbox 3789 3760 3990 3822; x_wconf 82' lang='lat' dir='ltr'>Birsto</span> 
     </span>
     <span class='ocr_line' id='line_1_82' title="bbox 2434 3856 3989 3937; baseline -0.003 -19"><span class='ocrx_word' id='word_1_569' title='bbox 2434 3858 2708 3920; x_wconf 68' lang='grc'><strong>1313113311</strong></span> <span class='ocrx_word' id='word_1_570' title='bbox 2732 3860 2926 3919; x_wconf 75' lang='lat' dir='ltr'>induti</span> <span class='ocrx_word' id='word_1_571' title='bbox 2954 3860 3132 3937; x_wconf 68' lang='lat' dir='ltr'>iuxta</span> <span class='ocrx_word' id='word_1_572' title='bbox 3180 3856 3868 3936; x_wconf 49' lang='lat' dir='ltr'>Panniculo-Romanum</span> <span class='ocrx_word' id='word_1_573' title='bbox 3888 3899 3906 3928; x_wconf 91' lang='lat'>,</span> <span class='ocrx_word' id='word_1_574' title='bbox 3935 3862 3989 3914; x_wconf 83' lang='lat' dir='ltr'>et</span> 
     </span>
     <span class='ocr_line' id='line_1_83' title="bbox 2430 3949 3989 4028; baseline -0.002 -18"><span class='ocrx_word' id='word_1_575' title='bbox 2430 3950 2733 4012; x_wconf 71' lang='lat' dir='ltr'>Doctorum</span> <span class='ocrx_word' id='word_1_576' title='bbox 2781 3954 3149 4013; x_wconf 76' lang='lat' dir='ltr'>auctoritates</span> <span class='ocrx_word' id='word_1_577' title='bbox 3173 3968 3195 4009; x_wconf 94' lang='grc'><strong>.·</strong></span> <span class='ocrx_word' id='word_1_578' title='bbox 3253 3960 3486 4011; x_wconf 76' lang='lat' dir='ltr'>cantara</span> <span class='ocrx_word' id='word_1_579' title='bbox 3526 3950 3874 4028; x_wconf 66' lang='lat' dir='ltr'>sequentiam</span> <span class='ocrx_word' id='word_1_580' title='bbox 3922 3949 3989 4007; x_wconf 77' lang='grc'>13</span> 
     </span>
     <span class='ocr_line' id='line_1_84' title="bbox 2430 4041 3988 4124; baseline -0.001 -20"><span class='ocrx_word' id='word_1_581' title='bbox 2430 4045 2858 4107; x_wconf 77' lang='lat' dir='ltr'>Annivcrsariis</span> <span class='ocrx_word' id='word_1_582' title='bbox 2881 4086 2895 4109; x_wconf 90' lang='lat'>.</span> <span class='ocrx_word' id='word_1_583' title='bbox 2919 4066 3048 4107; x_wconf 81' lang='lat' dir='ltr'>cum</span> <span class='ocrx_word' id='word_1_584' title='bbox 3065 4045 3280 4105; x_wconf 78' lang='lat' dir='ltr'>dicitur</span> <span class='ocrx_word' id='word_1_585' title='bbox 3302 4045 3474 4105; x_wconf 80' lang='grc'><strong>33133</strong></span> <span class='ocrx_word' id='word_1_586' title='bbox 3508 4045 3695 4104; x_wconf 85' lang='lat' dir='ltr'>oratio</span> <span class='ocrx_word' id='word_1_587' title='bbox 3710 4087 3727 4114; x_wconf 94' lang='lat'>,</span> <span class='ocrx_word' id='word_1_588' title='bbox 3751 4041 3988 4124; x_wconf 79' lang='lat' dir='ltr'>Episto-</span> 
     </span>
     <span class='ocr_line' id='line_1_85' title="bbox 2432 4136 3988 4211; baseline -0.001 -13"><span class='ocrx_word' id='word_1_589' title='bbox 2432 4141 2545 4200; x_wconf 83' lang='lat' dir='ltr'>Iam</span> <span class='ocrx_word' id='word_1_590' title='bbox 2584 4159 2782 4201; x_wconf 75' lang='lat' dir='ltr'>canore</span> <span class='ocrx_word' id='word_1_591' title='bbox 2823 4161 3003 4200; x_wconf 72' lang='grc'><strong>33331</strong></span> <span class='ocrx_word' id='word_1_592' title='bbox 3035 4141 3272 4200; x_wconf 75' lang='lat' dir='ltr'>illorum</span> <span class='ocrx_word' id='word_1_593' title='bbox 3299 4184 3315 4211; x_wconf 95' lang='lat'>,</span> <span class='ocrx_word' id='word_1_594' title='bbox 3345 4141 3432 4200; x_wconf 77' lang='grc'>331</span> <span class='ocrx_word' id='word_1_595' title='bbox 3470 4140 3669 4200; x_wconf 80' lang='lat' dir='ltr'>saltem</span> <span class='ocrx_word' id='word_1_596' title='bbox 3699 4136 3988 4199; x_wconf 66' lang='grc'><strong>6133131131</strong></span> 
     </span>
     <span class='ocr_line' id='line_1_86' title="bbox 2430 4230 3991 4315; baseline -0.002 -21"><span class='ocrx_word' id='word_1_597' title='bbox 2430 4232 2710 4295; x_wconf 77' lang='lat' dir='ltr'>Lectorem</span> <span class='ocrx_word' id='word_1_598' title='bbox 2756 4236 3151 4315; x_wconf 71' lang='lat' dir='ltr'>superpelliceo</span> <span class='ocrx_word' id='word_1_599' title='bbox 3178 4235 3444 4295; x_wconf 74' lang='lat' dir='ltr'>indutum</span> <span class='ocrx_word' id='word_1_600' title='bbox 3467 4234 3556 4295; x_wconf 70' lang='lat' dir='ltr'>¹ad</span> <span class='ocrx_word' id='word_1_601' title='bbox 3578 4241 3799 4313; x_wconf 81' lang='lat' dir='ltr'>partem</span> <span class='ocrx_word' id='word_1_602' title='bbox 3842 4230 3991 4311; x_wconf 72' lang='lat' dir='ltr'>Ept-</span> 
     </span>
     <span class='ocr_line' id='line_1_87' title="bbox 2429 4325 3987 4405; baseline -0.002 -18"><span class='ocrx_word' id='word_1_603' title='bbox 2429 4330 2604 4389; x_wconf 77' lang='lat' dir='ltr'>stolas</span> <span class='ocrx_word' id='word_1_604' title='bbox 2619 4338 2818 4389; x_wconf 81' lang='lat' dir='ltr'>contra</span> <span class='ocrx_word' id='word_1_605' title='bbox 2848 4329 3081 4400; x_wconf 75' lang='lat' dir='ltr'>Altero,</span> <span class='ocrx_word' id='word_1_606' title='bbox 3098 4330 3281 4405; x_wconf 71' lang='lat' dir='ltr'>juxta</span> <span class='ocrx_word' id='word_1_607' title='bbox 3305 4327 3570 4390; x_wconf 80' lang='lat' dir='ltr'>Missalis</span> <span class='ocrx_word' id='word_1_608' title='bbox 3599 4328 3844 4387; x_wconf 76' lang='lat' dir='ltr'>Romani</span> <span class='ocrx_word' id='word_1_609' title='bbox 3872 4325 3987 4385; x_wconf 66' lang='lat' dir='ltr'>ltu-</span> 
     </span>
     <span class='ocr_line' id='line_1_88' title="bbox 2431 4420 3985 4502; baseline -0.003 -21"><span class='ocrx_word' id='word_1_610' title='bbox 2431 4422 2614 4483; x_wconf 82' lang='lat' dir='ltr'>bricas</span> <span class='ocrx_word' id='word_1_611' title='bbox 2636 4467 2652 4494; x_wconf 94' lang='lat'>,</span> <span class='ocrx_word' id='word_1_612' title='bbox 2682 4432 2734 4482; x_wconf 86' lang='lat' dir='ltr'>et</span> <span class='ocrx_word' id='word_1_613' title='bbox 2759 4424 2988 4502; x_wconf 76' lang='lat' dir='ltr'>insuper</span> <span class='ocrx_word' id='word_1_614' title='bbox 3022 4422 3223 4482; x_wconf 79' lang='lat' dir='ltr'>Missis</span> <span class='ocrx_word' id='word_1_615' title='bbox 3262 4440 3392 4481; x_wconf 75' lang='lat' dir='ltr'>cuns</span> <span class='ocrx_word' id='word_1_616' title='bbox 3430 4430 3606 4481; x_wconf 76' lang='grc'><strong>33313</strong></span> <span class='ocrx_word' id='word_1_617' title='bbox 3649 4420 3985 4481; x_wconf 66' lang='lat' dir='ltr'>insert-irent</span> 
     </span>
     <span class='ocr_line' id='line_1_89' title="bbox 2434 4511 3982 4595; baseline -0.002 -18"><span class='ocrx_word' id='word_1_618' title='bbox 2434 4514 2647 4577; x_wconf 70' lang='lat' dir='ltr'>Clerici</span> <span class='ocrx_word' id='word_1_619' title='bbox 2674 4514 2843 4577; x_wconf 84' lang='grc'><strong>63113</strong></span> <span class='ocrx_word' id='word_1_620' title='bbox 2867 4517 3059 4575; x_wconf 77' lang='lat' dir='ltr'>induti</span> <span class='ocrx_word' id='word_1_621' title='bbox 3079 4537 3102 4583; x_wconf 89' lang='lat'>,·</span> <span class='ocrx_word' id='word_1_622' title='bbox 3133 4515 3408 4595; x_wconf 89' lang='lat' dir='ltr'>Cumque</span> <span class='ocrx_word' id='word_1_623' title='bbox 3433 4512 3816 4576; x_wconf 87' lang='lat' dir='ltr'>suasionibus</span> <span class='ocrx_word' id='word_1_624' title='bbox 3838 4511 3982 4574; x_wconf 84' lang='lat' dir='ltr'>Pre-</span> 
     </span>
     <span class='ocr_line' id='line_1_90' title="bbox 2430 4604 3983 4691; baseline -0.001 -22"><span class='ocrx_word' id='word_1_625' title='bbox 2430 4608 2657 4691; x_wconf 77' lang='lat' dir='ltr'>sbyteri</span> <span class='ocrx_word' id='word_1_626' title='bbox 2715 4607 2948 4670; x_wconf 88' lang='lat' dir='ltr'>nollent</span> <span class='ocrx_word' id='word_1_627' title='bbox 2994 4607 3372 4689; x_wconf 85' lang='lat' dir='ltr'>acquiescere</span> <span class='ocrx_word' id='word_1_628' title='bbox 3392 4652 3409 4679; x_wconf 88' lang='lat'>,</span> <span class='ocrx_word' id='word_1_629' title='bbox 3456 4607 3664 4668; x_wconf 90' lang='lat' dir='ltr'>subdit</span> <span class='ocrx_word' id='word_1_630' title='bbox 3708 4604 3983 4667; x_wconf 81' lang='lat' dir='ltr'>Provica·</span> 
     </span>
     <span class='ocr_line' id='line_1_91' title="bbox 2431 4699 3984 4784; baseline -0.001 -21"><span class='ocrx_word' id='word_1_631' title='bbox 2431 4703 2560 4764; x_wconf 87' lang='lat' dir='ltr'>rins</span> <span class='ocrx_word' id='word_1_632' title='bbox 2589 4722 2652 4765; x_wconf 89' lang='lat' dir='ltr'>se</span> <span class='ocrx_word' id='word_1_633' title='bbox 2678 4703 2939 4765; x_wconf 87' lang='lat' dir='ltr'>edictum</span> <span class='ocrx_word' id='word_1_634' title='bbox 2981 4702 3393 4784; x_wconf 67' lang='lat' dir='ltr'>promulgaaee</span> <span class='ocrx_word' id='word_1_635' title='bbox 3426 4700 3760 4783; x_wconf 86' lang='lat' dir='ltr'>prohibens</span> <span class='ocrx_word' id='word_1_636' title='bbox 3794 4699 3984 4763; x_wconf 89' lang='lat' dir='ltr'>dictos</span> 
     </span>
     <span class='ocr_line' id='line_1_92' title="bbox 2430 4796 2674 4858; baseline -0.008 0"><span class='ocrx_word' id='word_1_637' title='bbox 2430 4796 2674 4858; x_wconf 78' lang='lat' dir='ltr'>abusuS.</span> 
     </span>
    </p>

    <p class='ocr_par' dir='ltr' id='par_1_15' title="bbox 2431 4883 3986 5530">
     <span class='ocr_line' id='line_1_93' title="bbox 2548 4883 3983 4971; baseline -0.001 -22"><span class='ocrx_word' id='word_1_638' title='bbox 2548 4889 2760 4963; x_wconf 87' lang='lat' dir='ltr'>Quoad</span> <span class='ocrx_word' id='word_1_639' title='bbox 2782 4889 3209 4971; x_wconf 78' lang='lat' dir='ltr'>obligationem</span> <span class='ocrx_word' id='word_1_640' title='bbox 3228 4886 3481 4957; x_wconf 88' lang='lat' dir='ltr'>canendi</span> <span class='ocrx_word' id='word_1_641' title='bbox 3505 4887 3720 4948; x_wconf 82' lang='lat' dir='ltr'>Missas</span> <span class='ocrx_word' id='word_1_642' title='bbox 3735 4930 3753 4959; x_wconf 94' lang='lat'>,</span> <span class='ocrx_word' id='word_1_643' title='bbox 3778 4892 3839 4947; x_wconf 89' lang='lat' dir='ltr'>et</span> <span class='ocrx_word' id='word_1_644' title='bbox 3860 4883 3983 4948; x_wconf 80' lang='lat' dir='ltr'>alia</span> 
     </span>
     <span class='ocr_line' id='line_1_94' title="bbox 2434 4980 3981 5053; baseline -0.001 -10"><span class='ocrx_word' id='word_1_645' title='bbox 2434 4982 2652 5043; x_wconf 86' lang='lat' dir='ltr'>Divina</span> <span class='ocrx_word' id='word_1_646' title='bbox 2680 4982 2885 5044; x_wconf 84' lang='lat' dir='ltr'>Officia</span> <span class='ocrx_word' id='word_1_647' title='bbox 2920 4984 2980 5042; x_wconf 90' lang='lat' dir='ltr'>in</span> <span class='ocrx_word' id='word_1_648' title='bbox 3012 4981 3272 5044; x_wconf 83' lang='lat' dir='ltr'>Ecclesia</span> <span class='ocrx_word' id='word_1_649' title='bbox 3298 5031 3314 5053; x_wconf 90' lang='lat'>,</span> <span class='ocrx_word' id='word_1_650' title='bbox 3347 4988 3406 5043; x_wconf 90' lang='lat' dir='ltr'>et</span> <span class='ocrx_word' id='word_1_651' title='bbox 3436 4980 3637 5043; x_wconf 88' lang='lat' dir='ltr'>Cboro</span> <span class='ocrx_word' id='word_1_652' title='bbox 3672 4999 3810 5041; x_wconf 87' lang='lat' dir='ltr'>cum</span> <span class='ocrx_word' id='word_1_653' title='bbox 3840 4980 3981 5041; x_wconf 83' lang='lat' dir='ltr'>Cot-</span> 
     </span>
     <span class='ocr_line' id='line_1_95' title="bbox 2433 5073 3984 5154; baseline -0.001 -18"><span class='ocrx_word' id='word_1_654' title='bbox 2433 5085 2489 5138; x_wconf 91' lang='lat' dir='ltr'>ta</span> <span class='ocrx_word' id='word_1_655' title='bbox 2521 5124 2535 5147; x_wconf 92' lang='lat'>,</span> <span class='ocrx_word' id='word_1_656' title='bbox 2580 5085 2742 5137; x_wconf 86' lang='lat' dir='ltr'>veste</span> <span class='ocrx_word' id='word_1_657' title='bbox 2770 5077 2945 5139; x_wconf 87' lang='lat' dir='ltr'>talari</span> <span class='ocrx_word' id='word_1_658' title='bbox 2976 5125 2992 5147; x_wconf 91' lang='lat'>,</span> <span class='ocrx_word' id='word_1_659' title='bbox 3038 5084 3099 5138; x_wconf 80' lang='lat' dir='ltr'>et</span> <span class='ocrx_word' id='word_1_660' title='bbox 3130 5076 3323 5138; x_wconf 88' lang='lat' dir='ltr'>bireto</span> <span class='ocrx_word' id='word_1_661' title='bbox 3372 5073 3648 5137; x_wconf 78' lang='lat' dir='ltr'>Clerirali</span> <span class='ocrx_word' id='word_1_662' title='bbox 3677 5119 3696 5147; x_wconf 91' lang='lat'>,</span> <span class='ocrx_word' id='word_1_663' title='bbox 3741 5082 3984 5154; x_wconf 88' lang='lat' dir='ltr'>praeter</span> 
     </span>
     <span class='ocr_line' id='line_1_96' title="bbox 2431 5168 3981 5251; baseline -0.001 -20"><span class='ocrx_word' id='word_1_664' title='bbox 2431 5170 2684 5232; x_wconf 88' lang='lat' dir='ltr'>deducta</span> <span class='ocrx_word' id='word_1_665' title='bbox 2732 5190 2769 5232; x_wconf 89' lang='lat' dir='ltr'>a</span> <span class='ocrx_word' id='word_1_666' title='bbox 2808 5172 3156 5242; x_wconf 81' lang='lat' dir='ltr'>Scribente,</span> <span class='ocrx_word' id='word_1_667' title='bbox 3206 5179 3421 5251; x_wconf 77' lang='lat' dir='ltr'>urget,</span> <span class='ocrx_word' id='word_1_668' title='bbox 3464 5168 3630 5250; x_wconf 82' lang='lat' dir='ltr'>quod</span> <span class='ocrx_word' id='word_1_669' title='bbox 3672 5176 3780 5230; x_wconf 89' lang='grc'>331</span> <span class='ocrx_word' id='word_1_670' title='bbox 3819 5186 3981 5230; x_wconf 88' lang='grc'><strong>333-</strong></span> 
     </span>
     <span class='ocr_line' id='line_1_97' title="bbox 2431 5261 3983 5345; baseline 0 -21"><span class='ocrx_word' id='word_1_671' title='bbox 2431 5284 2617 5343; x_wconf 88' lang='lat' dir='ltr'>qnam</span> <span class='ocrx_word' id='word_1_672' title='bbox 2645 5310 2662 5337; x_wconf 93' lang='lat'>,</span> <span class='ocrx_word' id='word_1_673' title='bbox 2691 5264 2853 5345; x_wconf 87' lang='lat' dir='ltr'>quod</span> <span class='ocrx_word' id='word_1_674' title='bbox 2880 5272 2969 5325; x_wconf 85' lang='lat' dir='ltr'>est</span> <span class='ocrx_word' id='word_1_675' title='bbox 3009 5263 3341 5326; x_wconf 84' lang='lat' dir='ltr'>absurdum</span> <span class='ocrx_word' id='word_1_676' title='bbox 3368 5306 3387 5337; x_wconf 94' lang='lat'>,</span> <span class='ocrx_word' id='word_1_677' title='bbox 3417 5270 3524 5325; x_wconf 91' lang='lat' dir='ltr'>aut</span> <span class='ocrx_word' id='word_1_678' title='bbox 3557 5262 3606 5322; x_wconf 91' lang='lat' dir='ltr'>si</span> <span class='ocrx_word' id='word_1_679' title='bbox 3649 5261 3983 5343; x_wconf 87' lang='lat' dir='ltr'>aliquando</span> 
     </span>
     <span class='ocr_line' id='line_1_98' title="bbox 2433 5354 3981 5438; baseline -0.001 -20"><span class='ocrx_word' id='word_1_680' title='bbox 2433 5357 2773 5438; x_wconf 84' lang='lat' dir='ltr'>Presbyteri</span> <span class='ocrx_word' id='word_1_681' title='bbox 2804 5356 2979 5420; x_wconf 86' lang='lat' dir='ltr'>dictis</span> <span class='ocrx_word' id='word_1_682' title='bbox 3006 5356 3272 5419; x_wconf 83' lang='lat' dir='ltr'>vestibus</span> <span class='ocrx_word' id='word_1_683' title='bbox 3299 5355 3390 5418; x_wconf 88' lang='lat' dir='ltr'>uti</span> <span class='ocrx_word' id='word_1_684' title='bbox 3434 5354 3688 5427; x_wconf 87' lang='lat' dir='ltr'>debent,</span> <span class='ocrx_word' id='word_1_685' title='bbox 3729 5355 3933 5435; x_wconf 86' lang='lat' dir='ltr'>aptius</span> <span class='ocrx_word' id='word_1_686' title='bbox 3957 5400 3981 5426; x_wconf 95' lang='lat'>,</span> 
     </span>
     <span class='ocr_line' id='line_1_99' title="bbox 2434 5447 3986 5530; baseline -0.002 -17"><span class='ocrx_word' id='word_1_687' title='bbox 2434 5457 2500 5513; x_wconf 87' lang='grc'>31</span> <span class='ocrx_word' id='word_1_688' title='bbox 2539 5450 2996 5514; x_wconf 80' lang='lat' dir='ltr'>convenientius</span> <span class='ocrx_word' id='word_1_689' title='bbox 3026 5450 3151 5512; x_wconf 86' lang='lat' dir='ltr'>illis</span> <span class='ocrx_word' id='word_1_690' title='bbox 3190 5449 3278 5512; x_wconf 89' lang='lat' dir='ltr'>uti</span> <span class='ocrx_word' id='word_1_691' title='bbox 3327 5466 3450 5512; x_wconf 88' lang='grc'>333</span> <span class='ocrx_word' id='word_1_692' title='bbox 3493 5447 3763 5530; x_wconf 66' lang='lat' dir='ltr'>pooeint,</span> <span class='ocrx_word' id='word_1_693' title='bbox 3792 5466 3986 5530; x_wconf 76' lang='lat' dir='ltr'>quam</span> 
     </span>
    </p>
   </div>
  </div>
 </body>
</html>
