4393 6299
1677 480 1727 551 o
1752 485 1790 536 u
1815 482 1872 534 n
1901 482 1934 531 s
1961 479 2132 537 ‘rto
2188 471 2425 533 ccxcv.

425 645 653 699 scerent
679 683 695 709 ,
727 645 783 697 et
811 637 967 715 quod
999 637 1057 695 in
1081 635 1420 717 hypothesi,
1454 636 1518 693 in
1550 653 1668 715 qua
1690 657 1764 697 ex
1802 633 1968 695 Peri-

429 741 623 791 torum
659 731 947 791 relatione
969 729 1514 807 deprelwtulcretur
1548 729 1818 807 exposita
1850 749 1974 789 esse

421 845 561 885 vera
587 873 601 897 ,
649 825 927 885 Mouialis
955 825 1207 883 debebat
1236 873 1248 891 ‚
1284 823 1374 883 vel
1414 823 1694 883 honestae
1744 825 1968 883 Matro-

425 943 565 992 nae,
603 921 689 979 vcl
717 921 837 979 suis
871 919 1149 999 Cognatis
1179 917 1540 997 consignari,
1576 927 1638 977 ut
1664 937 1844 997 penes
1870 937 1970 975 cos

419 1027 591 1077 caute
619 1015 1039 1085 custodiretur,
1071 1023 1304 1071 retento
1332 1013 1572 1071 interim
1605 1011 1816 1071 habitu
1848 1013 1970 1071 Mo·

421 1111 677 1179 nat-hali,
707 1129 897 1189 usque
919 1129 1039 1187 quo
1067 1107 1426 1167 transmissis
1448 1107 1522 1165 ad
1548 1105 1790 1167 Sacram
1816 1105 1968 1165 Con-

419 1205 819 1285 gregationem
861 1201 1199 1261 necessariis
1246 1201 1614 1259 documentis
1642 1245 1656 1269 ‚
1706 1201 1828 1277 ipsa
1862 1199 1962 1257 de-

419 1305 715 1367 cerneret,
749 1297 892 1375 quid
927 1305 1073 1355 esset
1099 1295 1396 1375 agendum
1426 1341 1438 1365 ,
1470 1303 1526 1353 et
1552 1313 1626 1353 an
1654 1301 1834 1363 esset,
1864 1313 1970 1351 nec.

425 1413 499 1451 ne
525 1413 559 1453 a
589 1391 827 1451 vinculo
865 1389 1258 1449 ProfessiOnis
1290 1389 1696 1463 absolvenda23
1729 1389 1968 1465 Episco-

419 1507 529 1567 pus
554 1485 945 1545 insinuationi
989 1485 1360 1543 exactissime
1388 1503 1610 1543 morem
1638 1483 1848 1561 gessit,
1882 1483 1966 1541 sa-

415 1591 627 1659 ctaque
649 1599 683 1639 a
711 1577 955 1649 veritis,
995 1577 1410 1637 assistentibus
1441 1577 1600 1635 binis
1632 1575 1924 1635 Matronis
1954 1625 1964 1643 ,

417 1673 743 1735 necessaria
799 1671 1203 1751 recognitione
1236 1717 1248 1739 ,
1302 1671 1546 1749 illisque
1598 1669 1966 1731 unanimiter

421 1767 819 1829 referentibus
843 1765 1119 1825 Sororem
1143 1765 1398 1825 Felicem
1416 1765 1820 1825 Alexandrea]
1838 1785 1970 1825 eva-

427 1861 573 1921 sisse
599 1859 1103 1921 Hermafroditam
1129 1905 1143 1931 ,
1181 1879 1256 1919 ne
1284 1859 1397 1919 hoc
1436 1859 1676 1919 interim
1722 1859 1966 1937 aliquod

431 1955 801 2025 scandalum,
827 1955 987 2033 quod
1013 1973 1201 2033 usque
1234 1953 1460 2025 adhuc,
1490 1953 1710 2015 Divina
1732 1953 1968 2013 favente

417 2049 631 2125 gratia,
669 2049 725 2107 in
751 2049 1109 2108 Monasterio
1143 2067 1258 2105 non
1284 2047 1564 2127 contigit,
1598 2047 1966 2123 contingeret

417 2141 479 2201 in
511 2139 803 2213 futurum,
827 2141 1043 2200 dictam
1063 2139 1388 2200 Monialem
1412 2139 1782 2219 consignavit
1806 2139 1962 2197 Prio-

419 2235 473 2295 ri
507 2255 689 2313 supra
721 2243 1047 2293 memorato
1074 2233 1366 2293 Ecclesiae
1384 2233 1742 2311 Collegiatae
1762 2231 1960 2291 Sancti

419 2329 859 2391 Bartholomaei
883 2338 1193 2409 ‘sgermano
1238 2327 1410 2387 fratri
1438 2329 1672 2387 Sororis
1706 2327 1920 2387 Felicis
1944 2371 1958 2399 ,

415 2421 572 2503 apud
601 2441 781 2501 quem
815 2421 989 2481 modo
1013 2421 1354 2499 supradicto
1384 2429 1554 2481 caute
1586 2423 1916 2481 custoditur
1940 2465 1954 2479 .

535 2517 645 2577 His
687 2515 941 2595 expletis
965 2561 981 2587 ,
1033 2535 1167 2575 cum
1203 2515 1280 2575 ab
1336 2515 1624 2593 Episcopo
1672 2516 1746 2575 ad
1806 2515 1962 2577 haue

425 2611 589 2671 Sacr.
629 2609 1157 2691 Congregationem
1195 2609 1574 2669 transmissus
1618 2609 1694 2669 sit
1732 2631 1959 2689 proces-

423 2705 645 2767 siculus
675 2704 1099 2785 recognitionis
1127 2751 1141 2775 ,
1173 2713 1232 2765 et
1254 2725 1374 2763 una
1402 2723 1536 2763 cum
1574 2705 1962 2781 proeessiculo

425 2799 731 2861 exhibitus
797 2799 979 2859 fuerit
1045 2799 1296 2877 supplex
1352 2797 1592 2857 libellus
1652 2801 1960 2859 memorati

417 2893 641 2955 Prioris
684 2891 981 2953 Ecclesiae
1029 2891 1392 2971 Collegiatae
1420 2939 1434 2961 ,
1488 2893 1546 2949 in
1592 2911 1712 2971 quo
1744 2893 1960 2953 nedum

417 2989 637 3067 petitur
659 2985 981 3047 declaratio
997 2985 1294 3045 nullitatis
1314 2985 1698 3065 professionis
1716 2987 1964 3049 emissae

415 3102 449 3142 a
491 3081 705 3142 Sorore
741 3081 935 3142 Felice
963 3130 979 3152 ,
1021 3081 1123 3142 sed
1151 3079 1402 3140 ulterius
1442 3092 1826 3159 promovetur
1872 3083 1964 3142 in-

415 3177 635 3238 stantia
669 3196 777 3256 pro
811 3176 1185 3236 restitutione
1213 3176 1368 3234 dotis
1411 3176 1556 3236 olim
1606 3176 1966 3236 Monasterio

419 3272 647 3332 solutae
671 3318 686 3344 ,
721 3272 1037 3350 quaeritur
1067 3272 1125 3330 in
1161 3270 1490 3350 praesenti,
1540 3290 1616 3332 an
1668 3272 1864 3352 petitis
1892 3274 1966 3334 sit

421 3366 807 3426 annuendum
827 3410 839 3424 .

533 3460 885 3520 Sermonem
915 3460 1117 3536 itaque
1147 3458 1424 3518 habendo
1456 3460 1528 3518 de
1566 3460 1968 3540 recognitione

423 3552 677 3626 Sorori5‚
713 3552 827 3612 fuit
851 3552 953 3612 illa
985 3552 1219 3630 expleta
1252 3572 1284 3610 a
1318 3552 1628 3616 Bernardo
1658 3554 1730 3612 de
1752 3554 1972 3616 Amicis

423 3646 653 3708 Medico
687 3648 909 3708 Terrae
941 3646 1346 3706 Montisfalchi
1378 3690 1392 3716 ,
1424 3666 1650 3706 necnon
1684 3666 1718 3708 a
1744 3648 1972 3708 Joanue

421 3742 681 3802 Antonio
727 3740 1025 3800 Ciardello
1073 3740 1336 3822 ejusdem
1373 3742 1420 3798 ‘T
1423 3760 1592 3800 errae
1632 3740 1926 3822 Chirurgo
1954 3792 1968 3812 ‚

417 3836 829 3896 assistentibus
857 3836 1093 3896 duabus
1117 3834 1410 3894 Matronis
1432 3856 1506 3894 ex
1532 3834 1972 3898 honestioribus

419 3930 609 3989 dietae
631 3931 851 3988 Terrae
885 3930 1145 4006 Baptista
1178 3928 1454 3990 videlicet
1488 3930 1560 3990 de
1591 3930 1966 4004 valentibus,

419 4032 477 4082 et
505 4022 735 4103 Agatha
770 4024 1123 4082 Boutadosia
1155 4068 1171 4094 ‚
1209 4032 1270 4082 et
1298 4026 1612 4102 utriusque
1658 4026 1838 4086 Periti
1866 4028 1964 4104 ju-

389 4108 639 4176 'dicium
665 4114 809 4186 fuit,
843 4116 1003 4194 quod
1033 4116 1213 4174 Soror
1252 4116 1418 4176 Felix
1448 4126 1596 4178 esset
1624 4118 1964 4178 Hermasro-

419 4212 543 4272 dita
567 4257 585 4284 ‚
615 4222 672 4270 et
701 4230 889 4290 capax
909 4210 1159 4270 coeundi
1189 4219 1476 4288 tanquam
1510 4212 1626 4282 vir,
1654 4232 1787 4272 cum
1822 4232 1966 4292 qua·

306 4297 313 4304 ’
421 4306 569 4366 tibet
589 4304 875 4364 muliere:
907 4304 1161 4380 riseri-sco
1199 4326 1366 4364 essere
1408 4306 1557 4364 detta
1590 4304 1746 4366 Suor
1792 4306 1966 4366 Felice

419 4400 763 4460 Ale-ssandra
791 4400 1157 4474 ermasrodae'ta-
1186 4448 1201 4467 ‚
1246 4420 1270 4457 e
1314 4420 1510 4476 capace
1560 4422 1592 4460 a
1640 4404 1786 4458 coire
1820 4422 1962 4460 come

415 4516 575 4555 nomo
599 4496 733 4554 cotie
779 4494 987 4562 floriac,
1037 4502 1093 4552 et
1147 4494 1205 4552 iu
1252 4514 1320 4552 eo
1350 4540 1364 4564 ,
1416 4496 1575 4572 qnnod
1624 4496 1836 4556 attinet
1886 4498 1958 4556 ad

419 4588 875 4648 fundamentum
903 4636 917 4655 ,
957 4588 1049 4644 cui
1089 4586 1422 4646 peritorum
1459 4588 1752 4664 judicium
1804 4590 1962 4648 iuni-

419 4702 565 4742 xum
593 4680 711 4740 fuit
735 4724 749 4750 ,
785 4680 1001 4738 nedum
1051 4678 1199 4738 ittud
1234 4680 1622 4740 constitutum
1653 4690 1740 4740 est
1778 4682 1838 4740 in
1884 4682 1962 4742 si-

413 4776 547 4856 gnis
577 4822 593 4846 ,
643 4782 707 4834 ut
751 4774 1077 4852 plurimum
1111 4773 1460 4832 extrinsecis
1486 4820 1500 4844 ,
1534 4784 1592 4834 et
1638 4774 1964 4854 aliquando

419 4870 797 4950 aequivocis,
833 4866 943 4926 hoc
969 4875 1057 4928 est
1089 4867 1350 4946 pilorum
1374 4912 1390 4940 ,
1422 4876 1540 4928 tam
1584 4868 1644 4928 in
1686 4880 1920 4948 pectore
1944 4916 1960 4942 ,

419 4976 481 5028 et
511 4964 673 5026 labio
701 4960 995 5040 superiori
1027 5008 1041 5030 ,
1087 4980 1272 5040 quam
1302 4960 1362 5018 in
1388 4960 1650 5022 maxillis
1678 5008 1694 5032 ,
1726 4962 1788 5022 in
1824 4984 1966 5024 voce

417 5078 631 5122 sonora
657 5104 673 5126 ,
707 5056 767 5114 in
797 5054 1141 5114 mammillis
1187 5052 1530 5114 nullatenus
1578 5056 1962 5136 turgescenti-

421 5156 533 5216 bus
559 5198 575 5224 ‚
599 5152 663 5210 in
693 5146 949 5218 defectu,
981 5148 1171 5206 multo
1193 5148 1272 5208 ab
1308 5148 1448 5208 hinc
1478 5158 1762 5228 ternpore,
1794 5172 1960 5210 men-

419 5256 723 5310 struorum
751 5292 767 5314 ‚
793 5242 855 5302 in
881 5242 1139 5302 stimulis
1167 5242 1678 5322 concupiscentiae
1700 5290 1716 5316 ,
1742 5244 1964 5322 quibus

419 5348 553 5402 octo
591 5338 669 5400 ab
701 5336 839 5398 hinc
867 5336 1043 5396 annis
1069 5380 1085 5406 ,
1139 5354 1201 5394 se
1242 5334 1304 5394 in
1341 5356 1588 5396 occursu
1640 5338 1962 5398 mulierum

421 5430 783 5498 commoveri
809 5430 1011 5502 sentit,
1045 5428 1147 5490 sed
1171 5428 1352 5490 etiam
1384 5430 1442 5490 iu
1464 5430 1652 5512 signis
1679 5430 1960 5494 intrinse-

2082 629 2169 692 cis
2194 637 2253 692 et
2276 629 2632 693 certioribus
2655 676 2674 704 ,
2708 630 2821 694 hoc
2851 633 3027 696 estin
3080 632 3413 697 extrimeoa
3440 646 3625 711 appe-

2096 725 2322 788 titione
2362 725 2633 788 omnium
2671 726 2942 788 virilium
2981 727 3342 811 genitalium
3366 771 3385 800 ,
3433 722 3630 786 oonsi-

2087 820 2382 882 stentibus
2413 829 2608 882 tamen
2635 821 2695 881 in
2725 840 2834 882 suo
2859 822 3167 902 primaevo
3216 829 3374 883 statu
3404 816 3629 900 puden·-

2088 914 2179 975 dis
2209 914 2608 976 muliebribus
2633 959 2649 988 ,
2680 915 2765 976 uti
2797 934 2872 977 ex
2895 916 3052 979 dicta
3086 915 3423 977 Peritorum
3450 912 3629 975 Rela-

2094 1008 2256 1070 tione
2276 1008 2514 1088 plenius
2534 1009 2889 1080 desumitur,
2917 1010 2981 1071 in
3012 1029 3134 1091 qua
3164 1008 3339 1089 plura
3358 1007 3478 1070 alia
3492 1024 3630 1067 ore-

2093 1112 2266 1165 tenus
2313 1103 2665 1182 exponenda
2714 1103 3136 1166 describuntur
3165 1152 3183 1176 ,
3235 1121 3393 1184 quae
3435 1100 3639 1182 pudor,

2091 1202 2253 1257 vetat
2278 1194 2513 1275 scriptis
2542 1196 2778 1275 aperire
2799 1240 2815 1256 .

2205 1290 2391 1352 Plura
2418 1291 2493 1352 de
2519 1290 2616 1351 his
2641 1290 3111 1353 Hermafroditis
3137 1289 3335 1353 videri
3385 1295 3630 1369 possunt

2087 1387 2243 1466 apud
2273 1384 2568 1446 Schottum
2614 1387 2679 1444 in
2710 1406 2816 1447 sua
2862 1385 3112 1465 Physica
3145 1384 3394 1447 Cur-insa
3433 1385 3530 1443 tib.
3569 1387 3624 1443 1.

2082 1500 2208 1559 cap.
2245 1484 2346 1540 31.
2367 1525 2385 1552 ,
2414 1489 2467 1540 et
2503 1481 2600 1540 lib.
2635 1484 2693 1541 3.
2727 1499 2853 1560 cap.
2888 1486 2984 1541 10.
3027 1527 3044 1551 ,
3067 1490 3119 1541 ot
3151 1480 3306 1560 apud
3323 1477 3632 1540 Zacchiam

2085 1586 2303 1655 quaest.
2333 1574 2544 1636 Medic.
2597 1576 2762 1653 ἱεραὶ.
2805 1576 2900 1634 lib.
2951 1580 3009 1635 3.
3048 1576 3140 1635 tit.
3203 1578 3262 1633 2.
3305 1583 3518 1653 quaest.
3567 1577 3627 1633 9.

2086 1686 2306 1729 num.
2341 1672 2397 1728 1.
2428 1679 2478 1728 el
2502 1672 2562 1728 2.
2583 1714 2601 1739 ,
2629 1679 2682 1728 et
2716 1670 2943 1748 plenius
2974 1669 3071 1729 lib.
3106 1673 3170 1729 7.
3202 1670 3293 1729 tit.
3332 1673 3389 1729 1.
3414 1676 3630 1747 quaest.

2082 1768 2142 1823 8.
2171 1781 2273 1843 per
2293 1771 2392 1821 tot.
2419 1806 2437 1836 ‚
2466 1771 2517 1822 ot
2543 1761 2698 1841 apud
2720 1760 2976 1822 Licotum
3021 1763 3119 1822 tib.
3157 1766 3218 1822 2.
3281 1763 3347 1823 de
3372 1761 3635 1823 monstris

2085 1875 2212 1935 cap.
2245 1860 2342 1916 53.
2369 1864 2420 1915 et
2438 1852 2653 1916 erudito
2672 1856 2827 1935 apud
2860 1852 3186 1936 Gasparum
3210 1876 3248 1917 a
3268 1855 3428 1933 Rejes
3449 1858 3514 1915 in
3533 1874 3635 1916 suo

2071 1950 2326 2011 Jucund.
2353 1960 2568 2028 quaest.
2594 1949 2653 2009 E
2657 1951 2784 2009 lt'sio
2806 1949 3021 2030 Campo
3046 1959 3267 2029 quaest.
3300 1954 3399 2011 48.
3418 1997 3437 2021 ,
3478 1957 3542 2012 at
3565 1948 3630 2011 in

2073 2064 2144 2108 eo
2163 2091 2179 2116 ,
2219 2044 2380 2124 quod
2400 2044 2612 2105 attinet
2636 2044 2713 2105 ad
2743 2063 2852 2124 pro
2865 2043 3181 2106 sessionem
3221 2043 3584 2127 Religiosam
3607 2089 3629 2119 ,

2076 2138 2257 2203 binae
2295 2136 2527 2199 suntin
2563 2140 2702 2219 jure
2735 2138 3209 2219 propositiones3
3260 2140 3458 2218 prima
3498 2144 3629 2213 est,

2069 2233 2234 2314 quod
2255 2232 2304 2294 si
2319 2232 2807 2294 Hermafroditus
2829 2232 3247 2313 praevaleatin
3268 2253 3416 2295 sexu
3437 2233 3628 2308 virili,

2066 2325 2270 2388 valida
2287 2334 2375 2388 est
2396 2323 2701 2405 professio,
2721 2325 2864 2387 siah
2878 2326 3084 2387 eodem
3095 2324 3278 2388 fuerit
3296 2326 3454 2388 inter
3465 2325 3630 2389 viros

2019 2416 2020 2419 ’
2064 2419 2301 2493 emissa,
2332 2439 2500 2481 secus
2523 2418 2572 2479 si
2603 2418 2762 2482 inter
2790 2420 3073 2482 mulieres
3097 2465 3115 2492 ,
3145 2428 3206 2482 et
3236 2439 3271 2482 e
3296 2428 3504 2483 contra
3522 2466 3541 2495 ,
3575 2420 3629 2483 si

2066 2513 2408 2593 praevaleat
2432 2533 2610 2575 sexus
2632 2513 2986 2588 foemineus,
3015 2513 3216 2576 valida
3234 2525 3322 2576 est
3343 2513 3630 2596 professio

2019 2609 2020 2612 ’
2066 2607 2147 2667 ab
2174 2606 2378 2668 eodem
2412 2606 2652 2681 emissa,
2686 2606 2736 2668 si
2767 2606 2949 2669 fuerit
2982 2606 3194 2670 emissa
3227 2606 3383 2670 inter
3415 2606 3632 2671 mulie-

2068 2720 2184 2771 res,
2212 2720 2378 2762 secus
2403 2702 2450 2762 si
2477 2701 2637 2762 inter
2662 2699 2846 2775 viros,
2873 2701 2960 2763 uti
2995 2700 3114 2763 late
3138 2701 3398 2764 ostendit
3415 2701 3625 2764 Donat.

2069 2797 2132 2855 in
2174 2798 2359 2876 praxi
2392 2816 2584 2856 remm
2610 2796 2792 2875 roqul.
2830 2805 2963 2856 tom.
2993 2799 3052 2856 2.
3100 2806 3266 2858 tract.
3309 2801 3366 2858 3.
3408 2806 3623 2877 quaest.

2070 2893 2172 2949 22.
2199 2910 2358 2950 nun.
2384 2896 2442 2951 5.
2474 2890 2680 2952 Altera
2703 2898 2811 2964 est,
2838 2890 3000 2972 quod
3021 2891 3069 2952 si
3090 2899 3345 2972 uterque
3365 2910 3543 2954 sexus
3563 2891 3628 2953 iu

2076 2983 2529 3046 Hermafrodito
2559 2984 2637 3046 sit
2663 2984 2976 3065 ·aequalis;
3019 2985 3243 3047 dantur
3281 2985 3445 3047 enim
3471 2986 3630 3048 Her-

2079 3077 2388 3139 masroditi
2433 3077 2583 3140 adeo
2625 3076 2869 3158 perfecti
2916 3077 2981 3138 in
3027 3085 3286 3159 utroque
3325 3098 3513 3154 sexu,
3562 3086 3632 3142 ut

2077 3171 2307 3252 possint
2348 3190 2556 3255 agere,
2602 3180 2663 3232 et
2701 3171 2825 3251 pati
2877 3172 2940 3231 in
2985 3173 3289 3244 venereis,
3327 3171 3465 3234 licet
3503 3191 3627 3234 non

2074 3266 2305 3346 possint
2325 3285 2613 3348 generare
2635 3285 2771 3325 cum
2794 3264 2966 3339 aliis,
2987 3274 3046 3327 et
3061 3265 3372 3347 concipere
3394 3267 3455 3326 in
3478 3266 3631 3347 seip-

2075 3358 2185 3431 sis,
2212 3361 2390 3441 juxta
2421 3358 2539 3420 late
2578 3357 2829 3419 deducta
2857 3359 3012 3439 apud
3044 3355 3311 3420 clericae.
3356 3360 3472 3420 dec.
3522 3363 3622 3421 43.

2076 3452 2142 3511 de
2164 3450 2431 3514 Sacram.
2481 3449 2704 3511 Poma.
2750 3468 2908 3510 num.
2959 3455 3053 3512 12.
3076 3500 3094 3523 ,
3126 3461 3187 3513 et
3219 3450 3440 3533 legitur
3465 3451 3629 3533 apud

2076 3545 2137 3606 S.
2171 3545 2576 3626 Augustinum
2622 3546 2688 3605 do
2731 3543 2907 3606 civit.
2953 3545 3062 3607 Dei
3104 3547 3202 3607 lib.
3255 3551 3347 3607 16.
3390 3566 3515 3629 cap.
3561 3553 3621 3610 8.

2080 3639 2163 3700 ibi
2190 3673 2232 3685 -
2250 3640 2572 3718 Androqini
2586 3684 2603 3712 ,
2633 3659 2767 3718 quos
2797 3641 2968 3701 etiam
2993 3639 3452 3720 Hermasrodilos
3473 3662 3628 3703 nun-

2076 3744 2288 3813 cupam
2306 3780 2323 3804 ,
2350 3735 2604 3812 quamvis
2631 3733 2931 3794 admodum
2957 3737 3086 3795 rari
3114 3738 3261 3808 sint,
3298 3738 3522 3818 difficile
3548 3748 3629 3799 est

2080 3838 2293 3899 tamen,
2330 3836 2393 3886 ut
2424 3827 2758 3907 temporibus
2789 3827 3002 3897 desint,
3035 3830 3097 3888 in
3125 3832 3325 3907 quibus
3351 3833 3430 3891 sic
3468 3841 3628 3892 uter-

2077 3940 2182 3998 que
2208 3939 2375 3979 sexus
2396 3912 2664 4000 apparet,
2693 3929 2791 3990 ut,
2826 3939 2901 3980 ex
2926 3941 3036 4000 quo
3058 3924 3246 4001 polius
3272 3925 3501 3986 debeant
3526 3944 3626 3985 ac·-

2074 4017 2255 4097 cipere
2276 4034 2506 4085 nomen,
2531 4016 2808 4075 incertum
2833 4017 2906 4074 sit
2922 4062 2940 4086 ,
2965 4025 3024 4076 et
3044 4015 3402 4097 hiprofiteri
3426 4017 3629 4095 valide

2077 4128 2194 4168 non
2227 4117 2502 4188 possunt,
2533 4127 2644 4171 nec
2669 4108 2731 4169 in
2756 4108 3066 4190 Religione
3095 4113 3397 4187 virorum,
3427 4133 3533 4176 nec
3558 4115 3625 4176 in

2074 4203 2387 4287 Religione
2416 4204 2771 4276 mulierum,
2801 4211 2864 4265 et
2887 4212 3185 4285 quatenus
3229 4207 3293 4268 in
3332 4207 3623 4273 alterutra

2073 4298 2503 4378 professionem
2546 4296 2894 4370 emiserint,
2939 4298 3229 4379 professio
3278 4302 3448 4366 nulla
3492 4314 3619 4368 est:

2071 4392 2353 4454 Bouaria.
2395 4394 2461 4454 de
2486 4395 2755 4455 clausura
2801 4412 2856 4471 q.
2894 4397 2953 4453 2.
2984 4406 3193 4473 puncto
3225 4399 3316 4457 10.
3355 4397 3420 4479 3.
3453 4405 3512 4460 5.
3555 4421 3620 4460 n.

2072 4491 2130 4545 2.
2177 4486 2264 4546 ibi
2301 4521 2343 4532 -
2373 4485 2444 4547 Si
2480 4505 2605 4546 vero
2650 4497 2880 4563 uterque
2919 4506 3086 4547 sexus
3127 4492 3382 4568 aequalis
3421 4495 3528 4564 sit,
3558 4496 3625 4553 in

2016 4596 2017 4599 ’
2071 4591 2279 4641 neutra
2310 4579 2598 4665 Reliqiono
2624 4580 2878 4659 profiteri
2900 4590 3097 4659 potest.
3123 4579 3456 4646 Conoordat
3484 4584 3624 4649 Pao-

2073 4677 2246 4734 serin.
2298 4675 2363 4734 do
2404 4686 2560 4736 statu
2602 4675 2890 4733 hominum
2936 4683 3066 4732 tom.
3115 4679 3172 4735 3.
3217 4687 3430 4755 quaest.
3479 4685 3615 4744 189.

2070 4779 2187 4829 art.
2230 4774 2324 4828 10.
2369 4771 2599 4849 impu-t.
2647 4770 2706 4827 4.
2748 4786 2812 4826 n.
2864 4770 2997 4827 148.
3034 4766 3191 4829 ihi-
3219 4771 3313 4830 sed
3350 4773 3624 4852 loquendo

2076 4864 2141 4923 do
2174 4864 2296 4922 inis
2313 4910 2328 4933 ‚
2359 4865 2424 4922 in
2462 4863 2665 4942 quibus
2705 4872 2938 4940 uterque
2961 4881 3132 4922 sexus
3169 4867 3515 4930 exm‘nsecm
3541 4882 3622 4933 m

2071 4958 2180 5017 rite
2210 4956 2521 5034 formatus,
2561 4956 2742 5025 unde,
2782 4966 2832 5015 et
2866 4956 2942 5016 ad
2974 4966 3276 5036 utrumque
3315 4981 3479 5022 usum
3516 4964 3621 5027 Vo-

2076 5054 2226 5111 neris
2263 5061 2394 5110 sunt
2436 5051 2681 5122 habiles,
2722 5060 2896 5129 puto,
2925 5053 3074 5128 quod
3111 5053 3230 5112 sinc
3263 5054 3618 5122 distinctione

2071 5144 2338 5226 professio
2380 5145 2616 5203 illorum
2660 5145 2724 5202 in
2757 5162 3083 5222 quocunque
3107 5144 3460 5212 monasterio
3498 5157 3613 5232 sit,

2077 5241 2254 5299 irrita
2283 5248 2360 5299 ost
2387 5237 2672 5317 professio.

2189 5332 2356 5393 Haec
2374 5332 2571 5411 quoad
2597 5330 3048 5411 professionem:
3072 5351 3233 5396 nunc
3253 5342 3618 5406 transeundo

2069 5428 2146 5491 ad
2192 5425 2348 5489 dotis
2377 5425 2844 5502 restitutionem,
2890 5425 3066 5490 sicuti
3099 5429 3350 5496 Moniali
3390 5433 3467 5498 de
3492 5457 3616 5517 uno
