4393 6299
1962 459 2406 549 QoAEsriost-:s
2442 481 2800 537 cssomcffi

758 639 834 720 ad
867 639 1033 702 aliud
1062 638 1491 702 Monasterium
1521 634 1887 707 transeunti,
1914 635 2021 697 dos
2047 654 2081 697 a
2114 637 2310 715 primo
2422 654 2746 695 annuorum
2779 632 3167 714 quadraginta
3205 647 3506 696 aureorum
3541 635 3616 696 ab
3647 633 3838 696 eadem
3864 629 3976 698 12ae-

761 734 1125 797 Monasterio
1152 732 1515 804 restituitur,
1540 741 1598 792 et
1618 732 1731 792 boc
1756 731 1952 811 ipsum
1978 731 2298 812 contingit,

759 830 1004 909 quando
1056 827 1338 890 Monialis
1389 826 1514 886 exit
1564 844 1598 886 e
1646 825 2010 887 Mouasterio
2061 837 2305 906 propter

760 922 1098 984 nullitatem
1155 919 1574 1001 professionis,
1615 923 1793 1002 juxta
1843 921 2096 982 deducta
2151 922 2309 1000 apud

763 1018 1004 1079 Tondut.
1037 1029 1248 1096 quaest.
1283 1015 1455 1093 benef.
1486 1036 1610 1094 cap.
1649 1019 1743 1076 14.
1774 1035 1932 1075 num.
1968 1022 2024 1076 5.
2055 1026 2107 1074 et
2133 1021 2191 1075 6.
2224 1015 2310 1075 sic

757 1112 873 1174 hoc
903 1112 1096 1193 ipsum
1143 1111 1382 1171 videtur
1417 1110 1799 1170 statuendum
1841 1128 1966 1169 esse
2007 1109 2067 1169 in
2118 1109 2306 1190 hypo-

757 1205 941 1280 thesi,
984 1205 1046 1266 in
1092 1224 1214 1286 qua
1259 1203 1546 1285 professio
1583 1203 1861 1265 nullitate
1905 1203 2171 1277 laboret,
2229 1223 2306 1266 ex

755 1318 879 1379 quo
918 1297 1137 1360 mulier
1172 1297 1326 1360 facta
1365 1304 1454 1358 est
1489 1296 1974 1368 Hermafrodita,
2023 1297 2150 1358 sive
2179 1300 2305 1359 An-

755 1395 1042 1476 drogina,
1075 1402 1146 1454 ut
1177 1392 1239 1453 in
1283 1391 1555 1454 terminis
1591 1391 1862 1453 mulieris
1909 1391 2209 1471 professae
2240 1393 2306 1454 in

754 1488 955 1550 virum
979 1506 1302 1549 conversae
1319 1532 1335 1559 ,
1364 1496 1423 1549 et
1443 1506 1478 1548 e
1497 1484 1860 1548 Monasterio
1883 1484 1995 1547 bac
2025 1486 2099 1547 de
2124 1505 2305 1550 causa

751 1583 1065 1653 exeuntiS,
1106 1579 1407 1643 consuluit
1446 1578 1662 1660 Capon.
1708 1580 1933 1660 discept.
1968 1584 2105 1640 220.
2144 1600 2305 1643 num.

757 1680 857 1739 tt.
898 1688 1030 1737 tom.
1070 1681 1128 1737 3.

873 1770 987 1832 His
1018 1769 1316 1832 stantibus
1334 1815 1351 1842 ,
1386 1767 1733 1850 quaeritur:

870 1867 926 1928 1.
958 1865 1053 1927 An
1073 1866 1338 1946 professio
1364 1867 1539 1925 irrita
1564 1865 1640 1925 sit
1665 1867 1730 1924 in
1754 1884 1921 1937 casu,
1951 1874 2005 1925 et
2029 1874 2313 1943 quatenus

753 1962 1111 2042 affirmative:

873 2057 954 2118 ΙΙ.
988 2054 1085 2115 An
1125 2055 1221 2115 dos
1261 2055 1335 2116 sit
1385 2053 1589 2115 Sorori
1631 2053 1808 2116 Felici
1848 2055 2194 2117 restituenda
2244 2057 2309 2116 in

752 2169 886 2212 casu
918 2160 1025 2211 ete.

858 2341 1011 2393 Sacra
1039 2341 1234 2406 Congr.
1264 2340 1351 2392 die
1380 2341 1467 2394 ss.
1493 2342 1668 2392 Martii
1711 2340 1872 2394 1728.
1903 2342 2210 2411 respondite

931 2427 1027 2481 Ad
1043 2427 1280 2496 prienam
1311 2426 1667 2499 affirmative.
1696 2430 1793 2483 Ad
1820 2430 2113 2484 secundam
2152 2430 2315 2503 ff'·

748 2516 962 2569 malive.

1151 2697 1427 2772 QUAEST
1429 2698 1510 2760 10
1578 2697 1892 2761 CCXLVI.

857 2880 930 2942 In
966 2882 1158 2945 Causa
1188 2881 1577 2962 Neapolitana
1608 2835 1938 2963 Congu-uae,
1966 2887 2057 2949 die
2082 2891 2183 2949 28.

1037 3017 1040 3018 ν
1275 2977 1581 3039 Februarii
1610 2982 1787 3040 1722.

750 3104 1041 3229 Joannes
1084 3167 1366 3230 Nicolaus
1415 3169 1489 3231 de
1538 3169 1879 3231 Laurentiis
1922 3191 2076 3234 anno
2123 3178 2299 3236 1693.

748 3259 1045 3323 admissus
1090 3259 1206 3323 fuit
1247 3262 1403 3323 inter
1448 3263 1652 3324 Patres
1686 3263 1995 3327 Societatis
2029 3266 2204 3340 Jesu,
2245 3275 2307 3331 et

751 3354 1022 3415 nondum
1055 3355 1295 3436 expleto
1320 3356 1658 3419 Novitiatus
1689 3358 1968 3432 biennio,
1996 3380 2105 3423 nec
2132 3362 2306 3423 emis-

748 3450 830 3509 sis
854 3448 1048 3510 tribus
1074 3449 1453 3530 simplicibus
1480 3451 1650 3513 Votis
1677 3453 2081 3533 paupertatis,
2117 3455 2302 3518 Casti-

749 3543 919 3614 tatis,
948 3552 1006 3605 et
1029 3542 1443 3615 Obedieutiae,
1466 3564 1601 3607 cum
1628 3544 1870 3608 licentia
1895 3548 1987 3609 sui
2016 3549 2301 3630 Superio-

750 3637 838 3699 ris
877 3637 951 3700 ad
990 3636 1203 3698 Sacros
1243 3638 1503 3700 Ordines
1545 3650 1855 3719 promotus
1895 3641 2013 3705 fuit
2044 3645 2124 3706 ab
2153 3644 2300 3725 Epi·

747 3749 927 3811 scopo
958 3730 1292 3811 Aquitano,
1338 3731 1713 3794 Pontificatia
1754 3733 1817 3795 in
1850 3735 2108 3799 Civitate
2143 3738 2300 3799 Nea-

747 3824 1018 3907 politana
1041 3835 1354 3887 exercente
1380 3826 1456 3887 de
1477 3825 1719 3889 licentia
1741 3828 1888 3890 clar.
1912 3849 2093 3892 mem.
2118 3832 2297 3894 Card.

748 3919 1043 3982 Cantelmi
1075 3917 1519 4001 Archiepiscopi
1550 3921 1744 3984 dictae
1777 3923 2083 3999 Civitatis,
2119 3927 2302 3989 idem-

750 4033 871 4095 que
914 4015 988 4075 de
1018 4014 1391 4087 Laurentiis,
1437 4024 1567 4096 post
1605 4016 1820 4079 emissa
1866 4020 2074 4081 eadem
2104 4021 2298 4096 Vota,

748 4108 863 4169 fuit
893 4128 926 4169 a
956 4108 1248 4170 Societate
1274 4108 1575 4170 dimissus.

867 4201 1151 4263 Nicolaus
1194 4202 1274 4264 ab
1311 4202 1612 4264 Ordinum
1650 4206 1940 4269 exercitio
1982 4227 2304 4290 suspensus

748 4314 823 4357 ex
849 4295 1006 4356 tituli
1035 4296 1300 4370 defectu,
1326 4296 1400 4359 ad
1426 4296 1584 4359 hanc
1605 4298 1736 4362 Sac.
1764 4301 2301 4385 congregationem

747 4389 968 4453 habuit
994 4409 1303 4452 recursum
1322 4436 1340 4466 ,
1369 4391 1442 4455 ad
1473 4393 1751 4456 effectum
1778 4396 2090 4460 obtinendi
2115 4420 2151 4462 a
2186 4401 2300 4462 Pa-

748 4484 946 4546 tribus
984 4483 1295 4549 Societatis
1335 4486 1797 4568 assignationem
1831 4490 2148 4573 Congruae
2186 4495 2298 4557 ali-

747 4578 1081 4642 mentariae
1100 4627 1118 4651 ,
1148 4589 1207 4642 et
1234 4588 1366 4660 post
1400 4581 1725 4645 nonnullas
1749 4585 2126 4648 subalternas
2154 4608 2298 4651 con-

747 4673 1069 4736 troversias
1119 4684 1359 4735 exortas
1386 4720 1404 4748 ,
1455 4685 1576 4737 tam
1625 4695 1808 4757 super
1859 4681 2302 4762 subscriptione

746 4768 1109 4840 dubiorum,
1140 4787 1325 4849 quam
1369 4789 1548 4851 super
1592 4771 2149 4838 subministratione
2182 4779 2300 4841 ali-

745 4866 919 4946 cujus
940 4881 1213 4924 summae
1237 4864 1299 4924 in
1326 4864 1577 4927 Causam
1601 4866 2023 4930 declarandam
2042 4916 2059 4943 ,
2086 4872 2304 4936 deven-

747 4967 874 5019 tum
910 4955 1149 5019 tandem
1190 4956 1307 5018 fuit
1348 4958 1425 5019 ad
1469 4960 1946 5039 propositionem
1983 4963 2210 5028 Causae
2237 4967 2303 5028 in

746 5051 925 5124 solio,
955 5050 1396 5131 disputatisque
1423 5051 1815 5131 sequentibus
1842 5054 2083 5117 dubiis:

866 5147 917 5207 Ι.
956 5144 1051 5205 An
1089 5143 1311 5206 Ioanni
1335 5144 1582 5207 Nicolao
1617 5147 1684 5206 de
1711 5146 2038 5211 laurentiis
2064 5154 2156 5212 uti
2180 5150 2303 5214 Sa-

744 5242 953 5302 cerdoti
983 5237 1267 5301 Ordinato
1292 5240 1370 5300 ad
1400 5242 1635 5301 titulum
1655 5240 1974 5320 Religiosae
1994 5255 2303 5326 pauperta-

747 5338 820 5395 tis
857 5335 922 5395 in
953 5331 1231 5395 Societate
1258 5332 1432 5408 Iesu,
1477 5343 1530 5393 et
1575 5336 1772 5396 deinde
1813 5337 1885 5397 ab
1926 5357 1992 5400 ea
2032 5339 2302 5410 dimisso,

746 5430 1009 5491 debeatur
1045 5424 1316 5506 Conqrua
1335 5431 1559 5509 portio,
1588 5448 1685 5490 seu
1709 5431 2075 5494 substentatio
2102 5436 2300 5497 saltem

2423 729 2650 807 liqione.

2539 823 2619 884 11.
2652 824 2750 884 An
2790 824 2887 884 lite
2926 823 3192 903 pendente
3233 825 3347 883 sint
3391 825 3443 885 ei
3486 824 3972 887 subministranda

2418 918 2726 989 alimenta,
2754 925 2807 977 et
2835 924 3095 996 sumptus
3127 918 3268 977 litis.

2539 1012 2652 1072 111.
2681 1011 2777 1070 An
2794 1013 2987 1091 potius
3015 1012 3161 1071 idem
3181 1011 3459 1072 Nicotaus
3488 1021 3745 1074 teneatur
3766 1013 3843 1074 ad
3863 1012 3977 1072 Re-

2420 1105 2681 1182 liqionem
2708 1105 2895 1165 redire
2923 1107 2988 1163 in
3014 1124 3151 1166 casu
3180 1114 3282 1165 etc.

2461 1205 2467 1218 ‘
2540 1200 2607 1259 In
2664 1198 3140 1280 Congregatione
3198 1197 3408 1262 habita
3466 1200 3555 1258 die
3607 1204 3665 1260 8.
3725 1199 3976 1276 Auqusti

2422 1297 2595 1353 1705.
2648 1291 3006 1371 rescriptum
3048 1290 3168 1351 fuit
3209 1292 3286 1352 ad
3311 1293 3560 1372 primum
3585 1292 3977 1353 absolvendam

2417 1405 2530 1446 esse
2545 1383 2880 1447 Societatem
2904 1406 2942 1447 a
2967 1397 3260 1466 praetensa
3284 1386 3801 1446 subministratione
3829 1384 3978 1446 Con-

2416 1498 2627 1558 9ruae,
2659 1482 2725 1538 in
2752 1499 2888 1541 casu
2932 1480 2998 1539 de
3038 1499 3150 1558 quo
3187 1481 3419 1556 coitur,
3449 1481 3526 1542 ad
3558 1481 3893 1551 seeundum,
3919 1491 3976 1542 et

2421 1575 2654 1634 tertium
2678 1576 2820 1636 satis
2848 1575 3135 1654 provisum
3162 1576 3228 1633 in
3251 1577 3470 1656 primo,
3499 1582 3556 1636 et
3583 1582 3827 1655 propter
3853 1571 3978 1635 suf·

2418 1665 2749 1749 fragiorum
2773 1665 3251 1728 uniformitatem
3273 1667 3628 1730 mandatum
3646 1666 3786 1737 fuit,
3808 1665 3975 1748 quod

2420 1760 2610 1824 Causa
2632 1764 2881 1842 amplius
2908 1780 3021 1821 non
3038 1772 3475 1842 proponeretur,
3501 1761 3590 1823 uti
3619 1761 3841 1843 legitur
3868 1762 3970 1822 lib.

2419 1860 2518 1915 55.
2549 1855 2753 1917 decret.
2781 1875 2917 1935 paq.
2948 1859 3089 1915 291.
3120 1875 3158 1916 a
3187 1865 3338 1934 terqo
3356 1903 3372 1927 ,
3397 1862 3459 1918 et
3487 1854 3627 1917 licet
3652 1854 3847 1916 dictus
3868 1852 3976 1915 Ni-

2416 1947 2620 2010 colaus
2664 1948 2726 2010 in
2753 1947 3232 2031 congregatione
3254 1948 3466 2012 habita
3505 1950 3596 2011 die
3639 1953 3741 2010 23.
3773 1949 3976 2010 mensis

2415 2041 2698 2105 Ianuarii
2730 2047 2906 2104 1706.
2941 2060 3051 2122 pro
3081 2060 3239 2104 nova
3288 2040 3598 2104 audientia
3641 2041 3975 2124 supplicas-

2415 2144 2541 2211 set,
2577 2156 2709 2199 eam
2752 2145 2952 2200 tamen
2998 2136 3277 2198 obtinere
3303 2156 3422 2198 non
3450 2136 3682 2218 potuit,
3713 2157 3852 2199 cum
3883 2157 3975 2200 re-

2413 2250 2700 2311 sponsum
2724 2230 2908 2293 fuerit
2925 2279 2942 2301 ‚
2967 2231 3120 2292 nihil
3146 2231 3212 2293 de
3232 2251 3376 2293 noca
3398 2232 3697 2294 audientia
3712 2279 3728 2303 ,
3754 2231 3844 2294 uti
3869 2230 3975 2296 ha-

2416 2325 2593 2387 betur
2618 2324 2681 2385 in
2706 2343 2895 2405 parvo
2914 2324 3165 2406 Regesto
3190 2322 3332 2386 dicti
3358 2323 3504 2387 anni
3525 2324 3642 2386 sub
3665 2324 3822 2387 dicta
3847 2323 3969 2387 die.

2533 2417 2755 2481 Orator
2786 2417 3063 2480 exclusus
3088 2437 3123 2479 a
3149 2417 3334 2498 petita
3359 2417 3676 2500 Congruae
3704 2417 3974 2500 assigna-

2415 2513 2580 2576 tione
2605 2559 2622 2587 ,
2666 2513 2899 2595 quique
2944 2511 3174 2575 interea
3224 2530 3261 2574 a
3306 2511 3711 2575 celebratione
3753 2511 3974 2575 Missae

2414 2617 2547 2670 erat
2573 2625 2895 2688 suspensus
2923 2627 2998 2668 ex
3031 2606 3266 2668 defectu
3296 2605 3517 2680 Tituli,
3546 2624 3650 2668 seu
3680 2606 3973 2668 Patrimo-

2415 2700 2536 2771 nii,
2566 2720 2706 2763 suas
2732 2699 3012 2762 exhibuit
3039 2718 3240 2780 preces
3271 2718 3382 2779 pro
3410 2698 3695 2762 facultate
3720 2700 3968 2763 Missam

2413 2795 2755 2864 celebrandi
2776 2842 2793 2864 ,
2825 2814 3085 2875 cumque
3111 2796 3200 2854 die
3225 2799 3283 2854 6.
3317 2793 3618 2857 Februarii
3657 2796 3800 2856 dieti
3824 2796 3972 2856 anni

2418 2893 2593 2950 1706.
2626 2889 2855 2952 dictum
2881 2888 3095 2963 fuerit,
3127 2888 3291 2970 quod
3331 2887 3648 2950 audiretur
3677 2889 3970 2951 Eminen-

2415 2980 2678 3045 tissimus
2725 2982 2902 3045 Card.
2956 2983 3270 3056 vicarius,
3307 2981 3538 3044 editum
3588 2980 3709 3046 fuit
3743 3002 3780 3046 a
3818 2983 3967 3046 clar.

2416 3096 2592 3139 mem.
2639 3076 2817 3139 Card.
2858 3076 2935 3137 de
2971 3075 3268 3158 Carpineo
3295 3076 3479 3139 Urbis
3508 3077 3758 3139 Vicario
3788 3097 3968 3140 suum

2412 3171 2763 3253 suffragium
2782 3216 2798 3244 ,
2829 3168 2891 3231 in
2923 3189 3046 3252 quo
3073 3170 3160 3232 sic
3185 3169 3512 3232 conclusit:
3543 3169 3836 3234 Crederem
3863 3171 3970 3233 So·

2410 3268 2664 3328 eietatem
2704 3266 2892 3326 debere
2938 3262 3240 3326 Oratorem
3279 3265 3570 3344 providere
3615 3266 3681 3325 de
3720 3284 3972 3345 conqrua

2408 3361 2862 3432 substentatione,
2886 3360 3054 3421 donec
3072 3369 3277 3420 constet
3301 3359 3472 3437 fuisse
3492 3359 3570 3419 ad
3593 3360 3830 3420 titulum
3852 3359 3970 3421 Pa·

2411 3457 2668 3516 trimonii
2704 3466 3021 3535 promotum
3043 3499 3062 3528 ,
3102 3456 3191 3515 cel
3231 3456 3398 3516 donec
3426 3453 3603 3530 fuerit
3639 3464 3972 3533 recuperata

2409 3550 2603 3610 domus
2633 3569 2671 3610 a
2703 3546 2880 3609 Patre
2907 3551 3232 3627 assiqnata,
3261 3549 3338 3610 ad
3363 3566 3526 3627 quem
3555 3545 3804 3628 effectum
3834 3557 3968 3608 esset

2408 3643 2816 3721 iniunqsndum
2846 3690 2863 3714 ,
2912 3653 2981 3702 ut
3025 3640 3304 3704 Nicolaus
3351 3642 3542 3701 omnia
3568 3687 3587 3711 ,
3636 3651 3686 3701 et
3736 3643 3969 3721 sinon&

2406 3736 2560 3799 Jura
2594 3757 2700 3797 sua
2726 3738 2884 3798 cedat
2916 3735 3211 3797 Societati.
3248 3733 3417 3810 Quod
3440 3735 3493 3794 si
3517 3735 3591 3796 ab
3616 3734 3971 3797 Eminentia·

2407 3835 2567 3894 simis
2599 3831 2728 3892 PP.
2761 3832 2928 3892 aliud
2956 3830 3356 3890 decernendum
3377 3848 3488 3889 esse
3518 3830 3818 3902 videatur,
3847 3828 3967 3891 Ni-

2409 3928 2600 3988 colaus
2627 3927 2839 3986 deberet
2863 3944 3159 4004 suspensus
3186 3942 3473 3985 remanere
3489 3968 3508 3997 ,
3543 3927 3683 4003 quia
3722 3945 3837 3986 non
3864 3926 3969 3987 ha·

2410 4022 2560 4081 benti
2587 4021 2823 4081 titulum
2854 4037 3120 4098 mpensa
3148 4029 3226 4079 est
3261 4019 3507 4097 facultas
3535 4020 3872 4080 celebrandi.

2527 4116 2606 4176 At
2641 4112 2871 4186 relato,
2909 4111 2973 4171 in
3008 4110 3141 4173 Sac.
3176 4110 3655 4193 Congregatione
3679 4111 3967 4195 praedicti

2410 4207 2587 4269 Card.
2633 4206 2911 4287 Carpinei
2953 4205 3239 4285 suffragio
3265 4252 3281 4276 ,
3340 4206 3552 4267 eadem
3589 4208 3679 4268 die
3706 4212 3765 4268 8.
3811 4206 3975 4285 Maii

2413 4304 2586 4362 1706.
2627 4301 2715 4361 uti
2751 4299 3011 4361 babetur
3041 4300 3142 4358 lib.
3175 4304 3274 4360 56.
3320 4297 3537 4360 Decret.
3570 4300 3670 4378 fol.
3711 4306 3846 4362 168.
3882 4300 3970 4365 sie

2407 4394 2717 4474 respondit
2739 4440 2756 4467 ,
2794 4394 2983 4455 Sacra
3020 4403 3121 4454 etc.
3153 4394 3358 4455 audita
3389 4396 3663 4456 relatione
3688 4395 3968 4456 Eminui-

2410 4491 2529 4549 tiss.
2577 4489 2654 4549 1).
2699 4488 2877 4550 Card.
2930 4486 3209 4567 Carpinei
3256 4486 3623 4550 Sanctissimi
3665 4488 3739 4550 D.
3774 4488 3857 4552 N.
3900 4492 3968 4551 in

2413 4582 2558 4643 Urbe
2588 4582 2807 4643 Vicarii
2831 4630 2847 4652 ,
2877 4584 3064 4660 quoad
3082 4585 3320 4663 petitam
3344 4583 3672 4660 facultatem
3692 4584 3967 4643 celebran-

2409 4677 2471 4735 di
2490 4724 2506 4747 ,
2534 4678 2871 4737 instantiam
2892 4678 3109 4736 remisit
3129 4678 3372 4737 arbitrio
3402 4676 3760 4738 Eminentius
3777 4674 3962 4749 Suae,

2409 4780 2472 4829 ut
2508 4771 2741 4850 desuper
2767 4789 2874 4850 pro
2892 4789 2998 4831 sua
3028 4770 3334 4850 prudentia
3362 4779 3551 4849 gyrat,
3581 4776 3796 4830 statuat
3822 4813 3839 4841 ,
3867 4777 3964 4830 at-

2409 4884 2515 4944 que
2536 4866 2797 4926 decernat
2823 4909 2841 4939 ,
2879 4864 3029 4944 quod
3055 4865 3164 4924 sibi
3188 4864 3370 4943 mayis
3392 4865 3458 4923 in
3490 4862 3725 4923 Donum
3746 4862 3963 4925 videbi-

2406 4974 2501 5022 tur
2529 4963 2822 5043 eoepedire.
2865 4958 2938 5020 In
2970 4960 3209 5038 reliquis
3246 4977 3375 5021 vero
3408 4957 3597 5020 eadem
3626 4953 3764 5018 Sao.
3809 4954 3964 5019 Con-

2406 5058 2659 5136 qreqatio
2676 5057 3013 5117 instantiam
3034 5054 3261 5133 rejecit.

2527 5151 2622 5212 Ab
2650 5169 2812 5212 anno
2847 5154 3021 5211 1706.
3053 5165 3247 5227 usque
3273 5144 3347 5209 ad
3368 5162 3599 5207 anuum
3627 5148 3803 5207 1720.
3830 5145 3965 5221 uul-

2413 5247 2537 5308 lum
2565 5246 2640 5307 de
2675 5244 2787 5307 bac
2808 5243 2998 5305 Causa
3028 5250 3259 5303 motum
3280 5237 3542 5320 amplius
3556 5236 3676 5301 suit
3698 5240 3962 5303 verbum

2413 5340 2473 5401 in
2506 5339 2620 5402 hac
2645 5339 2775 5400 Sac.
2813 5336 3320 5420 Congregatione3
3353 5332 3457 5396 sed
3487 5353 3627 5395 cum
3659 5337 3966 5418 praedicto

2409 5454 2570 5499 anno
2605 5439 2777 5495 1720.
2823 5429 3115 5495 Nicolaus
3134 5429 3198 5493 S.
3232 5446 3412 5492 mem.
3455 5425 3825 5495 Clementem
3858 5448 3964 5514 pa·
