4393 6299
1577 531 1624 599 Q
1649 532 1692 585 n
1718 529 1775 580 a
1803 532 1836 582 s
1864 529 1911 583 'r
1940 526 2030 581 ιο
2081 524 2419 581 ccccxvii.

3322 528 3427 580 ⁴7⁹

408 688 637 754 notavit
665 687 924 767 Faynan.
950 688 1015 747 in
1035 705 1160 766 cap.
1198 704 1326 746 cum
1376 684 1609 744 dilectus
1646 703 1806 743 num.
1847 685 1943 742 43.
2001 675 2012 764 Ι
2061 686 2143 752 ta,
2171 677 2454 759 idemque
2465 676 2761 761 judicium
2786 678 3102 743 ferendum
3131 698 3259 741 esse
3282 680 3358 743 de
3388 701 3513 762 cap.
3542 686 3602 743 8.

410 787 477 847 de
519 783 816 861 Reliqiosis
864 780 1155 854 Domibus,
1187 788 1247 842 et
1285 777 1564 860 quamvis
1611 785 1789 857 caput
1839 776 1952 837 boc
2058 792 2186 835 sess.
2213 777 2274 834 7.
2298 774 2364 833 de
2387 773 2631 852 Reform.
2663 793 2801 836 cum
2825 773 3064 837 deficiat
3100 774 3160 835 in
3200 774 3354 837 facto
3383 794 3606 856 suppo·

410 879 713 959 pertinere
748 876 1050 949 videatur,
1085 882 1143 936 et
1174 873 1465 954 respicere
1492 871 1783 933 Ecclesias
1808 869 1950 930 Sae-
2057 867 2266 942 situm,
2288 868 2452 949 quod
2475 868 2773 931 Ecclesiae
2800 868 3014 931 Rurali
3040 869 3101 930 S.
3136 869 3367 931 Mariae
3384 869 3609 932 Gallia·

409 973 664 1046 culares,
696 970 1043 1034 extenditur
1067 967 1463 1030 nibilominus
1502 966 1578 1027 ad
1622 962 1946 1036 Ecclesiae,

411 1086 570 1149 quae
588 1071 855 1146 spectant
873 1063 949 1125 ad
972 1060 1317 1144 Regulares,
1344 1060 1392 1121 si
1415 1058 1636 1120 eisdem
1660 1055 1953 1119 deservia-

409 1169 511 1223 tur
539 1179 574 1222 a
604 1158 1045 1229 saecularibus,
1077 1158 1249 1238 juxta
1295 1153 1741 1217 Resolutionem
1769 1150 1953 1233 hujus

408 1254 470 1316 S.
525 1251 1015 1335 Congregationis
1062 1256 1158 1312 15.
1209 1249 1508 1311 Februarii
1537 1252 1711 1310 1596.
1758 1248 1855 1307 lib.
1885 1250 1945 1306 8.

408 1349 609 1410 decret.
631 1367 766 1428 paq.
802 1350 938 1408 163.
962 1366 1000 1406 a
1027 1355 1197 1424 temo,
1222 1343 1333 1406 ibi:
1360 1341 1732 1423 Conqreqatio
1754 1339 1953 1402 Conci-

411 1444 485 1504 lii
515 1442 830 1523 respondit
860 1459 1011 1521 posse
1038 1439 1384 1519 Episcopum
1404 1438 1636 1499 visitare
1662 1453 1954 1515 quascum-

407 1556 515 1617 que
544 1536 829 1597 Ecclesiae
856 1535 1168 1596 saeculares
1186 1535 1346 1594 intra
1370 1532 1505 1613 fines
1526 1550 1660 1592 suae
1680 1529 1953 1590 Dioecesis

406 1631 702 1692 existentes
731 1630 917 1707 viqore
936 1628 1137 1708 capitis
1163 1630 1223 1687 8.
1261 1644 1387 1686 sess.
1413 1629 1473 1685 7.
1505 1625 1728 1686 etiamsi
1747 1623 1824 1684 ad
1842 1621 1953 1683 Re·

404 1724 632 1803 quim-es
654 1724 996 1803 pertineant,
1027 1730 1078 1781 et
1113 1721 1185 1781 ab
1211 1722 1287 1781 eis
1312 1719 1677 1799 dependeant,
1704 1717 1838 1777 dum
1862 1726 1952 1777 ta-

408 1838 533 1880 men
551 1836 654 1899 per
671 1816 1008 1879 Saeculares
1025 1817 1102 1877 eis
1120 1815 1489 1886 deserviatur,
1512 1811 1626 1875 nisi
1648 1810 1804 1874 forte
1821 1830 1953 1892 age-

406 1920 576 1975 retur
606 1910 683 1973 de
708 1908 992 1973 Ecclesiis
1023 1927 1143 1971 non
1171 1906 1431 1982 Curatis,
1462 1914 1522 1970 et
1567 1923 1726 1986 quae
1757 1911 1953 1967 essent

407 2005 484 2067 de
505 2005 712 2067 Mensa
735 2001 1107 2076 nonasterii,
1130 2022 1233 2064 seu
1254 2001 1579 2085 subJ‘ective
1599 2000 1807 2061 unitae
1824 1999 1950 2060 Mo-

409 2097 695 2170 nasterio,
746 2097 862 2161 bae
885 2096 1187 2177 siquidem
1236 2114 1347 2159 nec
1391 2096 1539 2157 Jure
1575 2093 1904 2156 Ordinario
1927 2138 1947 2167 ,

402 2211 513 2255 nec
532 2192 566 2252 J
571 2210 681 2253 ure
701 2190 986 2273 Delegato
1008 2196 1253 2269 possunt
1274 2188 1353 2251 ab
1374 2187 1667 2270 Episcopo
1687 2184 1948 2259 visitari,

399 2287 577 2369 juxta
605 2285 726 2348 late
746 2283 984 2349 firmata
1016 2303 1122 2365 per
1151 2283 1357 2345 Rotam
1377 2285 1441 2343 in
1458 2280 1734 2343 Firmano
1751 2279 1949 2340 Jurie-

406 2381 668 2441 dictiouis
696 2399 864 2461 super
883 2379 1044 2440 modo
1088 2378 1362 2441 visitandi
1389 2381 1488 2438 20.
1522 2375 1741 2439 Martii
1771 2378 1945 2436 1702.

262 2524 281 2534 -
404 2474 472 2557 3.
504 2477 637 2536 het
657 2494 807 2553 seqq.
834 2493 951 2535 cor.
975 2475 1102 2533 bon.
1129 2492 1290 2533 mern.
1322 2471 1594 2542 Molines,
1631 2478 1683 2531 et
1704 2470 1768 2529 in
1789 2468 1950 2529 Bur-

403 2587 528 2648 qen.
578 2567 1009 2629 Jurisdictionis
1034 2611 1052 2639 ,
1107 2584 1204 2626 seu
1270 2563 1626 2626 Visitationis
1673 2567 1731 2624 3.
1791 2560 1950 2623 Julii

409 2666 584 2723 1713.
610 2659 676 2743 3.
696 2658 901 2735 Quoad
920 2660 1167 2739 reliqua,
1182 2667 1234 2720 et
1264 2662 1359 2719 19.
1381 2656 1665 2719 Ianuarii
1681 2658 1857 2716 1714.
1878 2653 1943 2736 3.

405 2755 673 2835 Respectu
691 2772 819 2815 vero
840 2773 955 2814 cor.
1001 2755 1128 2813 bon.
1158 2772 1322 2813 mem.
1353 2749 1697 2813 Barbadico.
1753 2748 1949 2810 Juris-

404 2847 590 2910 dictio
610 2866 645 2909 a
669 2847 850 2909 Sacro
865 2844 1137 2907 Concilio
1160 2844 1388 2906 tributa
1413 2840 1719 2924 Episcopis
1740 2860 1865 2921 cap.
1881 2845 1941 2901 7.

404 2953 456 3004 et
481 2946 541 3003 8.
571 2960 701 3002 sees.
727 2944 788 3001 7.
816 2939 882 3001 de
903 2939 1152 3018 Reform.
1175 2958 1299 3020 cap.
1330 2941 1424 2998 11.
1453 2956 1581 3001 sess.
1613 2940 1713 2996 25.
1745 2935 1810 2995 de
1838 2934 1947 2996 Re·

403 3036 527 3116 qul.
558 3033 633 3096 de
659 3052 780 3114 qua
805 3052 1011 3115 supra,
1046 3050 1166 3093 non
1219 3039 1308 3093 est
1337 3029 1637 3111 privativa
1662 3076 1680 3100 ,
1708 3028 1810 3090 sed
1841 3048 1946 3089 cu-

405 3127 700 3193 mulativa
729 3146 866 3190 cum
891 3126 1310 3200 Inferioribus,
1328 3126 1502 3208 juxta
1534 3122 1947 3187 Resolutiones

404 3225 589 3307 hujus
609 3223 742 3285 Sac.
766 3220 1259 3305 congregationis
1269 3220 1430 3301 apud
1454 3219 1714 3300 Faqnau.
1733 3221 1797 3279 iu
1817 3238 1943 3299 cap.

406 3319 638 3397 Quanto
662 3337 821 3377 num.
856 3321 952 3378 31.
979 3327 1030 3377 et
1055 3320 1152 3377 32.
1189 3317 1254 3376 de
1278 3312 1475 3395 Officio
1510 3312 1840 3386 Ordinarii‚
1895 3325 1947 3375 et

403 3418 468 3477 in
492 3433 616 3494 cap.
654 3410 729 3474 Ut
750 3413 1055 3494 privileqia
1082 3430 1238 3472 uum.
1280 3412 1380 3470 40.
1415 3409 1480 3470 de
1513 3410 1857 3492 privileqiis,
1888 3416 1949 3470 et

404 3518 606 3573 secuta
631 3518 720 3572 est
746 3508 895 3570 Rota
913 3508 978 3568 iu
997 3504 1272 3566 Firmano
1290 3503 1721 3564 Jurisdictionis
1769 3520 1947 3583 supra

404 3607 584 3666 citata
607 3609 780 3665 1700.
806 3601 872 3683 3.
906 3604 1001 3661 39.
1028 3618 1216 3661 coram
1243 3600 1369 3659 bon.
1398 3617 1557 3658 mem.
1586 3596 1859 3664 Molines:
1895 3605 1947 3658 et

406 3698 475 3757 in
492 3698 668 3759 citata
694 3698 914 3776 pariter
937 3691 1191 3771 Burqen.
1226 3691 1656 3753 Jurisdictionis
1704 3693 1799 3750 19.
1831 3688 1944 3751 Ja-

404 3791 608 3852 nuarii
638 3792 811 3850 1714.
843 3786 909 3869 3.
948 3785 1058 3848 Ubi
1104 3784 1603 3865 praetermittenda
1647 3802 1762 3844 cor.
1814 3784 1939 3843 bon.

404 3904 567 3944 mem.
585 3881 936 3943 Barbadico:
968 3879 1049 3941 ita
1077 3887 1274 3940 tamen
1301 3885 1372 3938 ut
1414 3875 1798 3938 visitantibus
1822 3883 1942 3937 tam

403 3976 719 4059 Episcopo,
734 3993 917 4057 quam
943 3971 1260 4045 Inferiore,
1279 3978 1339 4033 et
1356 3972 1606 4032 Decreta
1627 3969 1944 4032 edentibus

404 4069 754 4153 praevalere
790 4069 1046 4130 debeant
1096 4065 1371 4148 Episcopi
1398 4066 1670 4138 Decreta,
1708 4063 1757 4125 si
1797 4063 1945 4126 baec

402 4165 798 4230 adversentur
821 4160 1088 4224 Decretis
1115 4159 1508 4233 Inferiorum,
1553 4159 1729 4240 juxta
1761 4158 1942 4218 Reso-

403 4259 696 4322 lutionem
723 4257 909 4339 hujus
959 4254 1090 4317 Sac.
1133 4252 1625 4336 congregationis
1658 4255 1756 4312 29.
1787 4250 1944 4312 Iulii

408 4358 584 4416 1628.
636 4354 700 4413 in
725 4349 918 4412 Causa
951 4348 1221 4411 Veronen.
1254 4348 1354 4408 lib.
1393 4351 1489 4408 13.
1539 4345 1757 4407 Decret.
1803 4366 1938 4426 paq.

409 4450 549 4509 490.
572 4465 614 4508 a
639 4456 790 4525 terqo
821 4442 941 4505 ibi:
970 4462 1085 4503 non
1102 4442 1390 4523 prohiberi
1420 4442 1586 4503 dictis
1613 4439 1943 4521 Superiori-

407 4540 508 4601 bus
520 4539 896 4620 Reqularibus
915 4536 1149 4598 Decreta
1170 4535 1372 4614 Iacere,
1386 4535 1680 4596 dummodo
1696 4532 1944 4595 Decretis

402 4633 674 4715 Episcopi
696 4651 808 4692 non
832 4631 1227 4701 adversentur,
1249 4649 1392 4709 quae
1412 4631 1520 4693 tali
1545 4648 1681 4690 casu
1695 4647 1939 4709 praem-

406 4729 540 4800 lere,
568 4736 618 4787 ct
636 4725 919 4786 observari
951 4723 1172 4783 debent.

522 4820 612 4882 Ad
638 4816 905 4880 tramites
922 4835 1156 4887 eorum,
1177 4834 1335 4895 quae
1359 4815 1670 4895 bucusque
1690 4813 1940 4877 deducta

404 4923 568 4987 sunt,
588 4911 843 4975 coutend
853 4918 963 4971 unt
981 4909 1259 4972 Monacbi
1277 4907 1603 4981 Olivetaui,
1620 4927 1705 4979 se,
1728 4918 1788 4968 et
1803 4927 1941 4970 suas

401 5007 693 5069 Ecclesias
740 5023 944 5066 omnes
970 5022 1097 5065 esse
1120 5012 1426 5082 exemptas
1452 5022 1487 5063 a
1514 5001 1940 5063 Jurisdictione

404 5100 704 5184 Episcopi,
757 5117 865 5160 nec
897 5096 1024 5159 ullo
1053 5098 1229 5160 modo
1261 5095 1377 5158 sibi
1419 5114 1589 5176 posse
1634 5094 1942 5157 vindicare

404 5194 604 5257 locum
657 5191 1102 5273 dispositionem
1142 5190 1305 5252 Sacri
1359 5187 1633 5262 Concilii,
1675 5196 1782 5250 aut
1809 5209 1937 5251 sess.

405 5294 508 5350 21.
541 5289 605 5348 ‹le
634 5288 880 5365 Reform.
902 5295 1026 5348 ¹aut
1072 5305 1205 5347 sess.
1245 5289 1344 5345 25.
1375 5286 1441 5344 de
1461 5282 1664 5362 Requi.
1696 5301 1833 5344 cum
1877 5283 1941 5345 in

404 5382 695 5463 praesenti
738 5401 856 5442 non
904 5387 1118 5463 agatur
1164 5388 1271 5442 aut
1311 5378 1386 5439 de
1406 5376 1667 5440 Ecclesia
1686 5375 1945 5440 habente

404 5476 624 5541 Curam
658 5473 1040 5550 Animarum,
1064 5481 1169 5537 aut
1197 5472 1270 5536 de
1290 5470 1552 5538 Ecclesia
1571 5471 1944 5535 commenda·

2061 961 2124 1024 ni
2176 962 2553 1026 deserviatur
2573 982 2608 1025 a
2635 964 3009 1046 Presbyteris
3045 963 3490 1040 Saecularibus,
3512 966 3605 1028 uti

2060 1055 2255 1118 fusius
2303 1056 2496 1119 videri
2540 1065 2728 1138 potest
2753 1058 2818 1118 in
2844 1058 3113 1139 ipsorum
3149 1058 3461 1140 Scriptura
3498 1080 3607 1142 per

2060 1170 2278 1213 manus
2294 1151 2790 1226 circumferenda,
2805 1151 2866 1213 in
2881 1171 2999 1233 qua
3014 1152 3193 1215 etiam
3213 1154 3604 1230 contendunt,

2062 1245 2359 1310 Censuras
2388 1244 2538 1309 latas
2586 1246 2883 1309 nullitatis
2928 1247 3077 1309 vitio
3124 1246 3435 1321 laborare,
3466 1270 3605 1312 cum

2061 1339 2219 1403 latae
2250 1339 2476 1403 suerint
2505 1349 2634 1424 post
2663 1341 3072 1422 interpositam
3114 1341 3604 1424 appellationem,

2060 1444 2120 1497 et
2147 1454 2285 1496 cum
2314 1434 2537 1497 factum
2562 1453 2683 1497 non
2702 1444 2855 1497 esset
2881 1434 3215 1507 notorium,
3241 1435 3304 1497 in
3333 1456 3456 1518 quo
3477 1437 3606 1501 solo

2058 1547 2205 1591 casu
2229 1527 2557 1609 Episcopus
2582 1536 2775 1608 potest
2817 1537 3126 1611 exemptos
3151 1529 3457 1595 declarare
3511 1531 3606 1594 in-

2060 1641 2267 1685 cursos
2298 1621 2365 1684 in
2384 1621 2698 1685 Censuras.
2744 1622 3012 1698 Addunt,
3036 1622 3315 1687 eumdem
3343 1623 3608 1690 Ordina-

2065 1719 2234 1781 rium
2259 1718 2628 1801 judicialiter
2651 1718 3023 1800 processisse,
3065 1720 3228 1801 quod
3256 1728 3344 1783 est
3367 1719 3478 1801 ipsi
3507 1740 3609 1783 ‘ve-

2063 1813 2267 1887 titum,
2291 1815 2538 1895 quando
2559 1813 2760 1895 agitur
2785 1815 2861 1875 de
2885 1814 3200 1894 exemptis,
3225 1814 3363 1877 licet
3382 1813 3608 1879 sactum

2060 1906 2141 1970 sit
2168 1906 2470 1969 notorium
2491 1953 2509 1981 ,
2553 1915 2614 1970 et
2640 1907 2884 1969 demum
2927 1906 3327 1983 concludunt,
3380 1908 3608 1973 factum

2063 2019 2183 2062 non
2224 2001 2722 2082 esseprobatum,
2752 2009 2813 2062 et
2842 1999 2928 2063 sic
2974 2000 3270 2065 Censuras
3312 2022 3433 2065 non
3486 2015 3607 2067 tam

2063 2093 2363 2169 nullitate,
2398 2113 2583 2177 quam
2614 2094 2911 2177 injustitia
2931 2094 3242 2158 laborare.

2181 2187 2442 2262 Quando
2461 2187 2612 2251 alias
2633 2198 2832 2250 actum
2853 2186 2970 2251 fuit
2989 2188 3066 2251 de
3084 2188 3197 2251 bac
3214 2189 3421 2252 eadem
3449 2190 3609 2254 Cau·

2060 2300 2126 2345 sa
2150 2281 2219 2343 in
2238 2281 2352 2345 hac
2376 2282 2557 2345 Sacra
2577 2279 3056 2365 Congregatione
3078 2282 3357 2344 nonnulli
3381 2304 3456 2345 ex
3478 2286 3600 2348 EF..

2059 2377 2175 2438 PP.
2205 2377 2640 2458 ponderarunt,
2666 2383 2733 2437 ut
2761 2376 3090 2450 videretur,
3121 2396 3200 2440 an
3228 2377 3608 2460 applicabilia

2058 2488 2185 2532 esse
2213 2479 2406 2550 posset
2446 2468 2758 2551 dispositio
2784 2468 2996 2554 Bullae
3024 2475 3123 2531 55.
3164 2470 3483 2533 Innocentii
3525 2473 3603 2536 X.

2062 2564 2226 2627 Bull.
2256 2575 2299 2626 t.
2330 2570 2390 2626 5.
2417 2563 2483 2626 ἰιι
2508 2583 2632 2645 qua
2651 2564 2997 2628 subduntur
3015 2565 3374 2641 visitationi,
3395 2576 3454 2630 et
3471 2589 3606 2632 cor-

2061 2658 2314 2722 rectioni
2336 2657 2675 2733 Ordinarii‚
2700 2658 2789 2721 uti
2828 2657 2998 2721 Sedis
3021 2659 3399 2740 Apostolicae
3430 2664 3607 2727 Dele-

2059 2752 2181 2833 gati
2216 2752 2560 2816 Conventus
2580 2801 2597 2825 ‚
2629 2760 2689 2814 et
2715 2752 3011 2816 Granciae
3057 2755 3559 2820 Monasteriorum
3582 2804 3602 2834 ,

2059 2847 2126 2908 in
2149 2845 2376 2927 quibus
2399 2866 2506 2909 sex
2528 2845 2812 2928 Religiosi
2843 2866 2964 2908 non
2993 2846 3283 2923 aluntur,
3315 2858 3376 2912 et
3421 2852 3607 2916 etiam

2055 2959 2134 3004 an
2159 2940 2552 3022 applicabiles
2579 2941 2701 3003 sint
2737 2940 3152 3003 Resolutiones
3179 2942 3311 3007 Sac.
3342 2945 3607 3028 Congre-

2055 3044 2176 3118 gat.
2202 3054 2385 3116 super
2406 3043 2568 3098 statu
2600 3035 3019 3117 Regularium‚
3059 3056 3216 3118 quae
3257 3038 3608 3105 referuntur

2055 3151 2216 3193 num.
2241 3134 2298 3192 4.
2318 3133 2469 3193 inter
2490 3130 3269 3195 ConstitutionesAleoeandri
3291 3134 3416 3197 V11.
3433 3136 3601 3202 Bull.

2060 3239 2192 3288 tom.
2247 3231 2306 3288 6.
2355 3226 2463 3288 ubi
2513 3225 2756 3300 dicitur,
2799 3226 3094 3290 Ecclesias
3119 3274 3137 3302 ,
3187 3237 3247 3291 et
3292 3229 3606 3312 Cappellas

2051 3319 2452 3383 Granciarum
2469 3365 2489 3394 ,
2533 3320 2595 3382 in
2643 3320 2869 3402 quibus
2904 3321 3129 3404 degunt
3160 3322 3444 3388 Conversi
3494 3348 3606 3407 pro

2054 3418 2356 3497 Agrorum
2403 3414 2667 3488 cultura,
2700 3434 2871 3495 posse
2897 3416 2977 3477 ab
3018 3416 3314 3499 Episcopo
3345 3419 3600 3499 visitari,

2053 3517 2113 3572 et
2140 3508 2325 3571 etiam
2358 3509 2602 3570 subesse
2642 3508 2973 3571 visitationi
3002 3510 3279 3592 Episcopi
3312 3513 3604 3580 Ecclesias

2051 3612 2112 3666 et
2158 3602 2473 3683 Cappellas
2528 3602 2955 3678 Granciarum,
3021 3603 3084 3666 iu
3140 3605 3367 3685 quibus
3397 3610 3604 3675 nullus

2051 3696 2214 3778 degit
2235 3695 2590 3758 Conversus.

2169 3791 2320 3853 Jura
2338 3787 2873 3864 circumferuntur,
2907 3790 3190 3871 quocirca
3215 3796 3533 3874 quaeritur
3563 3820 3580 3859 :

2169 3884 2222 3945 1.
2245 3884 2340 3945 An
2367 3886 2442 3945 sit
2462 3886 2752 3957 standum,
2779 3887 2866 3946 vel
2885 3887 3245 3948 recedendum
3269 3910 3307 3950 a
3333 3889 3467 3952 Deci
3473 3896 3551 3954 sis
3572 3937 3593 3956 .

2167 3978 2251 4040 11.
2278 3979 2373 4039 An
2394 3977 2677 4040 Censurae
2697 3981 3087 4042 sustineantur
3110 3983 3176 4041 in
3192 4002 3327 4044 casu
3348 3996 3449 4047 etc.

2154 4171 2221 4223 Sa
2193 4188 2309 4223 aacr
2281 4169 2411 4223 noc
2380 4186 2529 4237 onng
2560 4169 2647 4221 «tie
2673 4169 2762 4221 23.
2792 4170 2837 4223 J·
2842 4169 2935 4220 inii
2969 4170 3182 4224 mu..-
3158 4175 3468 4241 respondit:

2231 4255 2412 4325 Adpr
2414 4256 2525 4308 iam
2529 4274 2581 4305 m
2603 4255 2919 4324 1·eanci1',ss
2941 4258 3084 4310 Jure
3106 4271 3162 4312 ta
3129 4278 3251 4312 aem
3223 4279 3289 4312 en
3319 4262 3598 4332 Delegato.

2050 4343 2738 4412 Adseueaicndumngeve
2737 4345 3127 4412 ,etampthus

2392 4520 2751 4598 QUAEsTtO
2808 4519 3230 4586 CCCvattt.

2046 4724 2118 4786 In
2138 4724 2330 4787 Causa
2358 4722 2599 4785 Clusina
2627 4723 3018 4804 Reparationis
3046 4723 3352 4798 Ecclesiae,
3365 4730 3465 4791 ‘die
3495 4736 3588 4794 18.

2560 4816 2875 4878 Decembris
2909 4821 3084 4878 1723.

2047 4949 2440 5069 parochiani
2478 5002 2848 5066 Parocbialis
2877 5004 3175 5068 Ecclesiae
3200 5006 3263 5069 S.
3297 5008 3598 5075 Leonardi

2047 5100 2269 5160 Terrae
2291 5098 2591 5160 Arcidorsi
2617 5098 2635 5158 i
2644 5106 2863 5172 ustam,
2880 5108 2947 5160 ut
2967 5100 3276 5162 Monacbis
3300 5103 3599 5169 Monaste-

2048 5190 2124 5251 rii
2155 5191 2218 5252 S.
2265 5190 2596 5253 Salvatoris
2640 5191 2864 5253 Montis
2905 5192 3126 5255 Amiati
3158 5193 3551 5260 demandetur
3577 5248 3596 5273 ,

2050 5284 2374 5346 utdebitas
2402 5283 2628 5347 faciant
2647 5285 2988 5364 praedictae
3029 5285 3326 5351 Ecclesiae
3372 5289 3599 5361 labenti

2051 5376 2458 5458 reparationes
2482 5421 2500 5449 ,
2529 5379 2704 5457 juxta
2734 5375 2886 5439 alias
2911 5377 2991 5438 ab
3018 5379 3313 5462 Episcopo
3349 5383 3599 5447 deman.

2053 5475 2189 5534 data
2215 5470 2276 5532 in
2307 5489 2415 5532 sua
2439 5469 2797 5532 visitatione
2819 5515 2836 5544 ,
2884 5477 2943 5532 et
2970 5475 3353 5555 comprobata
3384 5478 3462 5540 ab
3484 5478 3598 5544 hac
