4393 6299
1001 537 1113 590 226

1207 688 1564 763 QUAESTIO
1609 687 1940 750 CLXXIX.

934 877 1004 937 In
1041 875 1231 939 Causa
1258 876 1588 956 Aquilaria,
1628 877 1717 936 dis
1749 880 1842 935 13.
1873 874 2030 935 Julii
2063 879 2236 935 1720.

825 1013 1138 1126 Sacerdos
1190 1063 1410 1144 loseph
1466 1064 1714 1125 Fattore
1761 1062 2094 1143 praetendit
2124 1108 2140 1134 ,
2195 1063 2358 1142 quod

818 1158 1195 1240 Hyacinthus
1220 1159 1490 1219 Miconus
1515 1158 1781 1219 Francus
1814 1156 2068 1236 primam
2099 1155 2359 1217 Clerica-

814 1252 935 1315 lem
979 1254 1312 1315 Tonsuram
1359 1251 1570 1314 illicite
1615 1250 1902 1332 receperit
1942 1252 2020 1313 ab
2051 1251 2347 1333 Episcopo

817 1345 1189 1408 Marsorum.

932 1440 1138 1501 Primo
1167 1440 1312 1521 quia
1346 1440 1562 1502 Sacrae
1597 1438 2055 1521 congregationi
2106 1438 2351 1519 Episco-

815 1552 1030 1613 porum
1054 1578 1070 1606 ,
1103 1541 1163 1595 et
1194 1531 1618 1612 Regularium,
1650 1552 1808 1612 quae
1836 1533 2077 1595 Vicario
2111 1536 2364 1612 Aposto-

817 1626 933 1689 lico
951 1627 1255 1708 Aquilano
1284 1626 1625 1689 facultatem
1653 1627 1818 1688 dedit
1857 1627 2219 1689 concedendi
2259 1625 2361 1688 lit-

817 1732 972 1783 teras
994 1719 1420 1783 dimissoriales
1449 1740 1558 1800 pro
1585 1720 1911 1802 Hyacinthi
1941 1720 2358 1794 ordinatione,

818 1835 939 1877 non
969 1815 1231 1877 innotuit
1254 1816 1355 1896 jus
1381 1860 1397 1886 ,
1428 1814 1587 1894 quod
1619 1815 1776 1876 idem
1822 1815 2041 1893 Joseph
2094 1814 2360 1875 habebat

818 1909 893 1971 ad
916 1907 1280 1970 Beneficium
1306 1908 1366 1968 in
1387 1908 1729 1990 hypothesi,
1751 1909 1813 1970 in
1837 1929 1957 1989 qua
1982 1908 2365 1990 Hyacinthus

817 2021 938 2063 non
962 2011 1113 2063 esset
1138 2001 1410 2063 Clericali
1443 2001 1696 2063 Militiae
1730 2002 2083 2083 adscriptus.

936 2095 1395 2158 Circumstantia
1421 2095 1567 2156 haec
1600 2096 1822 2157 etenim
1851 2141 1867 2167 ,
1910 2115 2066 2175 quae
2111 2096 2364 2159 Sacram

819 2188 1346 2271 congregationem
1367 2187 1769 2251 'difficiliorem
1789 2190 2134 2252 reddidisset
2151 2192 2212 2252 in
2229 2212 2365 2253 con·

818 2283 1078 2344 cedenda
1126 2282 1409 2345 facultate
1430 2329 1447 2356 ,
1500 2283 1938 2344 concessionem
1993 2286 2360 2364 praedictam

816 2376 995 2438 efficit
1026 2375 1444 2456 obreptitiam,
1469 2386 1527 2438 et
1562 2376 1983 2455 subreptitiam
2006 2423 2022 2451 ,
2047 2386 2106 2439 et
2127 2378 2213 2440 sic
2239 2377 2363 2440 illi-

817 2470 997 2532 citam
1030 2471 1469 2533 ordinationem
1495 2516 1512 2543 ,
1543 2488 1699 2550 quae
1721 2471 2126 2551 dependenter
2154 2474 2233 2535 ab
2260 2494 2361 2535 eo-

819 2564 954 2626 dem
982 2564 1135 2626 facta
1156 2573 1264 2637 est,
1294 2565 1368 2627 ad
1402 2564 1687 2626 terminos
1711 2566 1932 2627 Textus
1951 2568 2017 2625 in
2038 2586 2164 2646 cap.
2195 2588 2364 2648 super

823 2658 1026 2717 litteris
1052 2658 1117 2717 de
1139 2659 1421 2736 rescriptis
1436 2700 1452 2716 .

936 2751 1013 2811 Et
1041 2750 1232 2813 multo
1253 2751 1460 2832 magis,
1487 2771 1623 2812 cum
1646 2751 1804 2813 idem
1824 2753 2205 2834 Hyacinthus
2223 2774 2367 2816 suae

820 2843 1272 2924 supplicationis
1298 2841 1755 2906 fundamentum
1785 2847 2115 2926 reposuerit
2136 2846 2199 2906 in
2221 2849 2363 2929 jure

820 2936 936 2998 sibi
960 2937 1035 2998 ad
1057 2936 1282 2999 dictum
1312 2938 1678 2999 Beneficium
1710 2948 2101 3020 competente,
2127 2941 2218 3001 uti
2242 2941 2362 3003 col·

823 3029 1034 3112 ligitur
1058 3050 1134 3092 ex
1167 3031 1295 3113 ejus
1332 3031 1585 3111 supplici
1615 3032 1821 3094 libello
1868 3032 2208 3114 praedictae
2226 3034 2357 3097 Sac.

822 3122 1280 3206 Congregationi
1310 3123 1583 3187 exhibito
1606 3169 1622 3185 .

923 3217 1193 3280 Secundo
1212 3219 1354 3298 quia
1374 3218 1614 3280 collatio
1633 3219 1864 3299 primae
1881 3222 2189 3285 Tonsurae
2210 3223 2363 3287 facta

820 3311 936 3372 fuit
958 3312 1302 3394 Hyacintho
1324 3358 1340 3384 ,
1369 3313 1610 3393 praevia
1646 3322 1875 3376 tantum
1909 3315 2087 3378 unica
2120 3317 2361 3380 denund

818 3404 1074 3468 ciatione
1097 3406 1157 3466 in
1180 3406 1436 3467 Ecclesia
1454 3406 1790 3468 Parochiali
1812 3409 2158 3489 adimpleta,
2176 3430 2367 3490 quan·

823 3499 900 3559 do
937 3500 1013 3560 ad
1066 3499 1332 3561 tramites
1361 3500 1868 3564 Constitutionum
1920 3503 2317 3585 Synodalium
2342 3553 2361 3583 ,

824 3600 944 3654 tres
969 3592 1456 3655 denunciationes
1497 3594 1690 3655 tribus
1724 3596 1937 3657 diebus
1979 3595 2208 3660 festivis
2249 3599 2361 3663 ali-

822 3686 1185 3767 quantulum
1208 3686 1582 3768 interpolatis
1610 3690 1747 3751 fieri
1776 3691 2075 3753 dehebant
2095 3736 2111 3752 .

938 3780 1138 3843 Tertio
1162 3782 1305 3863 quia
1337 3782 1585 3845 facultas
1610 3785 1972 3846 concedendi
2015 3785 2247 3849 litteras
2269 3787 2363 3849 di-

826 3872 1185 3935 missoriales
1210 3874 1408 3937 fuerat
1447 3895 1483 3937 a
1506 3875 1688 3938 Sacra
1715 3876 2188 3959 Congregatione
2216 3882 2359 3961 Epi·

818 3985 1157 4055 scoporum,
1183 3976 1241 4030 et
1267 3968 1658 4049 Regularium
1684 3969 1908 4032 directa
1935 3972 2179 4033 Vicario
2211 3975 2365 4053 Apo-

819 4061 1026 4123 stolico
1048 4061 1372 4142 Aquilano:
1397 4083 1656 4143 cumque
1678 4063 1913 4127 litterae
1938 4065 2366 4130 dimissoriales

819 4155 1047 4217 fuerint
1092 4156 1403 4236 expeditae
1435 4158 1513 4218 ab
1556 4158 1993 4221 Archidiacono
2035 4162 2363 4223 Antouello

820 4248 1165 4310 Provicario
1189 4297 1205 4319 ‚
1242 4268 1315 4310 ex
1343 4268 1467 4329 quo
1497 4250 1776 4312 Vicarius
1810 4253 2185 4332 Apostolicus
2217 4257 2362 4317 abe-

822 4350 958 4416 rat,
987 4354 1047 4404 et
1072 4353 1201 4404 erat
1229 4342 1293 4403 in
1330 4342 1583 4406 Civitate
1609 4345 1909 4426 Aprutina
1957 4347 2216 4412 distante
2254 4371 2361 4431 per

819 4435 1299 4517 vigintiquatuor
1330 4435 1616 4499 milliaria
1657 4457 1694 4499 a
1728 4437 1982 4501 Civitate
2007 4442 2313 4522 Aquilana
2342 4490 2362 4519 ,

820 4529 1081 4591 infertur
1102 4583 1118 4607 ,
1145 4529 1307 4610 quod
1334 4529 1637 4592 ordinatio
1662 4529 1817 4592 facta
1844 4532 1908 4592 in
1933 4534 2238 4613 sequelam
2263 4536 2362 4598 di-

818 4632 1051 4685 ctarum
1080 4623 1417 4685 litterarum
1448 4623 1939 4686 dimissorialium
1964 4628 2043 4689 sit
2082 4626 2364 4694 habenda

818 4734 932 4796 pro
954 4716 1162 4778 illicita
1182 4760 1199 4777 .
1800 4787 1805 4792 ,

937 4810 1118 4872 Haud
1143 4819 1433 4894 urgente,
1465 4812 1625 4893 quod
1660 4812 2134 4876 Archidiaconus
2172 4817 2363 4878 Anto-

818 4903 1016 4966 nellus
1042 4904 1239 4966 fuerat
1264 4914 1543 4967 oretenus
1558 4905 1780 4968 electus
1798 4906 1863 4966 in
1891 4907 2305 4971 Provicarium
2326 4929 2363 4974 a

821 4997 1064 5060 Vicario
1093 4997 1398 5079 Aquilano
1429 5044 1447 5073 ,
1484 5018 1622 5060 cum
1649 5000 2190 5065 communicatione
2228 5023 2360 5065 om-

818 5092 992 5153 nium
1020 5092 1372 5154 facultatum
1399 5139 1415 5165 ,
1450 5101 1577 5154 tum
1611 5094 1756 5175 quia
1783 5098 1897 5157 sub
1934 5095 2048 5158 hac
2089 5117 2360 5160 commu-

819 5184 1118 5246 nicatione
1163 5185 1590 5264 comprehendi
1623 5206 1741 5248 non
1789 5197 2018 5268 poterat
2064 5191 2362 5254 concessio

819 5276 1160 5339 litterarum
1199 5278 1696 5340 dimissorialium
1723 5325 1740 5354 ,
1789 5291 1996 5362 utpote
2044 5286 2361 5350 commissa

816 5370 1072 5434 arbitrio
1098 5371 1322 5434 Vicarii
1355 5372 1700 5452 Apostolici,
1730 5386 1789 5436 et
1807 5376 2032 5439 directa
2062 5378 2139 5441 ad
2161 5379 2360 5442 Colla-

818 5462 1041 5525 tionem
1065 5464 1297 5546 primae
1325 5466 1662 5543 Tonsurae,
1691 5477 1752 5532 et
1782 5470 1869 5532 sic
1889 5470 1967 5534 ad
1999 5472 2360 5538 constituen-

1957 510 1983 577 f
2019 533 2463 602 Qussssrlomns
2501 534 2858 586 CANONJCAE

2467 686 2612 746 dum
2643 686 2910 768 aliquem
2937 685 3000 745 in
3025 683 3320 746 Ecclesiae
3346 684 3691 747 Ministrnm
3712 730 3727 755 ,
3753 683 3841 746 uti
3876 703 4015 765 pro-

2467 780 2570 841 bat
2591 789 2786 841 textus
2814 784 2875 840 in
2896 801 3021 860 cap.
3043 780 3205 860 final.
3222 778 3286 860 §.
3312 780 3366 840 Is
3388 791 3596 849 autem,
3623 782 3811 857 ibique
3826 778 4010 841 Gloss.

2466 875 2530 931 in
2555 875 2714 932 verbo
2741 883 2803 932 ut
2825 875 3192 953 personaliter
3214 874 3278 933 dc
3308 874 3512 952 officio,
3543 883 3593 932 ct
3615 884 3807 952 potest.
3836 874 4013 935 Jmti-

2466 970 2545 1027 cis
2577 969 2817 1045 deleqati
2835 1010 2852 1027 .

2585 1061 2736 1121 Tum
2760 1060 2903 1139 quia
2927 1058 3072 1121 haec
3094 1078 3219 1120 esse
3237 1059 3476 1120 videtur
3495 1059 3742 1120 differen
3753 1060 3832 1122 tia
3857 1061 4017 1121 inter

2470 1154 2884 1216 Provicarium
2912 1174 2946 1216 a
2973 1154 3155 1216 Sacra
3184 1153 3655 1235 congregatione
3691 1155 4016 1235 Episcopo-

2468 1267 2605 1307 rum
2633 1294 2650 1319 ‚
2670 1257 2728 1309 et
2762 1247 3154 1328 Regularium
3185 1246 3440 1309 electum
3462 1292 3478 1318 ,
3506 1258 3565 1308 et
3600 1247 4018 1309 Provicarium

2467 1341 2694 1421 abipso
2715 1341 2964 1403 Vicario
2988 1343 3340 1421 deputatum
3365 1387 3381 1414 ‚
3412 1340 3573 1420 quod
3602 1340 3664 1400 in
3693 1341 3888 1421 primo
3914 1362 4020 1404 ca·-

2469 1456 2538 1497 su
2569 1435 2949 1497 Provicarius
2969 1435 3185 1515 exequi
3215 1444 3403 1515 potest
3428 1436 3906 1496 commissionem
3933 1436 4013 1497 ad

2469 1530 2663 1608 ipsum
2701 1528 3010 1589 vicarium
3035 1528 3321 1590 directam
3351 1574 3367 1600 ,
3397 1528 3558 1608 quod
3592 1538 3788 1589 tamen
3823 1528 4021 1591 facere

2473 1643 2591 1684 non
2627 1632 2815 1703 potest
2842 1623 2907 1684 in
2929 1623 3188 1684 secundo
3206 1668 3223 1695 ,
3250 1624 3426 1705 juxta
3453 1622 3805 1684 Theoricam
3828 1623 4013 1685 Decis.

2470 1721 2534 1778 in
2562 1738 2688 1797 cap.
2711 1719 2980 1796 quoniam
3003 1717 3188 1778 Abbas
3218 1737 3255 1777 a
3275 1736 3434 1777 aum.
3466 1722 3564 1778 78.
3595 1719 3671 1778 ad
3698 1722 3796 1778 st.
3822 1720 3887 1779 de
3910 1717 4019 1797 Of-

2471 1814 2597 1894 ficio
2626 1814 2866 1891 deleqati
2889 1855 2906 1871 .

2593 1905 2756 1967 Haec
2785 1913 2967 1979 sunt,
3011 1924 3168 1984 quae
3196 1904 3580 1967 continentur
3615 1905 3679 1966 in
3719 1907 4016 1987 scriptura

2473 1998 2804 2061 Sacerdotis
2829 1998 3071 2077 Josephi
3102 1999 3148 2059 F
3152 1999 3370 2060 actoris
3397 2018 3413 2059 ε
3454 2000 3530 2061 de
3555 2000 3798 2081 juribus
3819 2012 4020 2063 autem

2471 2092 2798 2173 Hyacinthi
2838 2091 3077 2153 nullum
3127 2094 3383 2154 verbum
3414 2093 3545 2155 fieri
3589 2102 3826 2173 potest,
3880 2116 4019 2158 cum

2471 2187 2677 2248 eadem
2709 2206 2830 2247 non
2853 2186 3085 2247 fuerint
3126 2186 3459 2249 Secretario
3498 2187 3769 2248 exhibita
3790 2234 3807 2261 ,
3866 2189 4017 2252 itaut

2473 2281 2692 2341 nedum
2716 2297 2825 2358 pro
2847 2279 2959 2340 hac
2983 2325 3001 2350 ,
3027 2279 3130 2341 sed
3161 2298 3271 2358 pro
3311 2280 3593 2341 omnibus
3635 2280 3772 2342 aliis
3814 2282 4023 2345 Causis

2470 2373 2852 2435 contentiosis
2881 2373 2941 2433 in
2969 2371 3116 2433 folio
3142 2373 3569 2447 describendis,
3612 2374 3770 2436 idem
3794 2375 4021 2437 humil-

2472 2467 2616 2528 lime
2638 2468 2852 2529 Sacrae
2874 2466 3165 2546 supplicet
3184 2468 3666 2550 Congregationi,
3692 2478 3757 2531 ut
3775 2469 4026 2550 aliquod

2469 2561 2742 2642 capiatur
2768 2570 3331 2640 temperamentum,
3359 2581 3463 2624 seu
3486 2571 3557 2624 ut
3584 2563 3823 2626 debitae
3842 2585 4015 2629 man-

2471 2659 2691 2719 dentur
2714 2655 3055 2718 executioni
3093 2656 3342 2735 repetita
3378 2655 3562 2738 hujus
3593 2657 3724 2720 Sac.
3756 2659 4023 2741 Congre-

2468 2751 2724 2833 gationis
2748 2750 2941 2811 edicta
2977 2749 3052 2812 de
3076 2751 3591 2813 communicandis
3631 2752 3878 2833 juribus
3923 2754 4016 2815 ei-

2467 2846 2602 2908 dem
2626 2845 2957 2907 Secretario
2988 2854 3251 2923 tempore
3272 2864 3538 2925 congruo
3561 2891 3579 2918 ,
3608 2855 3667 2907 et
3693 2857 4022 2927 antequam

2467 2940 2684 3002 folium
2704 2939 3090 3001 extendatur:
3126 2944 3232 2999 aut
3275 2937 3439 2998 enim
3475 2957 3585 3016 pro
3630 2937 3761 2999 folii
3810 2948 4023 3002 exten-

2466 3034 2636 3097 sione
2654 3031 2954 3113 expectari
2977 3030 3155 3091 debet
3177 3076 3195 3104 ,
3230 3031 3394 3110 quod
3433 3032 3513 3092 ab
3551 3040 3810 3113 utraque
3837 3044 4011 3115 parte

2469 3128 2803 3208 scripturae
2846 3124 3367 3188 communicentur
3391 3171 3408 3200 ,
3433 3132 3493 3189 et
3515 3125 3596 3188 ab
3625 3126 3807 3189 unius
3834 3129 4023 3208 partis

2472 3221 2844 3285 contumacia
2883 3219 3015 3282 fieri
3044 3227 3272 3299 potest,
3303 3220 3465 3300 quod
3489 3221 3680 3283 Causa
3707 3241 4022 3303 nunquam

2471 3319 2538 3380 in
2579 3317 2726 3379 folio
2748 3314 3124 3377 describatur
3148 3361 3166 3385 ,
3195 3322 3302 3375 aut
3330 3313 3546 3376 folium
3576 3324 3664 3377 est
3689 3318 4019 3379 extenden-

2471 3413 2618 3476 dum
2637 3409 2922 3472 exhibitis
2950 3415 3183 3470 tantum
3210 3407 3455 3490 juribus
3487 3409 3668 3469 unius
3704 3410 3891 3488 partis
3915 3459 3933 3482 ,
3965 3420 4026 3475 et

2472 3504 2841 3587 impossibile
2869 3511 3000 3574 est,
3047 3501 3209 3582 quod
3238 3504 3554 3564 ambarum
3586 3502 3851 3581 partium
3878 3505 4023 3586 jura

2472 3600 2536 3661 in
2563 3598 2706 3661 folio
2727 3595 3090 3670 referantur,
3125 3603 3184 3656 et
3203 3595 3447 3675 quando
3472 3594 3657 3655 unius
3679 3596 3867 3674 partis
3895 3606 4024 3659 tan·

2470 3703 2599 3757 tum
2620 3694 2762 3775 jura
2798 3692 2859 3751 in
2898 3689 3043 3751 folio
3072 3687 3418 3750 referuntur
3445 3733 3464 3761 ‚
3494 3687 3685 3751 altera
3713 3689 4023 3753 oblivisci-

2472 3798 2573 3849 tur
2605 3805 2749 3848 suae
2775 3785 2837 3845 in
2881 3783 3255 3845 exhibitione
3288 3783 3523 3844 Jurium
3571 3786 4021 3860 contumaciae,
4121 3779 4122 3782 '

2469 3891 2526 3943 et
2558 3880 2779 3962 palam,
2812 3878 2948 3939 licet
2973 3877 3383 3957 injustissime,
3409 3878 3826 3957 conqueritur,
3852 3881 4017 3960 quod

2469 3994 2577 4036 sua
2605 3976 2748 4056 jura
2782 3970 3016 4034 infolio
3037 3990 3156 4032 non
3190 3970 3418 4032 fuerint
3452 3972 3705 4033 deducta
3725 4015 3742 4031 .

2587 4065 2679 4128 Ad
2716 4083 2842 4125 rem
2874 4072 3076 4125 autem
3103 4063 3442 4135 redeundo,
3471 4065 3816 4143 quaeritur:

2485 4145 2490 4150 ⁴
2588 4160 2682 4219 An
2711 4157 3078 4239 Hyacinthus
3100 4158 3175 4216 sit
3202 4157 3350 4217 licite
3380 4156 3753 4230 sommam,
3775 4161 3842 4219 ia
3862 4179 4016 4222 casu.

2576 4338 2727 4387 Sacra
2756 4334 2953 4401 Congr.
2976 4331 3064 4383 die
3088 4333 3141 4383 7.
3172 4330 3500 4398 Septembris
3529 4333 3689 4385 172⁰.
3718 4335 4024 4403 respondit=

2650 4422 2929 4490 Negative,
2951 4432 3003 4471 et
3020 4419 3248 4487 praevia
3274 4420 3625 4473 relaxatione
3652 4421 4028 4494 Sus-pensionis

2466 4531 2576 4565 esse
2601 4527 2857 4582 capacem
2885 4505 3182 4574 Beneficii.

2902 4651 3261 4733 QUAESTIO
3303 4655 3604 4719 CLXXX.

2548 4821 2621 4881 In
2649 4817 2842 4881 cama
2867 4816 3255 4898 Neapolitana
3276 4813 3677 4894 sponsalium,
3702 4817 3791 4878 die
3831 4821 3926 4879 13.

3059 4909 3218 4972 Ιιιιίἱ
3251 4913 3425 4971 1720.

2469 5049 2685 5164 Anna
2707 5097 3035 5160 Carminati
3068 5097 3167 5159 die
3218 5101 3312 5158 18.
3358 5095 3507 5157 Julii
3555 5099 3729 5157 1714.
3784 5096 4020 5163 instetit

2468 5214 2671 5258 coram
2721 5193 2964 5256 Vicario
3011 5190 3292 5254 Generali
3332 5187 3765 5270 Neapolitano,
3807 5210 3883 5253 ne
3908 5238 3926 5267 ,
3957 5213 4024 5256 se

2473 5289 2746 5351 inaudita
2772 5334 2789 5361 ,
2843 5289 3091 5350 daretur
3148 5281 3402 5347 facultas
3453 5282 3671 5345 Joanni
3721 5285 4022 5366 Baptistae

2474 5383 2829 5445 Brancaccio
2860 5379 3316 5444 Matrimonium
3333 5376 3725 5439 contrahendi
3742 5399 3878 5441 cum
3899 5380 4023 5445 alia

2470 5477 2735 5539 foemina
2758 5523 2777 5553 ,
2806 5477 2921 5538 sub
2961 5476 3211 5537 obtentu
3237 5518 3256 5547 ,
3290 5471 3456 5553 quod
3482 5491 3685 5535 secum
3720 5475 4025 5556 sponsalia
