4393 6299
975 531 1007 575 R
1942 554 1947 565 =
1977 530 2429 596 Qt'AEsTlomts
2467 528 2828 583 CANONtcAE

907 685 1120 745 Secuto
1154 685 1476 746 Testatoris
1495 683 1690 752 obitu,
1730 684 2015 744 Passarus
2033 690 2339 754 executor,

2569 681 2954 744 Contendunt
2983 682 3286 746 Haeredes
3325 685 3625 748 Francisci
3659 688 3911 762 Vatini,
3933 708 4002 750 a·

788 801 861 843 eo
887 780 1002 841 sub
1040 780 1288 843 obtentu
1320 826 1336 847 ,
1367 780 1529 860 quod
1569 779 1829 841 Ecclesia
1873 778 2159 839 fabricari
2218 797 2336 839 non
2450 777 2702 856 ptiorem
2734 798 2859 839 esse
2890 779 3085 840 locum
3112 780 3191 841 ab
3229 780 3373 860 ipsis
3412 782 3669 844 electum
3711 804 3822 863 pro
3855 804 4002 846 con-

789 881 985 957 posset
1006 875 1069 935 in
1100 875 1229 936 loco
1256 894 1290 936 a
1319 875 1626 937 Testatore
1652 873 1838 935 electo
1862 919 1878 941 ,
1902 881 1961 934 et
1990 872 2054 933 in
2102 890 2225 951 quo
2253 880 2342 933 est

793 972 999 1051 lunago
1027 977 1393 1031 memoratae
1418 969 1802 1030 Beatissimae
1828 967 2102 1050 Virginis
2141 973 2338 1050 Ange·-

790 1067 988 1128 lorum
1001 1115 1014 1135 ,
1029 1086 1101 1127 ex
1125 1084 1249 1146 quo
1269 1064 1543 1126 inhaeret
1560 1063 1732 1124 lateri
1757 1062 1928 1124 collis
1942 1062 2065 1125 fere
2076 1063 2334 1135 ruinosi,

787 1161 1092 1225 licentiam
1118 1161 1197 1221 ab
1237 1159 1531 1238 Episcopo
1563 1160 1799 1238 Ripano
1825 1207 1839 1225 .
1872 1157 1980 1239 qui
2021 1168 2160 1219 tunc
2196 1157 2332 1220 Fir-

788 1276 1032 1317 manam
1058 1254 1385 1316 Dioecesim
1415 1253 1916 1327 administrabat,
1963 1254 2333 1335 reportavit,

785 1350 1037 1411 eandem
1069 1348 1393 1410 Ecclesiam
1436 1347 1772 1409 fabricandi
1822 1348 1886 1408 in
1921 1347 2112 1410 altero
2156 1347 2285 1409 solo
2314 1392 2331 1421 ‚

784 1445 865 1506 ab
914 1443 1183 1523 {megine
1228 1440 1490 1503 distante
1530 1460 1635 1522 per
1677 1458 1885 1520 passus
1933 1440 2327 1523 geometricos

785 1544 1026 1600 centum
1055 1534 1313 1617 viginti,
1363 1544 1424 1596 et
1463 1535 1543 1599 ab
1573 1534 1812 1617 Oppido
1855 1554 1964 1616 per
2000 1554 2210 1616 passus
2241 1535 2336 1596 bis

782 1638 1024 1694 centum
1047 1630 1523 1712 quinquaginta.
1875 1707 1883 1716 ⁵

904 1723 1223 1804 Displicnit
1245 1724 1392 1785 baec
1410 1723 1525 1784 loci
1546 1721 1934 1785 commutatio
1953 1722 2335 1787 Haeredibus

785 1824 1086 1887 Francisci
1113 1821 1314 1887 vanni
1344 1866 1361 1893 ,
1416 1830 1544 1882 tum
1573 1821 1720 1902 quia
1764 1830 2010 1902 propter
2040 1823 2335 1903 majorem

784 1920 865 1984 ab
887 1918 1123 2000 Oppido
1150 1916 1497 1979 distantiam
1532 1917 1660 1997 ejus
1698 1916 2068 1978 habitatores
2103 1917 2334 1979 incom-

782 2016 1032 2078 modum
1057 2011 1288 2094 passuri
1308 2011 1693 2082 dicebantur,
1727 2019 1853 2072 tum
1878 2012 2024 2092 quia
2052 2032 2188 2074 cum
2219 2012 2334 2093 ipsi

781 2111 1068 2176 bac-redes
1097 2108 1161 2169 in
1189 2107 1314 2168 vim
1342 2106 1706 2168 Testamenti
1740 2113 2055 2168 teneantur
2076 2106 2339 2169 celebra·

782 2209 834 2266 ri
866 2205 1062 2266 facere
1097 2201 1309 2263 Missas
1336 2200 1400 2260 in
1442 2199 1704 2262 Ecclesia
1754 2199 2128 2264 aedificanda
2151 2248 2168 2273 ,
2218 2201 2333 2263 loci

780 2296 1310 2359 commutationem
1330 2293 1760 2355 existimabant
1776 2294 2019 2360 sibimet
2030 2295 2161 2357 fore
2182 2315 2334 2375 prae-

773 2390 1124 2477 jndicialem
1148 2438 1164 2460 ‚
1191 2389 1468 2469 factaque
1491 2389 1712 2450 idcirco
1739 2389 2047 2452 oblatione
2080 2391 2295 2454 domus
2313 2438 2331 2466 ,

778 2508 962 2569 quam
994 2486 1299 2567 possident
1321 2504 1505 2564 prope
1523 2485 1554 2542 J
1561 2504 1783 2546 anuam
1806 2485 2006 2547 Sancti
2032 2486 2329 2561 Andreae,

776 2594 846 2647 nt
888 2585 949 2644 in
982 2601 1052 2644 ea
1090 2599 1283 2641 novae
1332 2578 1630 2643 Ecclesiae
1676 2580 2041 2645 constructio
2090 2580 2333 2662 impleri

776 2678 983 2761 possit,
1010 2675 1341 2761 habitoque
1363 2673 1621 2739 subinde
1638 2674 1711 2735 ad
1734 2674 1890 2738 hanc
1910 2675 2153 2739 Sacram
2175 2675 2333 2737 Con-

775 2771 1187 2856 gregationem
1227 2788 1470 2830 recursu
1503 2814 1518 2839 ,
1543 2768 1691 2835 baec
1719 2817 1733 2839 ,
1766 2770 2009 2850 praevia
2041 2770 2335 2834 relatione

778 2865 1223 2946 Arcbiepiscopi
1282 2862 1596 2934 Firmani,
1636 2864 1833 2926 eidem
1859 2865 2207 2939 commisit,
2264 2873 2337 2928 ut

779 2964 937 3026 veris
962 2960 1360 3023 existentibus
1379 2958 1661 3031 narratis,
1679 2967 1735 3019 et
1760 2961 2137 3040 praesertim,
2162 2962 2328 3043 quod

778 3056 1042 3120 Ecclesia
1071 3055 1137 3115 in
1168 3053 1297 3114 loco
1329 3072 1363 3113 a
1391 3054 1697 3113 Testatore
1735 3053 2036 3135 assignato
2063 3055 2331 3117 construi

779 3173 898 3213 non
926 3157 1141 3231 posset,
1158 3147 1504 3210 facultatem
1526 3147 1825 3227 impertiri
1844 3149 2074 3212 valeret
2096 3170 2207 3230 pro
2223 3170 2335 3215 suo

774 3245 1033 3313 arbitrio
1060 3293 1077 3316 ,
1124 3254 1185 3306 et
1226 3242 1591 3305 conscientia
1623 3287 1639 3315 ‚
1691 3244 1946 3306 eandem
1999 3244 2329 3310 Ecclesiam

775 3338 1135 3403 aedificandi
1184 3337 1247 3398 in
1268 3338 1447 3399 domo
1471 3338 1550 3403 ab
1594 3337 1973 3402 Haeredibus
1995 3339 2330 3422 designata,

775 3446 834 3496 et
867 3432 1402 3513 Archiepiscopus,
1452 3442 1630 3494 utens
1678 3433 1936 3498 arbitrio
1979 3434 2097 3497 sibi
2141 3436 2284 3498 dato
2310 3483 2329 3512 ,

780 3529 1001 3596 annnit
1031 3527 1262 3607 petitis.

899 3623 1075 3682 Hisce
1121 3639 1247 3682 sese
1306 3629 1717 3700 opposuerunt
1781 3641 1982 3682 coram
2033 3623 2330 3687 Auditore

771 3714 1166 3786 Sanctissimi,
1199 3723 1327 3774 tum
1354 3715 1638 3776 Passarus
1666 3715 1989 3788 Executon
2016 3726 2143 3780 tum
2176 3718 2332 3780 Hae·

769 3812 945 3885 redes
968 3809 1233 3889 Philippi
1260 3808 1463 3871 Vanni
1488 3807 1696 3870 fratris
1722 3811 2067 3886 Testatoris3
2092 3811 2195 3876 ille
2215 3815 2331 3876 sub

771 3908 1199 3977 fundamento,
1230 3904 1391 3988 quod
1412 3949 1427 3974 ,
1458 3923 1520 3965 se
1563 3904 1839 3967 inaudito
1863 3954 1878 3977 ,
1923 3906 2141 3970 Sacrae
2170 3908 2331 3970 Con-

769 3999 1136 4085 gregationis
1160 3997 1468 4070 resolutio,
1497 4005 1555 4059 et
1580 3998 2023 4080 Arcbiepiscopi
2056 4003 2329 4065 Firmani

773 4099 1091 4160 Decretum
1117 4092 1520 4173 prodiissent3
1554 4093 1619 4154 bi
1655 4113 1799 4159 vero
1827 4098 1940 4154 sub
1965 4096 2086 4158 alio
2118 4096 2331 4160 sunda-

771 4197 975 4251 mento
1000 4234 1016 4260 ‚
1056 4187 1219 4267 quod
1260 4188 1664 4249 controversia
1718 4188 1863 4253 haec
1906 4191 2213 4270 pertinens
2252 4193 2327 4257 ad

769 4283 1071 4346 Ecclesiae
1111 4281 1616 4346 constructionem
1657 4282 1873 4346 discuti
1914 4305 2036 4347 non
2091 4297 2325 4366 posset,

771 4378 887 4441 nisi
916 4383 1046 4458 post
1066 4375 1247 4439 aliam
1276 4373 1444 4445 litem
1471 4376 1854 4439 terminatam
1882 4425 1898 4451 ,
1925 4388 1984 4441 et
2008 4380 2070 4440 in
2105 4381 2327 4443 Tribu-

772 4473 898 4535 nali
932 4474 1004 4534 A.
1044 4469 1110 4532 C.
1144 4469 1550 4540 introductam
1578 4518 1592 4543 ,
1621 4491 1806 4553 quam
1838 4473 1982 4537 huic
2018 4476 2326 4557 praejudi-

771 4567 985 4629 cialem
1024 4563 1402 4657 asserebant:
1445 4565 1548 4626 sed
1582 4585 1717 4626 cum
1766 4567 1842 4628 ad
1886 4570 2328 4649 amputandam

770 4676 1221 4744 quamcumque
1251 4649 1606 4725 dilationem
1628 4705 1645 4732 ,
1682 4658 1989 4724 Haeredes
2018 4663 2325 4727 Francisci

773 4757 829 4813 V
834 4754 978 4817 anni
1004 4752 1327 4815 Testatoris
1349 4799 1366 4824 ,
1391 4772 1454 4814 se
1481 4763 1808 4836 promptos,
1839 4766 2198 4846 paratosque
2224 4778 2328 4820 ex·

771 4848 1089 4919 hibuerint
1114 4847 1190 4908 ad
1215 4846 1542 4918 Ecclesiam
1569 4868 1708 4912 aere
1731 4850 1977 4929 proprio
1994 4851 2326 4914 aedifican-

769 4946 947 5013 dam,
990 4941 1451 5015 consentiendo,
1483 4950 1549 5003 ut
1584 4942 1863 5014 interim,
1912 4953 1974 5005 et
2022 4944 2085 5005 ln
2132 4944 2334 5009 forma

772 5037 1026 5119 depositi
1052 5035 1313 5117 pretium
1331 5035 1601 5098 locorum
1624 5038 1925 5102 montium
1945 5033 2322 5122 erogandum

773 5135 838 5196 in
873 5130 1175 5198 Ecclesiae
1219 5130 1725 5195 constructionem
1766 5141 2106 5197 remaneret
2140 5153 2323 5215 penes

774 5230 1092 5290 Passarum
1126 5226 1524 5290 Executorem
1541 5227 2108 5302 Testamentarium,
2135 5230 2330 5292 Audi-

779 5333 871 5386 tor
899 5319 1268 5384 Sanctissimi
1297 5366 1313 5392 ,
1351 5319 1530 5383 firmo
1559 5330 1907 5384 remanente
1935 5322 2097 5386 dicto
2140 5324 2327 5405 depo·

777 5419 925 5489 sito,
956 5434 1198 5476 causam
1229 5415 1304 5482 ad
1329 5414 1486 5477 banc
1517 5415 1760 5478 Sacram
1788 5417 2328 5500 Congregationem

778 5509 1009 5584 remisit
1029 5528 1210 5592 super
1233 5518 1452 5597 puncto
1471 5512 1956 5586 commutationis
1972 5513 2323 5581 voluntatis.

2446 872 2776 933 structione
2805 873 3140 942 Ecclesiae,
3187 878 3592 956 comparative
3634 879 3711 940 ad
3756 879 3945 941 alium
3979 925 3996 953 ,

2447 965 2508 1025 in
2539 986 2661 1046 quo
2686 968 2968 1028 passarus
2991 968 3070 1029 ab
3093 970 3385 1050 Episcopo
3414 971 3649 1051 Ripano
3677 973 3945 1036 obtinuit
3976 1019 3993 1047 ,

2445 1070 2513 1122 ut
2535 1060 2798 1126 Ecclesia
2818 1071 3303 1139 construeretur;
3333 1066 3496 1146 quod
3525 1077 3898 1148 assumptum
3929 1077 3999 1132 ut

2443 1156 2859 1234 comprobent,
2880 1156 3445 1222 animadvertendas
3469 1171 3839 1241 proponunt,
3871 1171 4000 1226 tum

2444 1249 2754 1312 meliorem
2777 1251 2926 1313 situs
2944 1271 2982 1314 a
3008 1272 3072 1313 se
3100 1253 3385 1335 assignati
3405 1257 3794 1336 capacitatem
3825 1306 3843 1329 ,
3871 1266 3999 1320 tum

2445 1344 2742 1409 minorem
2767 1345 3318 1411 incommoditatem
3338 1357 3459 1412 tam
3487 1351 3826 1417 incolarum
3865 1352 3992 1435 Op-

2447 1438 2571 1518 pidi
2595 1439 2797 1500 Sancti
2821 1440 3065 1523 Georgii
3095 1486 3112 1513 ,
3149 1461 3337 1522 quam
3368 1443 3757 1507 Sacerdotum
3789 1447 4002 1511 Missas

2444 1532 2508 1592 in
2543 1552 2700 1595 nova
2721 1533 2986 1599 Ecclesia
3011 1535 3321 1599 celebrare
3342 1537 3721 1613 debentium,
3751 1549 3814 1603 et
3836 1543 3999 1622 quod

2443 1627 2699 1690 ulterius
2728 1629 2794 1689 in
2826 1628 2928 1692 via
2974 1629 3038 1690 S.
3075 1631 3389 1704 Andreae,
3436 1632 3512 1695 ad
3552 1653 3742 1714 quam.
3786 1636 3997 1699 dicunt

2443 1723 2809 1784 Testatorem
2830 1723 3177 1803 respexisse,
3201 1732 3261 1786 et
3281 1725 3346 1786 in
3368 1744 3489 1806 qua
3513 1737 3856 1807 proponunt
3879 1730 3995 1791 Ec-

2442 1815 2658 1878 clesiae
2684 1816 3159 1880 aedificationem
3179 1864 3198 1892 ,
3226 1819 3393 1881 nulla
3423 1820 3544 1883 alia
3575 1822 3779 1885 existit
3801 1824 3999 1887 Eccle-

2443 1910 2531 1971 sia
2557 1958 2572 1981 ,
2606 1910 2670 1970 in
2699 1929 2819 1991 qua
2845 1911 3026 1974 Missa
3044 1912 3381 1974 celebretur
3403 1922 3640 1994 praeter
3666 1916 3993 1981 Ecclesiam

2444 2005 2801 2071 Monialium
2823 2006 3024 2068 Sancti
3046 2008 3343 2080 Andreae,
3368 2008 3431 2069 in
3457 2028 3578 2090 qua
3608 2010 3787 2072 unica
3809 2012 3994 2073 Missa

2446 2099 2668 2160 dicitur
2694 2119 2805 2179 pro
2837 2100 3228 2174 Monialibns,
3253 2102 3394 2167 licet
3416 2102 3481 2163 in
3509 2104 3718 2165 eadem
3751 2105 3853 2167 via
3884 2114 4006 2167 ter·

2442 2202 2683 2255 centum
2706 2194 2947 2256 circiter
2975 2195 3252 2258 habitent
3274 2197 3572 2260 Personae
3598 2243 3616 2269 ,
3658 2198 3907 2278 quando
3936 2198 4000 2263 in

2437 2286 2568 2348 loco
2609 2288 2687 2349 ab
2722 2290 3056 2352 Executore
3097 2289 3285 2353 electo
3312 2310 3425 2371 pro
3459 2311 3651 2354 novae
3697 2292 3999 2357 Ecclesiae

2441 2382 2886 2444 constructione
2904 2383 3025 2445 alia
3065 2384 3368 2463 reperitur
3416 2385 3682 2449 Ecclesia
3705 2431 3721 2457 ,
3759 2387 3826 2446 in
3867 2404 3994 2467 qua

2440 2475 2595 2541 duae
2613 2475 2831 2538 Missae
2859 2476 3134 2557 qualibet
3156 2477 3533 2541 bebdomada
3553 2479 3943 2543 celebrantur
3971 2525 3990 2554 ,

2439 2578 2679 2653 praeter
2703 2570 2869 2633 illam
2895 2617 2911 2643 ,
2943 2590 3100 2652 quae
3133 2571 3347 2633 diebus
3375 2571 3605 2635 festivis
3631 2574 3859 2635 dicitur
3884 2594 3998 2655 pro

2441 2662 2674 2743 Populo
2722 2664 2964 2728 Rustico
3008 2685 3118 2747 per
3157 2666 3590 2748 Cappellanum
3638 2668 4000 2735 Communi-⁴

2444 2759 2613 2823 tatis.
3993 2782 3996 2785 ·

2559 2852 2890 2926 Quaeritur
2927 2852 3136 2933 itaque

2557 2946 2676 3016 Aa,
2699 2957 2752 3006 ct
2777 2946 3046 3024 quomodo
3074 2948 3150 3005 sit
3179 2948 3328 3006 locus
3353 2951 3780 3009 commutationi
3808 2953 4004 3010 wlan-
4048 3013 4051 3018 ,

2441 3043 2577 3102 tatis
2608 3043 2782 3101 bonae
2819 3060 2982 3103 mem.
3017 3040 3307 3104 francisci
3343 3039 3579 3103 Marini
3622 3043 3688 3104 dc
3749 3043 4007 3117 Vanm‘s,

2444 3137 2510 3199 in
2536 3156 2674 3198 casu
2701 3144 2807 3197 otc.
2867 3137 2878 3141 ⁴

2548 3299 2686 3350 Sacr.
2715 3297 2911 3367 Congr.
2943 3296 3030 3349 die
3059 3297 3141 3351 12.
3172 3297 3333 3350 Febr.
3367 3300 3519 3351 ¹718.
3550 3301 3853 3366 Remorum

2622 3382 2981 3453 ffssrman'oe
2993 3383 3166 3451 juxta
3203 3388 3398 3437 Votum
3427 3386 3883 3453 Arclziepiscopi,
3927 3404 4007 3439 re·

2432 3477 2646 3525 servato
2670 3473 2803 3541 jure
2827 3471 3142 3524 Execueori
3180 3473 3615 3525 Testamentart‘o
3657 3474 4005 3544 adimplenda*

2436 3562 2783 3613 voluntatem
2815 3558 3120 3616 rese-toris
3142 3559 3201 3614 in
3227 3559 3393 3613 domo
3419 3560 3488 3612 ab
3519 3561 3849 3617 haeredibus
3876 3566 4009 3618 assi*-

2432 3662 2625 3719 gnata.

2938 3780 3300 3858 QUAESTIO
3350 3781 3489 3846 vn.

2478 3939 2552 4000 In
2578 3939 2772 4002 Causa
2803 3939 3128 4002 Ferrarien.
3153 3939 3568 4021 Applicatiom's
3591 3937 3921 4004 Missurum
3947 3994 3963 4015 ‚
3997 3941 4007 3964 '

2898 4036 2989 4096 die
3021 4039 3116 4099 12.
3144 4034 3306 4095 Febr.
3343 4039 3518 4095 1718.
3827 4047 3828 4056 ’

2439 4136 2840 4256 Calamellus
2895 4193 2970 4254 de
3023 4191 3401 4264 Calamellis,
3456 4201 3587 4272 post
3637 4195 4000 4264 fabricatam¹

2439 4307 2602 4348 anno
2635 4292 2808 4349 1348.
2853 4287 3202 4368 Cappellam
3241 4287 3306 4348 in
3335 4285 3686 4351 Cathedrali
3729 4291 4014 4354 Ecclesia·
4113 4297 4116 4300 ’

2438 4380 2814 4450 ferrariensi
2839 4382 2954 4442 sub
2980 4381 3360 4443 invocatione
3384 4380 3489 4442 SS.
3513 4382 3770 4444 loannis
3789 4386 3998 4444 Evan-

2437 4476 2684 4557 gelistae
2708 4522 2725 4547 ,
2757 4485 2816 4537 et
2848 4475 3095 4536 Antonii
3140 4475 3504 4538 Viennensis
3529 4525 3544 4547 ‚
3593 4477 3745 4539 duas
3773 4478 3836 4538 in
3889 4476 3996 4539 illa

2437 4569 2718 4634 fundavit
2745 4569 3187 4651 Cappellanias,
3209 4569 3393 4631 aliam
3419 4571 3649 4632 reditus
3680 4581 3990 4639 scutorum

2438 4673 2703 4737 centum,
2735 4663 2917 4727 aliam
2942 4663 3172 4725 reditus
3199 4672 3505 4729 scutorum
3536 4664 3990 4747 quinquaginta

2438 4780 2575 4822 cum
2603 4779 2820 4832 onere,
2853 4758 3015 4841 quod
3053 4756 3398 4838 cappellani
3419 4807 3434 4828 ,
3468 4760 3652 4820 verba
3685 4769 3829 4820 sunt
3857 4760 3994 4820 fun·

2437 4853 2699 4922 dationis
2722 4899 2739 4926 ,
2794 4856 3056 4915 continue
3088 4853 3361 4914 celebrent
3396 4852 3610 4918 Missas
3635 4901 3652 4924 ,
3707 4856 3800 4916 ita
3845 4856 4002 4932 quod

2438 4950 2629 5009 dicbus
2660 4949 2958 5030 ferialibus
2982 4947 3303 5027 specialiter
3320 4965 3424 5025 pro
3441 4948 3639 5007 anima
3667 4949 3848 5026 ipsius
3875 4945 3995 5006 Ca-

2437 5045 2654 5108 lamone·
2679 5088 2697 5117 ,
2731 5042 2931 5105 Patris
2957 5087 2975 5115 ,
3020 5041 3348 5119 Mati-isque
3376 5059 3542 5108 suae,
3587 5040 3861 5101 Fratrum
3883 5085 3901 5109 ,
3939 5049 3996 5101 ct

2439 5137 2751 5207 Sororum,
2794 5155 3026 5198 suorum
3056 5134 3340 5214 Nepotem
3362 5177 3379 5204 ,
3409 5132 3871 5213 Propinquorum
3896 5178 3914 5204 ,
3941 5142 3998 5192 οε

2435 5231 2870 5310 Boncsactorum
2909 5249 3141 5291 suarum
3167 5276 3182 5296 ‚
3230 5238 3285 5289 ct
3333 5227 3606 5289 Dominae
3636 5225 4002 5287 catharinae

2434 5328 2553 5407 ejus
2598 5326 2812 5387 Uxoris
2838 5374 2853 5394 ‚
2896 5335 2946 5386 ct
2985 5326 3237 5384 omnium
3277 5320 3557 5382 Fidelium
3583 5320 3997 5398 Defenderam

2434 5421 2649 5485 Missas
2675 5422 2943 5481 celebrent
2971 5419 3376 5484 Mortuerum:
3396 5418 3544 5494 quod
3570 5418 3623 5476 si
3648 5416 3864 5492 suerint
3891 5434 3995 5475 no-

2435 5518 2703 5598 9liqentcs
2730 5561 2746 5587 ,
2788 5534 2892 5596 pro
2934 5514 3185 5603 qualibet
3225 5508 3341 5572 vico
3359 5511 3579 5574 solvant
3604 5509 3867 5577 denarios
3890 5528 3997 5574 sesa
