4393 6299
1679 476 2327 556 ousssrxo‘mt.
3358 494 3422 547 αι

394 656 515 699 non
564 636 642 700 de
677 637 861 719 jure,
898 657 1055 719 quae
1091 657 1210 699 non
1236 638 1475 701 videtur
1505 638 1634 701 tolli
1677 659 1845 721 posse
1870 659 1946 701 ex
2055 637 2418 702 Civitatibus
2467 641 2788 723 acquisivit
2814 688 2832 716 ,
2881 643 3068 725 vulgo
3115 643 3324 708 habita
3355 646 3472 711 suit
3503 670 3612 731 pro

393 732 687 796 relatione
710 734 975 796 duorum
1006 733 1366 806 Peritorum,
1396 742 1456 797 et
1482 754 1556 797 ex
1579 754 1824 797 rumore
1848 754 1948 796 ex-

393 828 759 910 trajudiciali
796 829 1139 893 commercii
1172 830 1469 904 carnalis,
1502 830 1694 893 babiti
1729 830 1808 892 ab
1843 828 1947 890 Al-

391 923 628 1004 pbonso
658 945 797 986 cum
822 926 1079 1006 Virgine
1100 926 1379 1008 Josepba.

508 1018 861 1082 Consimilis
889 1041 1058 1084 casus
1088 1021 1203 1083 fuit
1233 1021 1295 1082 in
1332 1021 1446 1084 bac
1477 1020 1658 1083 Sacra
1687 1018 1949 1099 Congre-

392 1111 639 1194 gatione
661 1115 961 1179 discussus
982 1118 1080 1179 die
1108 1122 1200 1178 16.
1225 1117 1369 1199 Maji
1400 1121 1573 1178 1711.
1599 1115 1660 1177 in
1686 1115 1949 1197 quadam

395 1208 590 1273 Causa
623 1209 881 1273 Oriolen.
910 1215 1360 1294 dispensationis.
1388 1215 1612 1275 Fuerat
1640 1211 1801 1273 enim
1827 1209 1947 1272 dis-

389 1302 661 1366 solutum
687 1307 1140 1370 matrimonium
1173 1315 1417 1389 propter
1442 1315 1797 1389 perpetuum
1835 1304 1948 1366 im·

389 1400 806 1481 pedimentum
830 1403 1210 1466 arctitudinis
1230 1400 1950 1483 foeminae3cumqueVir

391 1495 561 1558 aliud
610 1498 1067 1560 matrimonium
1130 1499 1523 1562 contraxisset
1554 1545 1572 1573 ,
1628 1498 1953 1580 pluresque

390 1592 539 1654 anni
569 1592 761 1675 elapsi
789 1602 1007 1666 essent,
1033 1594 1317 1668 foemina,
1350 1615 1508 1677 quae
1526 1594 1642 1656 fuit
1669 1602 1832 1657 arcta
1857 1612 1948 1655 re·

394 1696 605 1768 putata
626 1736 643 1763 ,
676 1689 795 1751 suit
822 1690 900 1752 ab
923 1690 1045 1752 alio
1068 1690 1356 1753 deflorata
1375 1738 1390 1764 ,
1425 1690 1529 1772 qui
1558 1698 1802 1771 paratus
1824 1695 1955 1751 erat

388 1783 465 1845 ad
489 1803 624 1845 eam
651 1785 715 1846 in
748 1805 1000 1847 uxorem
1027 1786 1384 1857 ducendam,
1409 1794 1741 1866 exortaque
1764 1803 1950 1866 quae-

394 1878 592 1939 stione
622 1900 804 1961 super
834 1881 1270 1943 instauratione
1313 1882 1489 1963 primi
1545 1878 1949 1952 matrimonii,

396 1974 475 2036 ad
502 1977 928 2056 amputandam
958 1998 1407 2060 quamcumque
1438 1976 1908 2053 controversiam
1932 2023 1948 2045 ,

407 2076 528 2132 tam
570 2070 828 2134 foemina
858 2118 875 2146 ,
911 2092 1071 2153 quae
1095 2083 1338 2154 propter
1368 2073 1791 2137 arctitudinem
1824 2071 1951 2133 fue·

400 2171 495 2225 rat
521 2184 556 2226 a
588 2165 749 2226 Viro
774 2173 1084 2247 separata,
1118 2186 1305 2248 quam
1330 2168 1442 2228 Vir
1467 2213 1484 2240 ,
1518 2166 1623 2249 qui
1664 2165 1954 2228 dissoluto

399 2258 812 2333 matrimonia,
847 2261 1032 2323 aliam
1059 2262 1315 2324 duxerat
1342 2262 1403 2322 in
1438 2280 1711 2333 uxorem,
1742 2279 1953 2341 oppor-

398 2361 625 2416 tunum
668 2355 1099 2418 existimarunt
1124 2403 1141 2431 ,
1188 2357 1573 2420 Sanctissimo
1618 2354 1956 2439 supplicare

390 2467 504 2529 pro
533 2447 931 2511 dissolutione
953 2450 1134 2531 primi
1161 2449 1529 2513 matrimonii
1558 2449 1672 2511 rati
1698 2496 1715 2524 ,
1750 2458 1808 2511 et
1834 2469 1951 2510 non

395 2543 840 2616 consummati,
879 2544 1212 2625 quaeipsis
1256 2563 1529 2606 concessa
1561 2542 1694 2605 suit.

516 2637 735 2718 ltaque
764 2638 1062 2699 stantibus
1089 2637 1185 2700 bis
1211 2684 1226 2711 ,
1263 2638 1579 2718 quaeritur

507 2731 561 2791 1.
596 2732 692 2791 An
719 2733 810 2793 hie
855 2744 905 2793 et
935 2753 1087 2794 nunc
1113 2736 1187 2793 sit
1216 2734 1678 2813 supersedendum
1702 2781 1719 2804 ,
1758 2742 1876 2795 tam
1919 2754 1956 2793 a

387 2829 568 2908 primi
596 2829 956 2888 matrimonii
980 2830 1430 2900 instauratione,
1456 2847 1625 2907 quam
1654 2847 1692 2888 a
1729 2829 1955 2889 licentia

391 2921 770 2982 contrahendi
795 2923 1137 2995 seeundum3
1166 2933 1216 2982 et
1250 2933 1531 3001 quatenus*
1555 2923 1845 3001 neqative:

510 3016 597 3076 11.
637 3014 733 3075 An
759 3016 1015 3096 primam
1040 3018 1473 3077 matrimonium
1500 3018 1575 3076 sit
1618 3017 1955 3077 instauran-

393 3108 527 3170 etum
550 3159 565 3179 ,
585 3128 686 3171 seu
706 3111 895 3192 potius
914 3110 990 3169 sit
1018 3110 1168 3171 locus
1198 3112 1455 3172 licentiae
1474 3110 1849 3172 contrahendi
1870 3128 1954 3171 se·

395 3205 666 3266 mnrium.

501 3398 649 3448 Saer.
682 3396 849 3463 Cong«
883 3394 971 3448 die
996 3397 1049 3448 9.
1077 3395 1186 3465 Apr
1232 3398 1387 3448 1718.
1420 3397 1726 3468 respondit)

497 3483 599 3538 Aa
624 3487 672 3535 1.
701 3481 1061 3552 Affirmatioe
1077 3524 1096 3551 ,
1125 3495 1178 3536 et
1210 3497 1587 3553 proponatur,
1629 3485 1802 3538 citato
1839 3484 1953 3536 na·

390 3573 476 3626 n'a
497 3571 688 3643 prima
713 3589 909 3625 uxore.
937 3572 1035 3626 Ad
1054 3573 1089 3623 ²
1139 3573 1284 3627 Satis
1300 3573 1581 3644 provisum
1608 3574 1665 3626 in
1686 3571 1867 3643 primo
1882 3611 1895 3624 .

897 3766 1260 3842 QUAESTto
1317 3767 1462 3829 XX.

623 3955 698 4017 In
735 3955 1049 4019 Canarien.
1085 3959 1176 4019 die
1202 3962 1301 4019 26.
1332 3956 1522 4020 Mart.
1557 3962 1728 4020 1718.

395 4085 622 4209 Anno
662 4151 837 4208 1653.
878 4146 1100 4209 Servus
1128 4147 1234 4209 Dei
1277 4148 1489 4210 Petrus
1516 4148 1592 4210 de
1614 4150 1908 4210 Betancur
1934 4197 1948 4220 ‚

395 4240 472 4303 de
488 4243 583 4324 cuj
592 4260 665 4302 us
681 4240 1150 4304 Beatiflcationis
1162 4241 1351 4304 Causa
1373 4242 1807 4304 introducenda
1832 4243 1953 4325 agi-

397 4341 499 4397 tur
521 4335 585 4395 in
611 4336 933 4397 Sacrorum
960 4336 1209 4398 Rituum
1240 4337 1733 4420 congregatione,
1760 4338 1824 4398 in
1852 4337 1950 4399 Ci-

395 4428 583 4490 vitate
605 4428 1010 4503 Guatimalae,
1040 4430 1396 4491 auctoritate
1426 4431 1734 4493 ordinaria
1764 4432 1952 4493 inter-

392 4522 663 4594 cedente,
687 4522 1012 4604 quamdam
1037 4522 1394 4605 Religiosam
1413 4525 1950 4607 Congregationem

397 4615 666 4677 instituit
693 4664 707 4687 ‚
744 4636 903 4697 quae
928 4617 1428 4680 Bethlemitarum
1470 4619 1628 4681 dicta
1665 4629 1793 4694 est,
1843 4640 1954 4701 pro

394 4710 750 4771 exercendis
772 4730 913 4792 erga
944 4712 1251 4791 proximos
1280 4713 1341 4773 in
1367 4714 1784 4794 Hospitalibus
1809 4734 1953 4795 prae-

395 4804 576 4884 cipue
605 4803 884 4889 degentes
911 4851 928 4878 ,
961 4806 1356 4869 ferventiores
1390 4808 1768 4870 Christianae
1797 4809 1952 4872 Cha-

401 4898 607 4959 ritatis
643 4906 829 4960 actus.
872 4900 1086 4962 Factae
1112 4900 1293 4962 etiam
1324 4900 1568 4964 fuerunt
1594 4902 1776 4984 hujus
1798 4902 1953 4964 Con-

398 4990 769 5073 gregationis
790 4993 1282 5069 Constitutione&
1315 5015 1472 5076 quae
1497 4996 1594 5058 die
1621 5001 1723 5057 26.
1749 4996 1952 5058 Martii

400 5091 578 5147 1687.
606 5086 857 5149 suerunt
874 5090 1242 5169 approbatae
1261 5110 1295 5152 a
1321 5091 1671 5152 Venerabili
1697 5092 1803 5152 Dei
1824 5091 1953 5152 Ser·

398 5199 476 5242 vo
506 5181 858 5243 innocentio
891 5183 1003 5244 xl.
1039 5203 1146 5266 per
1183 5204 1322 5247 suas
1355 5184 1581 5248 litteras
1602 5186 1953 5267 apostolicas

395 5272 461 5335 in
489 5274 688 5337 forma
717 5277 946 5337 Brevis.

518 5368 917 5451 Congregatio
959 5369 1107 5432 baec
1156 5370 1453 5455 Religiosa
1479 5419 1496 5447 ,
1552 5392 1710 5455 quae
1763 5382 1952 5438 tractu

400 5462 689 5545 temporis
728 5464 1028 5540 excrevit,
1078 5472 1137 5527 et
1171 5464 1376 5548 plures
1406 5469 1626 5530 Demos
1655 5469 1718 5529 in
1770 5469 1955 5533 variis

2058 754 2201 797 vera
2227 734 2570 816 Religione,
2597 745 2656 799 et
2678 748 3111 819 consequenter
3138 761 3245 820 pro
3269 743 3426 805 veris
3447 738 3610 806 Reli-

2057 828 2243 910 giosis
2275 830 2467 892 babiti
2496 840 2637 893 sunt
2666 830 2793 905 illi,
2826 834 2932 915 qui
2956 834 3008 896 ei
3045 855 3259 897 nomen
3291 838 3616 913 dederunt;

2061 924 2163 985 sed
2193 944 2330 986 cum
2362 925 2420 985 in
2456 927 2628 988 Brevi
2661 947 2844 1010 supra
2877 940 3243 1004 memorato,
3276 932 3613 1018 Congrege-

2063 1016 2143 1077 tio
2161 1017 2579 1081 Bethlemitica
2611 1040 2826 1083 nomen
2847 1022 3068 1099 babeat
3088 1024 3615 1091 confraternitatis

2060 1111 2376 1174 bominum
2411 1114 2671 1194 piorum,
2707 1136 2812 1180 nec
2842 1138 3116 1200 unquam
3144 1119 3203 1181 in
3225 1122 3433 1185 eodem
3470 1126 3612 1186 Bre-

2058 1205 2117 1266 vi
2148 1226 2347 1269 sermo
2372 1208 2477 1271 fiat
2508 1209 2601 1272 vel
2643 1211 2717 1272 de
2743 1211 3218 1295 Congregatione
3248 1213 3307 1275 in
3349 1216 3612 1299 Religio-

2059 1319 2198 1362 nem
2245 1303 2530 1386 erigenda
2553 1352 2571 1380 ,
2601 1305 2695 1367 vel
2733 1306 2808 1368 de
2832 1307 3002 1368 Votis
3022 1309 3318 1389 expressis
3339 1356 3356 1383 ,
3387 1320 3445 1373 et
3478 1332 3613 1395 per-

2064 1396 2259 1476 petuis
2286 1418 2319 1461 a
2355 1399 2781 1463 Confratribus
2801 1401 3144 1464 emittendis
3163 1449 3180 1476 ‚
3213 1407 3492 1486 quaestio
3515 1429 3615 1470 ex-

2057 1493 2236 1556 citata
2264 1493 2410 1569 fuit,
2433 1515 2510 1557 an
2544 1496 2843 1578 praedicta
2868 1497 3264 1581 Congregatio
3291 1512 3442 1565 esset
3475 1524 3614 1567 nec-

2062 1607 2136 1649 ne
2164 1608 2305 1652 vera
2338 1590 2592 1674 Retigio.

2131 1710 2134 1723 ·
2177 1684 2270 1746 Ad
2309 1685 2636 1749 tollendam
2673 1687 2748 1749 de
2797 1686 2995 1750 medio
3048 1688 3205 1751 banc
3252 1689 3615 1754 Controver-

2063 1780 2214 1843 siam
2234 1827 2250 1853 ,
2283 1780 2460 1844 annis
2490 1781 2827 1863 praeteritis
2852 1782 3094 1845 accessit
3114 1783 3190 1845 ad
3215 1784 3436 1847 Urbem
3467 1787 3614 1849 Fra-

2065 1883 2155 1938 ter
2178 1875 2435 1938 Micbael
2462 1897 2494 1940 a
2524 1878 2662 1939 Jesu
2693 1876 2910 1949 Maria,
2944 1876 3259 1961 sufficienti
3290 1879 3620 1941 instructus

2067 1972 2352 2033 mandato
2383 1973 2715 2039 Procurae,
2754 1981 2819 2032 ut
2848 1990 2879 2031 a
2910 1970 3060 2032 Sede
3092 1972 3427 2052 Apostolira
3455 1974 3612 2035 obti-

2070 2075 2240 2126 neret
2283 2067 2749 2129 declarationem
2776 2114 2791 2140 ,
2837 2067 2998 2146 quod
3043 2067 3439 2150 Congregatio
3467 2083 3619 2132 esset

2064 2182 2206 2223 vera
2247 2162 2520 2244 Religio,
2543 2162 2638 2224 vel
2667 2162 2740 2223 ad
2777 2162 2976 2221 minus
3008 2161 3302 2225 obtineret
3329 2212 3344 2236 ,
3379 2172 3441 2226 ut
3470 2163 3616 2227 Con·

2061 2256 2330 2338 gregatio
2362 2258 2420 2318 in
2454 2277 2659 2320 veram
2683 2250 3055 2337 Religionem
3086 2257 3442 2338 erigeretur.

2189 2353 2302 2412 Pro
2336 2351 2447 2413 hoc
2471 2351 2714 2432 negotio
2736 2348 3144 2424 discutiendO,
3184 2350 3300 2414 suit
3331 2352 3617 2433 deputata

2064 2445 2462 2527 congregatio
2512 2444 2896 2527 particularis
2937 2443 3051 2507 cla.
3097 2466 3274 2506 mem.
3324 2447 3615 2510 Cardine·

2063 2540 2213 2602 lium
2244 2540 2304 2601 S.
2330 2540 2674 2613 Clementis,
2704 2539 3023 2612 Gabrielli,
3059 2549 3118 2602 et
3140 2541 3622 2604 Eminentissimi

2065 2635 2443 2697 Parracciani
2473 2683 2489 2709 ‚
2520 2656 2554 2697 a
2584 2654 2705 2716 qua
2730 2681 2747 2709 ,
2788 2635 3098 2717 perpensis
3139 2637 3574 2718 perpendendis
3598 2684 3619 2710 ,

2062 2750 2319 2811 sequens
2355 2731 2578 2812 prodiit
2608 2732 2958 2813 Decretum.
3006 2730 3194 2793 Sacra
3241 2730 3624 2814 Conqreqatio

2061 2826 2660 2887 Eminent-issimorum
2688 2872 2704 2898 ,
2742 2836 2794 2886 et
2839 2826 2965 2889 ΒΚ.
3024 2826 3153 2887 DD.
3209 2825 3628 2889 Cardinalium

2063 2919 2131 2982 S.
2169 2920 2492 3005 Clementis,
2520 2920 2826 2992 Gabrielli,
2853 2920 2904 2982 et
2923 2921 3308 2984 Parracciani
3333 2943 3434 3002 per
3457 2921 3615 2982 San-

2060 3017 2373 3076 ctissimum
2408 3015 2711 3095 Dominum
2740 3006 3026 3078 Nostrum'
3046 3018 3366 3096 specialiter
3388 3016 3620 3096 deputa-

2065 3119 2123 3173 ta
2139 3156 2157 3184 ‚
2183 3111 2350 3183 visis,
2372 3119 2438 3172 et·
2463 3119 2684 3172 mature
2709 3109 3001 3191 perpensis
3014 3110 3417 3191 suprascriptis
3445 3110 3619 3191 preci·

2063 3205 2163 3265 bas
2189 3254 2208 3277 ,
2234 3207 2487 3276 censuit,
2518 3207 2570 3266 si
2603 3203 2922 3280 sanctitati
2946 3202 3103 3266 Suae
3128 3204 3434 3290 ptamerit,
3465 3223 3629 3284 posse·

2056 3319 2160 3379 per
2192 3301 2411 3361 litteras
2440 3300 2775 3380 apostolicas
2814 3300 2879 3357 in
2915 3297 3102 3375 [orma
3141 3296 3343 3356 Brevis
3389 3296 3618 3377 proc-‹112-

2062 3405 2211 3456 ctam
2239 3393 2739 3474 Cenqreqationem
2749 3391 3205 3454 Bethlemiticam
3227 3395 3290 3451 in
3311 3390 3494 3453 Indiis
3517 3390 3622 3452 Oc>

2061 3491 2436 3550 eidentalibus
2470 3490 2615 3568 eriqi
2641 3490 2705 3549 in
2727 3508 2917 3549 veram
2936 3487 3285 3565 Retiqionem
3311 3534 3329 3557 ,
3352 3506 3480 3548 eum
3513 3486 3625 3546 Vo-

2066 3587 2137 3644 tis
2165 3584 2501 3645 solemnibus
2519 3584 2843 3648 emittendis
2862 3601 2940 3643 ex
2963 3584 3181 3661 inteqro
3204 3582 3374 3643 otiam
3406 3583 3477 3643 ab
3505 3583 3577 3641 iis
3602 3629 3621 3652 ,

2066 3679 2172 3758 qui
2196 3680 2463 3740 hactenus
2493 3688 2621 3740 vota
2650 3680 2953 3739 emiserunt
2992 3679 3055 3736 in
3083 3676 3269 3737 eadem
3297 3674 3622 3755 Conyreqa-

2068 3772 2369 3848 tione31ta
2402 3783 2620 3842 tamen,
2669 3782 2734 3833 ut
2769 3774 3076 3850 emittentes
3103 3791 3250 3834 nora
3283 3770 3422 3833 Vota
3455 3772 3632 3851 prius

2063 3871 2440 3952 certiorentar
2463 3868 2527 3929 cle
2547 3868 2856 3949 inefficacia
2873 3866 3325 3948 praecedentiam
3358 3864 3626 3925 Votorum

2063 3965 2140 4027 ad
2182 3964 2592 4025 constituendos
2637 3981 2723 4024 eos
2774 3961 3261 4040 veronettqrosos.
3304 3961 3513 4022 Romae
3551 3965 3621 4021 8.

2065 4052 2345 4121 Octobris.
2386 4062 2560 4119 1709.
2599 4065 2659 4118 et
2684 4055 3077 4118 cohaerenter
3103 4054 3177 4116 ad
3200 4053 3348 4116 baec
3376 4053 3492 4115 fuit
3515 4074 3625 4116 an-

2065 4171 2143 4213 no
2175 4157 2350 4214 1⁷10.
2383 4149 2738 4233 expeditum
2782 4150 2974 4211 Breve
2994 4168 3031 4211 a
3061 4147 3449 4211 sanctissimo
3493 4149 3613 4211 Do·

2065 4246 2232 4308 mino
2255 4247 2496 4307 Nostro.
3435 4320 3440 4326 ι

2183 4339 2408 4401 Habita
2428 4338 2678 4422 hujusce
2699 4336 2784 4399 rei
2806 4334 3019 4400 notitia
3037 4354 3071 4398 a
3085 4334 3312 4397 Mathia
3327 4333 3630 4398 Gon-talea

2058 4435 2132 4497 de
2152 4434 2398 4496 Olivera
2423 4433 2496 4495 de
2519 4443 2677 4495 terra
2699 4432 2773 4494 de
2797 4430 2854 4493 la
2879 4431 3103 4504 Ortova
3127 4429 3347 4492 Insulae
3364 4429 3612 4491 'raneri-

2060 4530 2133 4592 fae
2146 4528 2466 4591 Canarien.
2497 4526 2603 4608 qui
2626 4527 2687 4587 in
2715 4523 3188 4606 Congregatione
3207 4522 3629 4585 Bethlemitica

2062 4622 2503 4686 Professionem
2525 4621 2837 4691 emiserat,
2872 4618 3150 4680 habitum
3177 4617 3302 4697 ipse
3346 4616 3628 4690 dimisit„

2062 4726 2121 4780 et
2143 4717 2391 4778 indutus
2414 4723 2576 4788 veste
2592 4712 2909 4782 saeculari,
2945 4712 3173 4792 ubique
3196 4707 3473 4772 incedere
3495 4730 3627 4772 coe-

2064 4813 2182 4894 pit,
2223 4810 2571 4892 videntibus
2595 4855 2612 4883 ,
2639 4815 2701 4870 et
2734 4827 2856 4869 non
2898 4806 3376 4870 reclamantibusv
3398 4805 3441 4865 F
3449 4804 3629 4865 ratri-

2056 4905 2169 4968 bus
2187 4903 2648 4978 Bethlemiticis;
2678 4921 2939 4982 cumque
2963 4920 3171 4962 coram
3192 4899 3487 4980 Episcopo
3526 4898 3623 4958 ln-

2062 5000 2339 5062 sularum
2362 4998 2424 5060 S.
2464 4997 2670 5059 Jacobi
2702 4996 2938 5069 Cubao,
2973 4994 3298 5068 Jamaicae,
3332 5001 3392 5055 et
3417 4992 3628 5060 Plori-,

2063 5095 2175 5157 dae
2207 5095 2306 5156 die
2335 5097 2391 5155 t.
2423 5091 2701 5155 Octobris
2736 5095 2909 5152 1714.
2942 5088 3408 5171 comparuisset,
3428 5095 3488 5148 et
3515 5085 3624 5154 de}

2063 5188 2288 5252 clarari
2340 5188 2635 5269 petiisset,
2666 5206 2730 5248 se
2776 5206 2902 5247 esse
2937 5187 3266 5245 Personam
3314 5181 3571 5244 liberam
3599 5228 3628 5255 ‚,

2066 5283 2235 5346 nullo
2281 5281 2699 5355 Matrimonii,
2748 5280 2839 5342 vel
2877 5277 3206 5361 Religionis
3238 5275 3483 5340 vinculo
3525 5277 3626 5337 in-

2066 5377 2388 5451 nodatam,
2432 5384 2491 5438 et
2528 5375 2773 5457 petitam
2811 5371 3279 5435 declarationem
3328 5369 3627 5432 obtinuis-

2067 5478 2191 5548 set,
2232 5471 2316 5535 ab.
2362 5469 2554 5538 Indiis
2588 5469 2671 5534 ad
2696 5468 2944 5532 Insulas
2976 5465 3372 5531 Canarienses
3405 5463 3632 5536 rediit>
