4393 6299
1056 476 1150 519 1ῆο

872 625 1035 687 natio
1082 625 1365 706 penderet
1415 625 1675 685 laxativo
1735 642 1767 684 a
1822 641 1939 682 non
2000 623 2403 704 acceptatione

872 719 1196 802 Hyacinthi
1217 722 1387 800 juxta
1418 720 1597 781 verba
1622 737 1802 798 supra
1834 716 2041 779 relata.

2078 472 2516 539 QusssTtoxsss
2553 474 2907 529 CANONICAE

2631 630 2787 689 Dum
2807 626 2953 689 haec
2974 625 3411 706 peragebantur
3423 623 3712 687 Sacerdos
3731 624 3936 706 fugam
3953 641 4045 687 ar·

2514 720 2722 800 ripuit‚
2749 720 3024 801 dumque
3051 718 3334 781 adversus
3354 719 3548 799 ipsum
3578 738 3883 799 processus
3902 737 4044 781 con·

988 814 1169 875 Addit
1196 822 1621 893 consequenter
1650 859 1663 880 ,
1716 811 1831 871 sibi
1866 829 1983 871 non
2026 809 2210 871 fuisse
2254 829 2405 871 onus
2511 812 3347 894 tumacialis-compilabatur,
3386 812 3542 874 idem
3581 832 3644 874 se
3690 832 3894 876 coram
3935 830 4045 875 suo

870 909 1211 989 impositum
1239 906 1587 987 expectandi
1617 905 1925 967 Nicolaum
1958 924 2064 985 pro
2099 904 2276 966 Missa
2309 924 2400 965 ce·

870 1003 1192 1076 lebranda,
1224 1021 1360 1064 cum
1391 1001 1502 1062 hoc
1536 1020 1688 1061 onus
1713 1000 1895 1061 fucrit
1921 1001 2273 1079 impositum
2307 998 2397 1059 fu-

2510 908 2830 986 Superiore
2869 906 3174 967 constituit
3199 952 3216 978 ,
3246 925 3280 967 a
3309 924 3431 986 quo
3473 905 3591 967 fuit
3617 905 4045 968 condemnatus

2514 1002 2572 1061 in
2597 1001 2847 1061 exilium
2871 999 2946 1062 ad
2975 1000 3352 1073 sexennium,
3372 1009 3431 1060 et
3457 998 3791 1062 declaratus
3811 999 4046 1081 irregu-

870 1097 1021 1157 turis
1043 1095 1441 1177 Cappellanis,
1467 1115 1493 1154 c
1519 1115 1573 1153 se
1601 1096 1736 1154 dena·
1764 1094 1886 1153 Dou
1913 1091 2203 1166 Giacinm,
2228 1114 2254 1153 e
2280 1092 2404 1152 Don
2452 1122 2459 1141 =
2512 1095 2685 1167 laris,
2717 1103 2774 1156 et
2799 1094 3106 1156 Ordinarii
3145 1093 3438 1156 sententia
3467 1092 3584 1155 fuit
3611 1112 3648 1155 a
3673 1093 3885 1155 Judice
3921 1095 4047 1172 Ap-

870 1190 1105 1268 Stcl'ano
1149 1211 1261 1250 non
1290 1192 1553 1250 volesscro
1593 1190 1895 1249 accettarla
1920 1232 1936 1259 ,
1965 1188 2145 1265 voqlio
2168 1232 2184 1258 ,
2222 1188 2316 1246 che
2361 1188 2406 1245 il
2453 1210 2460 1223 ·

872 1285 1220 1365 Cappellauo
1242 1333 1257 1353 ,
1277 1286 1371 1345 che
1390 1285 1757 1345 s'inslituisce
1773 1285 1845 1343 da
1870 1284 1893 1340 i
1916 1284 2045 1340 miei
2068 1283 2219 1340 credi
2237 1282 2404 1341 abbia

869 1381 924 1439 la
967 1380 1133 1438 bonta
1173 1377 1489 1458 cl'aspcuar
1533 1380 1579 1438 il
1619 1376 1831 1455 δίψιοι·
1862 1364 1988 1435 Dou'
2019 1373 2257 1436 Niccola
2288 1373 2403 1435 Gu-

863 1474 1151 1552 9lislmino
1170 1492 1269 1551 ρον
1293 1473 1496 1531 sentire
1522 1472 1578 1531 la
1606 1470 1816 1531 Messa.

983 1564 1300 1626 Concludit
1343 1563 1605 1644 denique
1629 1608 1646 1634 ,
1697 1563 2058 1624 amotionem
2123 1560 2405 1622 babuisse

864 1658 1155 1740 originem
1180 1659 1258 1720 ab
1285 1658 1424 1719 odio
1444 1656 1669 1718 Nicolai
1690 1666 1976 1736 concepto
1995 1701 2012 1727 ‚
2038 1675 2110 1717 ex
2134 1674 2257 1736 quo
2281 1655 2406 1736 ipse

864 1751 1148 1813 Sacerdos
1174 1752 1530 1832 Stephanus,
1581 1752 1667 1813 uti
1693 1750 1935 1812 relictus
1964 1751 2263 1811 Executor
2287 1752 2400 1811 Te-

867 1846 1288 1907 stamentarius
1304 1866 1338 1908 a
1361 1848 1667 1908 Testatore
1678 1865 1787 1926 pro
1810 1844 2239 1906 distributione
2257 1863 2405 1905 nou·

865 1939 1172 2000 nullorum
1196 1940 1601 2002 subsidiorum
1630 1939 1923 2003 dotalium
1941 1984 1960 2011 ,
1986 1958 2227 2001 omnem
2249 1937 2401 2018 lapi-

2512 1189 2848 1271 pellatiouis
2868 1188 3219 1250 confirmata
3243 1230 3259 1247 .

2628 1285 3034 1344 Desumuntur
3061 1282 3207 1343 baec
3233 1281 3437 1344 omnia
3456 1300 3533 1343 ex
3558 1279 3814 1361 supplici
3837 1276 4048 1342 libello

2510 1379 2840 1440 Sacerdotis
2862 1422 2878 1449 ,
2907 1387 3062 1438 etex
3091 1376 3230 1438 dicti
3262 1374 3571 1437 Ordinarii
3597 1372 4043 1443 informatione,

2509 1492 2667 1553 quae
2695 1473 2810 1533 fuit
2829 1472 2903 1533 de
2931 1489 3096 1533 more
3121 1469 3445 1551 requisita,
3477 1469 3622 1531 etin
3647 1467 3939 1549 praesenti
3966 1466 4046 1527 de

2509 1568 2743 1628 duobus
2763 1565 3025 1627 dubitari
3055 1564 3348 1645 contingit
3366 1612 3379 1633 ,
3413 1583 3491 1626 an
3539 1563 3858 1644 Presbyter
3878 1559 4047 1621 vide·

2509 1660 2644 1721 licet
2694 1658 3196 1740 irregularitatem
3249 1656 3612 1728 incurrerit,
3660 1666 3720 1717 et
3750 1660 4047 1735 quatenus

2511 1751 2874 1824 incurrerit,
2917 1770 2994 1814 an
3033 1750 3227 1813 eidem
3255 1750 3334 1811 sit
3374 1768 3479 1829 per
3507 1748 3908 1830 Apostolicam
3941 1745 4048 1808 Di-

2511 1845 2947 1926 spensationem
2972 1844 3457 1917 subveniendum
3478 1886 3495 1903 .

2630 1941 2697 2001 ln
2728 1939 2838 2001 bac
2862 1939 3042 2002 Sacra
3071 1937 3543 2020 congregatione
3564 1938 3654 1997 dic
3686 1939 3784 1995 22.
3820 1933 4042 2014 Aprilis

867 2030 1000 2093 dem
1023 2032 1231 2104 movit,
1253 2042 1319 2094 ut
1347 2033 1648 2113 praedicta
1682 2035 1779 2114 pia
1806 2034 2084 2096 voluntas
2104 2031 2399 2095 executio·
2514 2039 2686 2096 1679.
2733 2033 2851 2095 fuit
2877 2034 3244 2113 propositum
3272 2078 3289 2105 ,
3327 2040 3385 2094 et
3427 2029 3755 2093 resolutum
3795 2046 4052 2108 sequens

866 2124 929 2193 ni
966 2125 1428 2187 demandaretur
1450 2173 1467 2199 ,
1499 2127 1561 2187 in
1592 2146 1714 2207 quo
1742 2146 1944 2189 rerum
1985 2136 2144 2190 statu
2172 2126 2397 2190 amotio
2508 2127 2761 2188 dubium
2785 2171 2803 2199 ,
2842 2126 2927 2188 uti
2963 2125 3222 2187 habetur
3262 2126 3359 2185 lib.
3389 2130 3485 2185 30.
3511 2125 3711 2184 decret.
3745 2141 3878 2203 paq.
3906 2125 4046 2183 295.

866 2235 1181 2298 nunquam
1202 2220 1480 2281 sustineri
1507 2229 1719 2300 potest.

983 2311 1015 2371 J
1022 2330 1130 2372 ura
1156 2311 1685 2387 circumferuntur,
1711 2314 1989 2395 quocirca
2013 2312 2352 2394 quaeritur:

981 2406 1076 2465 Aa
1105 2405 1477 2486 cappellania
1500 2418 1679 2469 crecta
1707 2411 1771 2467 iu
1794 2408 2046 2470 Ecclesia
2074 2408 2403 2470 Parochiali

865 2498 1091 2569 Casalis
1124 2500 1337 2560 Portica·
1354 2504 1427 2560 sit
1450 2504 1766 2562 amocibt‘lis
1795 2549 1811 2572 ‚
1840 2513 1890 2562 ct
1920 2504 2127 2563 amotio
2157 2502 2288 2563 Rev.
2322 2501 2396 2562 D.

863 2590 1143 2673 Stephani
1164 2592 1546 2673 Scoquamilio
1564 2597 1833 2655 sustiueri
1854 2597 2123 2656 debentia
2143 2614 2282 2657 casu
2296 2605 2399 2655 stc.

968 2784 1116 2834 Sacra
1142 2784 1342 2852 Congr.
1372 2785 1651 2853 respondit
1668 2807 1683 2837 ε

1041 2871 1137 2922 Ad
1151 2871 1385 2936 primam
1416 2872 1571 2924 dubii
1589 2885 1797 2942 partem
1819 2870 2171 2941 affirmative,
2188 2885 2410 2942 praeter

860 2956 1044 3025 quoad
1058 2958 1231 3009 vitam
1261 2960 1537 3025 Stephani,
1558 2973 1609 3012 ee
1628 2959 1704 3012 ad
1718 2960 2010 3014 secundam
2029 2960 2185 3013 dubii
2192 2972 2404 3032 partem

853 3044 1130 3114 provisum
1157 3046 1213 3098 in
1234 3047 1445 3115 prima.

1294 3240 1651 3315 QUAESTIO
1698 3241 1998 3304 CCCL111.

907 3445 978 3506 In
1000 3443 1192 3507 Causa
1217 3442 1457 3506 Nullius
1486 3442 1823 3505 Provinciae
1853 3443 2331 3524 compostellanae
2350 3494 2368 3523 ,

1320 3537 1411 3598 dic
1437 3540 1494 3597 2.
1530 3534 1785 3598 Octobris
1816 3542 1989 3599 1723.

871 3674 1226 3807 Presbyter
1250 3727 1590 3807 Alpbonsus
1610 3730 1872 3794 Sancbez
1895 3729 2119 3791 Garido
2139 3750 2217 3792 ex
2241 3731 2404 3793 Villa

871 3820 947 3881 de
967 3819 1270 3894 Quintana
1294 3822 1533 3885 Nullius
1560 3825 1853 3887 Dioecesis
1870 3826 2220 3888 Provinciae
2241 3825 2410 3887 Com-

869 3914 1234 3997 postellanae
1251 3916 1497 3978 domum
1516 3917 1936 4000 frequentabat
1955 3921 2263 4004 cujusdam
2282 3941 2411 3983 mu-

872 4009 1036 4071 lieris
1060 4011 1446 4091 conjugatae,
1499 4020 1559 4074 et
1605 4033 1743 4074 cum
1790 4022 2035 4095 paterne
2070 4015 2333 4075 monitus
2369 4033 2405 4076 a

869 4121 978 4163 suo
1009 4101 1335 4165 Ordinario
1355 4150 1372 4177 ,
1404 4114 1473 4167 ut
1498 4124 1536 4166 a
1563 4104 2044 4187 frequentatione
2075 4106 2403 4181 desisteret,

869 4195 1184 4256 monitioni
1229 4216 1347 4258 uon
1380 4198 1712 4278 paruisset,
1755 4201 2045 4282 contigit,
2089 4213 2158 4262 ut
2200 4201 2408 4263 Petrus

868 4286 967 4347 vir
986 4288 1323 4367 praedictae
1343 4291 1612 4352 mulieris
1629 4292 1874 4353 domum
1899 4312 2068 4356 suam
2089 4313 2166 4355 ex
2185 4292 2406 4374 impro-

871 4379 999 4440 viso
1027 4389 1229 4459 petens
1252 4427 1268 4454 ,
1299 4401 1436 4443 eum
1467 4382 1592 4444 illic
1619 4384 1953 4446 invenerit.

989 4473 1308 4556 Presbyter
1337 4475 1678 4557 Alpbonsus
1701 4523 1718 4550 ,
1754 4486 1824 4541 ut
1867 4479 1981 4540 sibi
2024 4480 2403 4554 consuleret,

872 4568 935 4629 in
963 4569 1264 4648 quoddam
1305 4571 1517 4632 domus
1541 4571 1887 4633 cubiculum
1932 4593 1996 4634 se
2037 4575 2303 4654 recepit,
2347 4582 2407 4637 et

872 4662 986 4722 sub
1014 4662 1373 4725 lectisternio
1418 4666 1503 4726 ibi
1535 4666 1828 4728 existente
1861 4665 2121 4728 latebras
2163 4669 2402 4748 quaesi-

872 4756 960 4815 vit
988 4803 1001 4822 ,
1038 4774 1297 4836 cumque
1336 4758 1622 4821 adversus
1645 4779 1787 4820 eum
1819 4761 2030 4821 Petrus
2057 4762 2264 4824 stricto
2292 4781 2406 4841 pu·

868 4848 1047 4927 gione
1070 4849 1337 4912 irruisset
1366 4898 1381 4924 ,
1418 4871 1571 4914 uxor
1596 4872 1661 4914 se
1689 4854 2046 4935 interposuit
2077 4901 2094 4927 ,
2129 4855 2409 4918 brachio·

870 4961 995 5022 que
1033 4944 1232 5005 mariti
1263 4946 1672 5025 apprehenso,
1705 4968 1843 5008 eum
1888 4948 2156 5030 rogavit,
2192 4970 2269 5012 ne
2296 4951 2403 5014 Sa-

871 5038 1165 5100 cerdotem
1215 5040 1544 5113 occideret,
1598 5051 1705 5102 aut
1766 5043 2103 5118 mutilaret3
2150 5063 2411 5126 cumque

875 5141 1237 5193 memoratus
1270 5133 1478 5194 Petrus
1505 5153 1755 5195 uxorem
1783 5156 1818 5197 a
1849 5154 1912 5197 se
1946 5156 2254 5200 removere
2281 5146 2409 5199 ten-

874 5232 1072 5294 tasset,
1096 5225 1287 5305 ipsam
1323 5226 1766 5289 accidentaliter
1794 5229 2159 5304 vulneravit,
2190 5241 2249 5291 et
2283 5231 2408 5292 vul·

876 5325 1082 5378 nerata
1108 5317 1289 5398 paulo
1310 5328 1442 5398 post
1468 5318 1656 5381 vitam
1699 5340 1835 5381 cum
1866 5333 2055 5383 morte
2080 5333 2409 5384 commuta·

873 5408 990 5470 vit.

2510 2222 2627 2283 ibi:
2671 2220 2925 2282 Clericus
2958 2219 3297 2281 Palenaeiuus
3328 2216 3542 2279 Orator
3567 2219 3715 2278 alias
3743 2236 3871 2276 cuns
3898 2214 4053 2276 Con-

2501 2318 2707 2395 juqala
2724 2316 3088 2396 deprehensus
3111 2336 3150 2375 a
3167 2314 3392 2376 Marito
3409 2314 3636 2373 vulnere
3660 2309 3888 2392 affectus
3909 2310 4050 2388 fuit:

2507 2421 2625 2490 post
2658 2413 2882 2488 lonqum
2911 2410 3169 2489 temporis
3205 2410 3452 2487 spatium
3486 2409 3549 2465 in
3595 2406 3739 2464 idem
3786 2422 4053 2464 commor-

2508 2506 2660 2563 cium
2692 2503 2954 2564 reincidit
2982 2548 2999 2575 ,
3038 2521 3112 2562 ea:
3138 2523 3248 2580 quo
3284 2502 3498 2580 factum
3526 2510 3636 2571 cst,
3671 2509 3735 2558 ut
3775 2498 4052 2577 quaedam

2508 2606 2662 2656 nocte
2697 2598 2902 2657 marito
2951 2596 3360 2673 superveniente
3387 2641 3403 2663 ,
3459 2591 3672 2653 Orator
3717 2592 4050 2669 ausuqeri13

2508 2693 2600 2750 sed
2626 2690 2881 2750 Maritus
2905 2691 2968 2749 dc
2994 2691 3133 2767 [uqa
3156 2688 3577 2755 animadvertit,
3603 2706 3778 2765 quare
3806 2684 4054 2745 Umorem

2508 2785 2786 2863 interfecit
2807 2805 2830 2852 ,·
2859 2794 3083 2863 propter
3112 2785 3208 2841 boc
3230 2780 3577 2842 ordinarius
3602 2780 4054 2858 irreqularilalis

2505 2888 2807 2958 praetextu
2851 2878 3080 2956 denegat
3117 2875 3354 2937 Oratori
3396 2894 3681 2936 ascensum
3718 2874 3797 2935 ad
3839 2871 4048 2945 Sacros

2514 2969 2788 3039 Ordines,-
2809 2971 3041 3052 proinde
3064 2989 3166 3049 per
3208 2971 3458 3028 libellum
3490 2988 3526 3029 a
3556 2966 3924 3027 Sanctissimo
3962 2985 4053 3026 rs-

2515 3068 2742 3125 missum
2767 3114 2783 3137 ,
2832 3066 3130 3144 quaeritur
3156 3107 3174 3137 ,
3221 3083 3299 3124 an
3339 3074 3569 3144 propter
3617 3063 3717 3124 hnc
3746 3062 4054 3126 incurrerit

2511 3161 2994 3240 irreqularitatcm
3015 3203 3032 3220 .
3069 3157 3255 3220 Sacra
3283 3171 3388 3220 etc.
3417 3160 3701 3240 respondit
3727 3159 4010 3236 necarive.

2639 3257 2920 3320 Auctores
2943 3255 3019 3316 de
3041 3250 3294 3316 materia
3325 3263 3642 3316 tractantes
3679 3251 4059 3334 distinguunt

2515 3348 2673 3416 inter
2692 3371 2915 3423 casum,
2938 3356 2997 3411 et
3015 3365 3243 3422 casnm3
3268 3347 3316 3409 si
3345 3346 3507 3409 enim
3529 3345 3805 3409 Amasius
3835 3355 4058 3407 temere

2521 3448 2833 3509 mulierem
2880 3442 3145 3526 periculo
3194 3441 3402 3503 mortis
3447 3440 3761 3520 exposuit,
3819 3450 3958 3501 tunc
4000 3437 4051 3499 si

2519 3562 2674 3603 uxor
2707 3561 2741 3603 a
2767 3540 2983 3601 marito
3003 3535 3340 3610 occidatur,
3374 3534 3649 3596 Amasius
3671 3532 3871 3596 evadit
3902 3533 4057 3594 irre-

2518 3636 2768 3722 gularis3
2797 3653 2961 3696 secus
2988 3639 3211 3702 autem,
3235 3630 3282 3689 si
3318 3649 3477 3691 mors
3503 3626 3712 3689 uxoris
3738 3636 4052 3707 sequatur,

2519 3734 2846 3812 eademque
2872 3749 2907 3791 a
2952 3727 3085 3787 viro
3123 3722 3519 3786 interficiatur
3544 3769 3561 3793 ,
3611 3729 3670 3784 et
3707 3739 3843 3784 cum
3889 3719 4056 3781 suffi-

2517 3827 2692 3888 cienti
2722 3822 2952 3886 cautela
2984 3820 3260 3882 Amasius
3286 3837 3348 3878 se
3370 3816 3585 3898 gessit,
3629 3815 3782 3877 itaut
3812 3814 4051 3895 pericu-

2518 3921 2644 3982 lum
2671 3918 2875 3980 mortis
2900 3913 3291 3996 probabiliter
3318 3908 3690 3991 praevidere,
3715 3917 3819 3971 aut
3842 3907 4060 3971 timere

2519 4034 2636 4075 non
2683 4011 2982 4092 potuerit;
3029 4010 3094 4068 in
3149 4006 3340 4086 prima
3392 4004 3612 4064 etenim
3670 4000 3808 4063 facti
3852 3999 4058 4081 specie

2516 4105 2790 4169 Amasius
2828 4100 3136 4164 moraliter
3165 4106 3252 4160 est
3295 4114 3473 4158 causa
3520 4094 3679 4156 necis
3735 4093 4006 4155 mulieris
4033 4138 4054 4168 ,

2515 4200 2675 4281 quod
2702 4199 2765 4259 in
2786 4195 3045 4258 secunda
3075 4192 3211 4256 facti
3236 4190 3430 4271 specie
3458 4188 3757 4252 verificari
3790 4206 3914 4248 non
3946 4207 4055 4268 po-

2517 4304 2626 4358 test
2655 4313 2670 4352 :
2703 4291 2924 4352 Suarez
2952 4291 3015 4349 de
3045 4287 3310 4349 censuris
3340 4296 3468 4342 tom.
3518 4288 3574 4343 5.
3608 4282 3751 4362 disp.
3793 4284 3892 4341 45.
3919 4291 4052 4342 scct.

2513 4395 2574 4448 6.
2601 4408 2757 4447 uum.
2795 4391 2854 4445 7.
2882 4383 2993 4444 ibi:
3027 4380 3125 4442 Sic
3162 4381 3309 4440 onim
3329 4376 3708 4437 resolvendum
3746 4394 3932 4435 censeo
3958 4394 4058 4436 ca·

2513 4502 2637 4540 sum
2664 4481 2830 4539 illum
2860 4478 2923 4535 dc
2944 4475 3231 4545 adultero,
3263 4490 3397 4530 uam
3421 4472 3472 4528 si
3499 4480 3692 4528 tcmcrc
3726 4469 3952 4529 accessit
3980 4467 4061 4527 ad

2515 4593 2752 4635 uxorem
2775 4572 3043 4639 alterius,
3070 4584 3343 4647 exposcens
3369 4564 3531 4623 illam
3559 4563 3806 4641 periculo
3835 4562 4056 4631 mortis,

2514 4667 2851 4745 irreqularis
2875 4673 3058 4722 manet
3085 4706 3101 4731 ,
3132 4661 3269 4738 quia
3293 4657 3583 4716 moraliter
3617 4665 3691 4713 cst
3720 4674 3893 4715 causa
3921 4656 4057 4715 talis

2516 4760 2803 4821 holvaicidii
2830 4806 2843 4827 ,
2876 4777 3028 4816 secus
3053 4774 3178 4814 vcro
3199 4755 3306 4812 erit
3334 4796 3349 4822 ,
3375 4753 3425 4809 si
3451 4769 3577 4809 cum
3597 4748 3898 4829 sufficienti
3914 4768 4057 4809 cau·

2519 4857 2626 4915 tela
2647 4854 2853 4913 ntorali
2874 4852 2934 4909 id
2971 4850 3122 4927 sccii,
3154 4849 3292 4926 quia
3315 4856 3445 4903 tuuc
3467 4841 3686 4922 effectus
3710 4843 3871 4901 nullo
3898 4843 4059 4901 modo

2518 4961 2592 5010 cst
2618 4947 2971 5008 voluntarius
3002 4946 3062 5001 iu
3087 4942 3193 5001 lali
3217 4959 3388 4999 causa
3417 4985 3430 5006 ,
3462 4945 3518 4996 et
3548 4934 3674 4997 late·
3707 4933 3931 5014 pariter
3958 4935 4054 4997 di-

2515 5038 2873 5122 stinguendo
2924 5039 3366 5117 prosequuntur
3419 5027 3644 5108 Scyrus
3688 5029 3751 5088 dc
3789 5025 4058 5088 Ccusuris

2521 5138 2617 5195 lib.
2652 5142 2707 5195 5.
2735 5152 2857 5212 cap.
2890 5135 2983 5191 17.
3013 5148 3166 5187 num.
3200 5131 3297 5186 20.
3338 5123 3603 5182 Thssaur.
3629 5122 3692 5181 dc
3717 5121 3915 5182 Poenis
3938 5121 4058 5182 Ec-

2517 5233 2642 5290 clcs.
2667 5247 2795 5308 par.
2825 5231 2884 5286 2.
2911 5245 3033 5305 cap.
3069 5227 3116 5282 1.
3147 5224 3206 5279 in
3235 5220 3393 5277 verbo
3415 5217 3774 5275 :ldultcrium
3799 5235 3956 5274 auen.
3991 5220 4050 5276 2.

2520 5324 2727 5400 Majol.
2761 5321 2826 5379 ds
2865 5316 3297 5394 Irreqularieats
3346 5311 3441 5368 lib.
3476 5315 3531 5368 5.
3565 5327 3690 5388 rap.
3731 5312 3827 5368 48.
3874 5308 3940 5389 §-
3993 5314 4052 5369 3.

2516 5437 2674 5477 uum.
2703 5419 2796 5475 15.
2823 5411 3050 5472 Filliuc.
3082 5403 3484 5488 Opcr.Moral.
3514 5412 3645 5463 rom.
3675 5405 3730 5462 1.
3759 5410 3924 5464 tract.
3953 5408 4053 5463 20.
