4393 6299
1685 538 1732 608 Q
1760 540 1800 593 u
1824 538 1880 591 ,Β
1907 537 1941 590 s
1970 489 2018 591 ‘r
2047 533 2142 588 10
2198 532 2556 589 ccxxxvm.

3379 535 3482 590 811

471 689 724 776 speciale
749 691 1155 774 Apostolicum
1194 688 1621 773 Privilegium,
1663 690 1760 754 vel
1793 708 2010 772 appro-
2122 684 2488 748 Sanctissimi
2521 684 2749 754 editum
2779 684 2878 747 die
2904 688 2998 746 13.
3032 683 3349 748 Februarii
3389 693 3563 774 1692.
3594 689 3659 752 in

467 788 769 851 bationem
788 786 1097 849 Ordinarii
1113 830 1132 859 ,
1159 785 1226 846 in
1247 787 1419 867 cujus
1437 783 1699 846 Dioecesi
1719 783 2006 856 existunt,

461 882 552 944 uti
585 881 891 964 colligitur
932 900 1007 943 ea:
1048 881 1217 941 dubio
1243 880 1673 940 Jurisdictionis
1708 876 2013 960 Cappella-

461 995 665 1038 norum
702 975 1011 1037 Exercitus
1057 976 1145 1036 die
1187 979 1241 1034 6.
1279 972 1498 1036 Martii
1538 976 1712 1035 1694.
1764 973 1863 1033 lib.
1908 976 2007 1034 44.

460 1071 678 1133 Decret.
716 1073 816 1150 fol.
859 1076 957 1131 79.
998 1089 1138 1132 cum
1182 1069 1343 1130 enim
1386 1067 1724 1149 quaesitum
1770 1065 2007 1138 fuisset,

458 1185 538 1226 an
580 1163 922 1246 Cappellani
970 1164 1278 1225 Exercitus
1302 1211 1318 1234 ,
1361 1165 1473 1224 sive
1517 1162 1854 1240 Requlares,
1897 1163 2009 1221 sice

449 1258 791 1322 Saeculares
817 1257 1107 1321 Catholici
1122 1259 1336 1338 possint
1363 1257 1765 1318 administrare
1785 1255 2006 1316 Militi-

458 1356 558 1415 bus
598 1357 662 1415 in
693 1353 1007 1415 Praesidiis
1052 1354 1369 1431 deqentibus
1396 1352 1828 1413 Sacramentum
1864 1348 2004 1409 Poe-

456 1449 727 1508 nitentiue
756 1450 876 1507 sine
897 1448 1131 1526 speciali
1155 1447 1429 1524 facultate
1454 1444 1619 1507 Sedis
1632 1443 2002 1525 Apostolicae,

453 1543 543 1603 cel
575 1543 834 1613 licentia,
870 1552 922 1601 et
957 1543 1353 1620 approbatione
1386 1537 1723 1610 ordinarii,
1755 1541 1820 1599 in
1846 1540 2006 1618 cujus

450 1634 707 1697 Dioecesi
754 1647 953 1697 extare
997 1636 1325 1714 contiqcrit,
1354 1634 1497 1696 huic
1540 1633 1726 1698 dubio
1756 1635 2006 1712 neqative

459 1748 808 1810 responsum
837 1729 953 1791 fuit
972 1777 988 1800 ,
1012 1739 1072 1791 et
1093 1729 1207 1790 hoc
1228 1729 1424 1810 ipsum
1447 1728 1562 1789 fuit
1581 1727 2001 1791 confirmatum

456 1825 524 1882 in
564 1821 885 1902 Frisinqen.
929 1824 1022 1884 dic
1067 1827 1167 1884 29.
1196 1822 1479 1885 Januarii
1521 1826 1696 1884 1707.
1746 1822 1847 1883 lib.
1900 1826 1998 1883 57.

460 1915 679 1978 Decret.

573 2009 688 2072 His
708 2007 1040 2085 stantibus,
1067 2010 1440 2091 propositum
1474 2007 1591 2071 fuit
1616 2009 1904 2073 dubium:

570 2105 668 2165 An
692 2104 895 2167 Patres
919 2103 1271 2186 Cappuccini
1297 2103 1638 2187 cappellani
1662 2104 2003 2166 Iriremium

453 2196 682 2259 Summi
713 2198 1009 2281 Pontificis
1052 2202 1307 2280 excipere
1336 2202 1550 2280 possint
1577 2202 1697 2261 sine
1723 2200 2000 2281 approba-

454 2294 601 2354 tione
616 2292 887 2375 Episcopi
916 2293 1271 2356 Viterbiensis
1300 2297 1660 2374 confessiones
1682 2295 2000 2372 Remiqum,

451 2396 506 2448 st
528 2388 778 2450 aliorum
795 2391 863 2449 in
885 2388 1229 2450 Triremibus
1259 2391 1573 2469 deqentium
1590 2439 1606 2461 ,
1635 2392 1748 2450 sive
1775 2390 2002 2468 quando

449 2479 702 2560 Remiqes
718 2529 734 2552 ,
763 2491 817 2542 et
842 2482 953 2543 alii
975 2485 1197 2554 suntin
1222 2481 1568 2543 Triremibus
1595 2531 1611 2554 ,
1643 2495 1694 2544 et
1726 2482 1998 2543 Triremes

449 2584 582 2636 sunt
598 2619 616 2650 ,
646 2577 734 2637 cel
757 2578 824 2636 in
849 2575 1051 2648 Portu,
1072 2578 1244 2638 celin
1268 2577 1632 2657 Receptacula
1655 2580 1824 2656 vulqo
1841 2576 1998 2638 Dar-

449 2687 604 2741 sena,
632 2671 746 2731 sice
770 2671 997 2749 quando
1018 2671 1292 2750 Remiqes,
1325 2673 1543 2750 aliique
1562 2674 1626 2731 in
1655 2670 1998 2732 Triremibus

448 2761 697 2842 deqentes
722 2773 854 2824 sunt
882 2767 947 2824 in
973 2763 1220 2827 Ciuitate
1250 2763 1797 2827 Centumcellarum.

566 2851 747 2920 Nulla
787 2866 989 2920 tamen
1035 2858 1151 2921 fuit
1188 2866 1360 2937 capta
1393 2859 1710 2934 resoluti03
1757 2858 1999 2922 accessit

447 2949 612 3013 enim
637 2952 712 3013 ad
749 2971 845 3013 me
876 2953 1186 3015 Promotor
1234 2953 1480 3016 Fiscalis
1524 2951 1993 3019 Eminentissimi

451 3043 633 3108 Urbis
658 3046 884 3109 Vicarii
914 3092 931 3120 ‚
963 3048 1069 3127 qui
1120 3047 1275 3108 dixit
1300 3047 1476 3128 plura
1517 3057 1722 3110 extare
1748 3048 1996 3110 Decreta

448 3158 560 3222 pro
584 3139 1072 3203 Eminentissimo
1104 3141 1284 3204 Urbis
1306 3142 1550 3206 Vicario
1571 3143 1728 3206 circa
1756 3162 1994 3223 compe-

446 3233 699 3296 tentiam
725 3235 1179 3315 approbationis
1207 3236 1318 3296 ΡΡ.
1348 3236 1860 3318 Cappuccinorum
1885 3254 1995 3316 pro

446 3327 817 3409 excipiendis
838 3328 1328 3392 confessionibus
1366 3329 1683 3412 Remigum
1711 3376 1729 3405 ,
1774 3339 1834 3392 et
1861 3349 1993 3394 cae·

443 3429 711 3486 terarum
741 3471 759 3496 ,
788 3423 894 3504 qui
931 3414 1160 3485 suntin
1191 3424 1565 3486 Triremibus
1591 3424 1947 3488 Pontificiis.

453 3556 462 3565 ·
561 3517 810 3580 Decreta
837 3525 1036 3581 autem
1065 3525 1207 3579 sunt
1233 3517 1411 3593 baec,
1440 3539 1599 3600 quae
1624 3526 1988 3600 sequunturr

445 3610 709 3693 primum
738 3611 968 3675 editum
998 3612 1114 3673 fuit
1149 3630 1186 3674 a
1217 3612 1691 3697 Congregatione
1724 3614 1987 3694 particu-

446 3703 561 3768 lari
581 3723 619 3769 a
637 3704 891 3768 Summo
907 3705 1198 3768 Pontifice
1228 3706 1510 3786 deputata
1529 3725 1691 3769 anno
1717 3712 1890 3770 1678.
1923 3708 1987 3770 in

444 3808 790 3881 quostante
831 3799 1085 3881 antiqua
1126 3800 1562 3876 observantia,-
1586 3804 1762 3883 juxta
1803 3820 1986 3883 quam

442 3894 798 3976 approbatio
825 3892 1328 3976 Cappellanorum
1356 3895 1723 3959 Triremiam
1772 3896 1988 3960 Classis

446 3984 796 4051 Pontificiae
819 4007 934 4070 pro
957 3987 1325 4070 excipiendis
1343 3989 1840 4054 confessionibus
1870 3990 1989 4077 bii-

444 4080 621 4143 litum
648 4129 665 4156 ,
695 4083 1030 4145 Nautarum
1057 4128 1073 4157 ,
1110 4084 1549 4148 Damnatorum
1576 4093 1697 4160 ,²et
1725 4082 1988 4149 aliorum

443 4177 775 4240 earundem
800 4176 1170 4240 Triremium
1189 4178 1607 4242 Ministrornm
1638 4178 1837 4243 fuerat
1853 4199 1989 4245 con·

439 4286 670 4335 cesana
694 4270 1001 4334 cardinali
1029 4273 1212 4335 Urbis
1237 4272 1480 4337 Vicat-io
1495 4319 1514 4348 ,
1547 4274 1987 4338 sic-resolutum

439 4364 585 4428 fuit:
599 4364 704 4431 mu
727 4368 998 4446 quoniam
1017 4369 1173 4429 cirea
1188 4362 1743 4439 administrationem
1768 4368 1985 4432 Sacra-

439 4461 619 4522 menti
648 4462 1020 4541 paenitentias
1043 4463 1109 4523 in
1142 4463 1281 4542 ipsis
1311 4461 1658 4524 Triremibus
1687 4465 1858 4527 etiam
1881 4482 1991 4545 pro

443 4564 682 4636 tmpore
704 4599 725 4629 ,
759 4557 827 4616 in
851 4564 1119 4635 querunt
1137 4557 1204 4616 in
1231 4554 1488 4618 Dar-sena
1513 4601 1529 4630 ,
1566 4567 1619 4618 et
1651 4554 1836 4618 Portu
1859 4603 1875 4631 ,
1923 4560 1990 4619 ob

443 4649 780 4739 Mam
815 4645 1273 4721 observantiam,
1324 4653 1397 4713 ab
1440 4654 1673 4732 ipsomet
1711 4652 1987 4733 Episcopo

445 4741 784 4805 ‘Viterbiensi
821 4762 937 4805 nou
972 4743 1420 4815 contradicunt,
1453 4746 1749 4806 innovatio
1769 4746 1985 4826 produ-

439 4853 561 4898 cere
586 4846 759 4919 posset
801 4838 1006 4918 aliqua
1043 4839 1524 4913 inconvenientia,
1556 4838 1769 4901 idcireo
1804 4842 1989 4901 mmm

439 4938 522 4990 est
543 4927 940 5009 maun,
967 4947 1066 4991 eeu
1088 4921 1488 4992 conueniendum
1517 4931 1693 4992 sidem
1725 4929 1987 4995 Sanctis-

437 5022 612 5095 simo,
638 5033 707 5084 ut
736 5021 964 5102 quando
1000 5023 1119 5100 ejus
1157 5026 1410 5085 sume
1427 5023 1764 5109 prudentiae
1793 5025 1986 5087 videa-

442 5125 562 5189 tur,
586 5135 714 5179 cum
731 5118 962 5198 speciali
982 5117 1207 5177 indulto
1226 5118 1289 5177 id
1310 5117 1569 5178 concedat
1592 5116 1979 5199 cappellanis,

442 5210 738 5272 dummodo
762 5231 890 5273 cum
909 5213 1159 5291 personis
1185 5259 1200 5281 ,
1237 5231 1380 5290 quae
1405 5215 1671 5273 continuo
1696 5214 1892 5273 vivunt
1920 5216 1984 5273 in

438 5305 577 5385 ipsis
597 5304 962 5378 Tria-omibus,
993 5325 1106 5367 non
1130 5316 1316 5367 autem
1345 5308 1407 5366 in
1431 5316 1605 5379 terra,
1634 5308 1984 5387 praedictum

444 5396 880 5460 Sacramentum
905 5402 1276 5480 poenitentiae
1308 5402 1739 5461 administrent.

2120 798 2244 859 quo
2269 824 2287 854 ‚
2318 778 2478 841 facto
2507 779 2693 841 verbo
2717 795 2855 841 cum
2904 777 3228 848 Sanctitate
3255 798 3363 841 sua
3384 825 3405 855 ,
3450 788 3511 843 et
3541 801 3665 845 non

2117 875 2397 937 obstante
2420 881 2781 954 superventa
2822 872 3063 934 interim
3092 874 3517 956 subrogatione
3547 877 3664 942 Pa-

2119 975 2282 1030 trum
2315 967 2827 1050 Cappuccinorum
2864 986 2973 1047 pro
3000 967 3378 1048 Cappellanis
3425 968 3487 1030 in
3527 969 3665 1033 Tri-

2120 1063 2395 1125 remibus
2425 1061 2790 1136 Pontificiis,
2821 1061 2951 1123 loco
2982 1062 3475 1144 Presbyterornm
3505 1084 3669 1128 secu-

2120 1156 2347 1219 larium
2371 1206 2387 1229 ,
2428 1157 2654 1219 dictum
2682 1156 2797 1218 fuit
2825 1159 2976 1218 circa
3006 1158 3152 1235 jura
3175 1159 3668 1236 jurisdictionalia

2118 1261 2168 1313 et
2199 1251 2288 1314 Pa
2299 1254 2580 1314 rochialia
2603 1254 2756 1312 nibil
2780 1252 2950 1330 fuisse
2970 1253 3298 1314 innovatum
3319 1255 3396 1315 ad
3427 1265 3668 1317 tenorem

2116 1345 2337 1407 Decreti
2393 1349 2653 1436 emanati
2711 1349 2775 1407 in
2827 1343 3266 1425 Conqrcqatione
3316 1350 3670 1428 particulari

2111 1460 2264 1501 anno
2295 1444 2467 1501 1678.

2233 1534 2502 1595 Tertium
2544 1531 2662 1593 fuit
2702 1532 2764 1594 S.
2809 1532 3296 1616 congregationis
3336 1483 3660 1616 Episcopo-

2112 1643 2272 1700 rum,
2308 1635 2369 1689 et
2389 1627 2803 1709 Regularium3
2833 1636 3239 1709 conquerente
3261 1629 3557 1710 siquidem
3588 1632 3655 1694 P.

2112 1722 2480 1785 Provinciali
2505 1721 3042 1804 Cappuccinorum,
3068 1723 3231 1804 qnod
3258 1724 3351 1784 sui
3378 1725 3660 1807 Religiosi

2110 1816 2284 1880 electi
2337 1817 2403 1878 in
2457 1816 2849 1898 Cappellanos
2896 1816 3261 1878 Trireminm
3304 1820 3660 1881 tenebantur

2113 1910 2418 1992 duplicem
2447 1911 2721 1973 obtinere
2749 1929 2858 1992 pro
2878 1909 3351 1975 confessionibus
3367 1913 3661 1993 excipien-

2110 2005 2204 2066 dis
2229 2004 2731 2086 approbationem
2747 2049 2765 2076 ,
2793 2003 3045 2066 alteram
3073 2005 3152 2066 ab
3172 2005 3660 2070 Eminentissimo

2112 2098 2303 2161 Urbis
2334 2099 2601 2170 Vicario,
2631 2098 2881 2161 alteram
2905 2099 2983 2160 ab
3009 2098 3301 2179 Episcopo
3320 2099 3660 2163 Viterbien-

2108 2191 2200 2266 si,
2254 2191 2335 2252 S..
2375 2191 2768 2273 Congregatio
2813 2191 2912 2252 die
2964 2194 3057 2252 19.
3101 2192 3447 2254 Decembris
3481 2198 3653 2255 1704.

2109 2285 2318 2347 audito
2344 2284 2643 2364 Episcopo
2679 2282 3044 2346 viterbiensi
3076 2285 3382 2363 respondit
3401 2330 3419 2359 ,
3451 2306 3659 2367 appro-

2108 2381 2384 2441 bationem
2417 2389 2665 2459 spectare
2688 2379 2766 2441 acl
2794 2378 3323 2440 Eminentissimum
3354 2379 3520 2442 Urbis
3558 2381 3656 2441 Vi-

2105 2494 2356 2535 carium.

2228 2567 2519 2629 Ultimum
2548 2569 2862 2629 Decretum
2891 2573 2980 2628 est
3005 2566 3156 2628 illud
3187 2566 3495 2629 Auditoris
3511 2570 3655 2630 San-

2105 2661 2353 2722 ctissimi
2370 2662 2596 2722 editum
2622 2661 2723 2722 die
2743 2666 2836 2721 18.
2856 2660 3223 2740 Septembris
3245 2665 3418 2722 1711.
3444 2664 3506 2723 in
3531 2682 3655 2743 quo

2105 2754 2264 2818 facto
2290 2757 2477 2817 verbo
2525 2775 2661 2817 cum
2705 2754 3029 2817 Sanctitate
3070 2774 3176 2817 sua
3203 2801 3220 2828 ‚
3277 2762 3337 2817 et
3381 2756 3657 2836 partibus

2105 2850 2355 2924 auditis,
2392 2850 2768 2912 inhaerendo
2791 2849 3138 2911 resolutioni
3169 2848 3658 2932 Congregationis

2104 2944 2491 3026 particularis
2538 2945 2684 3006 anni
2720 2949 2894 3006 1678.
2939 2942 3289 3017 declaravit,
3335 2944 3465 3005 ΡΡ.
3500 2943 3653 3026 Cap-

2099 3042 2365 3120 puccinos
2383 3059 2542 3119 posse
2572 3040 2976 3101 administrare
2996 3041 3272 3118 personis,
3306 3059 3450 3117 quae
3475 3042 3655 3101 conti-

2100 3154 2227 3195 nuo
2248 3137 2445 3195 vivunt
2475 3136 2538 3195 in
2570 3133 2912 3196 Triremibus
2931 3132 3280 3214 Pontifieiis,
3313 3132 3654 3195 Sacramen-

2092 3237 2224 3289 tum
2256 3228 2640 3290 Poenitentiae
2668 3240 2889 3289 tantum
2910 3230 2975 3287 in
3007 3229 3143 3307 ipsis
3177 3227 3230 3287 T
3224 3230 3520 3290 riremibus
3539 3278 3555 3300 ,
3588 3232 3654 3289 in

2101 3323 2359 3385 Darsena
2382 3369 2400 3397 ‚
2455 3324 2638 3385 Portu
2662 3371 2678 3394 ‚
2728 3334 2781 3383 et
2819 3321 3085 3403 Hospitio
3129 3325 3190 3383 in
3230 3323 3494 3385 Darsena
3525 3327 3653 3385 exi·

2098 3428 2273 3479 stente
2299 3465 2316 3489 ‚
2347 3438 2475 3479 cum
2506 3418 2904 3498 approbatione
2952 3428 3173 3479 tantum
3201 3417 3653 3479 Eminentissimi

2096 3510 2172 3570 D.
2211 3511 2546 3572 Cardinalis
2583 3511 2819 3572 Vicarii.
2853 3511 3051 3571 Extra
3079 3522 3259 3572 tamen
3293 3512 3388 3571 dcl.
3422 3514 3543 3573 loca
3563 3513 3652 3573 de-

2096 3607 2340 3668 claravit
2360 3624 2472 3665 non
2505 3625 2654 3684 posse
2676 3606 2889 3666 dictum
2907 3603 3338 3666 Sacramentum
3356 3608 3650 3669 ministra-

2093 3718 2156 3759 re
2193 3702 2314 3760 sine
2354 3701 2755 3780 approbatione
2797 3697 3250 3760 Eminentissimi
3276 3697 3350 3759 D.
3386 3699 3655 3782 Episcopi

2093 3792 2462 3855 viterbiensis
2483 3835 2498 3853 .

2214 3886 2394 3949 Hisce
2435 3886 2690 3970 proinde
2714 3885 3033 3958 stantibus,
3066 3885 3283 3948 iterum
3309 3887 3647 3966 quaeritur=

2215 3980 2313 4040 An
2338 3979 2539 4041 Patres
2573 3978 2931 4061 Cappuccini
2951 3979 3290 4059 Coppellani
3313 3979 3652 4041 Triremium

2098 4070 2330 4134 Summi
2378 4073 2674 4154 Pontificis
2720 4074 2972 4152 excipere
3012 4074 3224 4151 possint
3274 4072 3650 4152 Confessiones

2096 4168 2391 4246 Remiyum
2408 4170 2531 4228 sine
2553 4168 2952 4247 approbatione
2978 4166 3243 4246 Episcopi
3272 4166 3343 4227 Vi
3346 4169 3649 4243 terbiensis,

2094 4272 2147 4323 et
2174 4263 2425 4322 aliorum
2451 4263 2524 4321 in
2550 4259 2894 4321 Triremibus
2920 4260 3256 4339 degentium,
3284 4261 3651 4340 siceaequando

2096 4355 2349 4435 Remiqes
2373 4402 2390 4426 ‚
2429 4364 2479 4416 et
2524 4356 2634 4416 alii
2673 4366 2805 4415 sunt
2839 4356 2905 4414 in
2946 4353 3237 4425 Darsena,
3287 4356 3400 4415 sice
3426 4354 3652 4433 quando

2095 4449 2349 4528 Remiqes
2370 4494 2388 4521 ,
2419 4450 2636 4528 aliique
2665 4451 2727 4508 in
2765 4448 2818 4508 T
2809 4450 3109 4509 riremibus
3150 4449 3395 4527 deqentes
3428 4460 3560 4509 sunt
3585 4450 3650 4510 in

2099 4541 2347 4604 Ctvitate
2377 4539 2616 4605 Centum
2648 4541 2946 4605 Celtarum
2971 4543 3036 4602 in
3061 4555 3196 4602 casu
3221 4551 3324 4601 etc.

2202 4718 2353 4771 Sacra
2383 4718 2587 4787 Congr.
2616 4715 2703 4770 die
2734 4716 2821 4769 18.
2850 4714 3042 4785 Aprilis
3072 4713 3230 4768 ¹722.
3258 4714 3561 4783 responditz

2276 4806 2445 4858 Posse
2475 4807 2670 4858 Patres
2702 4803 3074 4873 Cappuccinos
3101 4788 3223 4855 sine
3260 4802 3651 4873 approbatione

2100 4890 2392 4948 Ordinarii
2446 4892 2739 4947 Vites-bien.
2766 4931 2780 4956 ,
2820 4904 2873 4945 et
2908 4909 3029 4943 cum
3083 4892 3206 4942 sola
3258 4889 3651 4959 approbatione

2096 4978 2259 5039 Urbis
2289 4978 2506 5035 Victorii
2538 4979 2792 5049 eaecipere
2834 4976 3209 5046 Confissiones
3235 4975 3520 5045 Remigum
3539 5017 3560 5043 ‚
3598 4990 3651 5033 ee

2090 5065 2328 5118 aliorum
2358 5067 2414 5117 in
2448 5065 2785 5119 Triremibns
2809 5064 3068 5117 continuo
3098 5062 3422 5132 degentium,
3451 5075 3561 5115 tam
3591 5066 3648 5116 in

2088 5153 2220 5223 ipsis
2250 5153 2621 5221 Triremibus,
2666 5172 2827 5223 quam
2868 5153 2925 5204 in
2966 5155 3172 5218 Portu,
3206 5162 3258 5202 et
3283 5151 3651 5219 Receptacula

2086 5244 2255 5310 vulgo
2284 5244 2534 5295 Data-ena
2549 5283 2570 5309 ‚
2601 5254 2652 5294 et
2679 5243 2735 5294 in
2765 5241 3022 5311 Hospitio
3051 5240 3108 5292 in
3137 5241 3388 5292 Darsena
3417 5239 3648 5292 existen·

2087 5341 2169 5394 te,
2192 5329 2292 5381 sed
2315 5347 2423 5381 non
2446 5348 2605 5399 posse
2639 5329 2847 5382 eosdem
2877 5332 3074 5382 Patres
3106 5327 3478 5397 Cappuccinos
3503 5329 3649 5385 exci-

2080 5432 2211 5486 pere
2260 5417 2552 5470 eorundem
2613 5415 2990 5484 Confissiones
3044 5415 3100 5467 in
3145 5415 3375 5468 Civitate
3428 5418 3648 5469 Centum

443 5494 899 5559 ‘³‘*Secundum
949 5494 1265 5558 Decretum
1315 5493 1432 5557 full
1486 5494 1638 5557 illud
1674 5493 1981 5557 Audlloris
2092 5506 2365 5560 Celtarum
2392 5506 2511 5560 sine
2534 5506 2929 5577 approbatione
2965 5503 3260 5561 ordinarii
3289 5503 3579 5558 Viterbe'en.
