4393 6299
898 494 1008 551 278

718 647 1124 712 camerinensi
1159 677 1192 716 ,·
1217 652 1581 710 conventum
1613 643 1764 721 suit,
1814 643 1977 725 quod
2018 641 2268 705 omnino

718 743 1021 826 pertinere
1077 742 1292 804 debeat
1340 741 1417 803 ad
1462 738 1943 822 jurisdictionem
1992 735 2269 819 Episcopi

717 835 1157 900 Camerinensis
1186 854 1296 914 pro
1325 841 1594 915 tempore
1614 876 1631 894 .

834 931 910 992 Et
928 929 1073 1010 quia
1104 928 1428 1002 Plebanus,
1448 937 1508 990 et
1535 925 2011 990 Confraternitas
2037 928 2269 986 Avena-

716 1025 816 1100 lis,
841 1025 948 1088 etsi
975 1024 1341 1106 pertinentes
1365 1022 1442 1085 ad
1472 1021 1800 1084 Dioecesim
1834 1019 2265 1092 Auximanam,

716 1119 1191 1202 praetendebant
1215 1137 1279 1180 se
1306 1117 1517 1199 vigore
1561 1113 2061 1178 immemorabilis
2099 1133 2268 1195 posse

707 1212 1042 1276 nonnullas
1060 1200 1399 1275 functiones
1418 1230 1697 1274 exercere
1712 1211 1775 1272 in
1797 1218 2126 1271 memorata
2153 1209 2266 1270 Ec-

718 1308 897 1372 clesia
925 1308 989 1369 S.
1023 1307 1239 1390 Angeli
1268 1307 1635 1389 Cryptarum
1663 1305 1893 1386 absque
1925 1303 2271 1366 necessitate

719 1401 957 1485 petendi
1004 1401 1312 1464 licentiam
1353 1402 1431 1464 ab
1474 1400 1771 1482 Episcopo
1796 1397 2178 1461 Camerinen.
2210 1405 2270 1459 et

719 1498 781 1561 in
803 1496 1159 1579 probatione
1186 1495 1378 1558 dictae
1400 1493 1902 1557 immemorabilis
1938 1489 2270 1555 nonnullae

716 1591 971 1655 aderant
1018 1589 1432 1664 difficultates,
1462 1598 1823 1651 conventum
1857 1586 1974 1650 suit
2022 1586 2222 1668 primo
2246 1630 2265 1661 ,

714 1686 878 1768 quod
909 1685 1083 1748 sicuti
1108 1682 1601 1748 Confraternitati
1625 1682 1889 1745 liberum
1916 1689 2005 1744 est
2024 1679 2104 1743 ab
2149 1681 2265 1743 Ec-

714 1778 893 1843 clesia
921 1779 1246 1854 discedere,
1275 1777 1363 1841 sic
1408 1777 1675 1840 liberum
1704 1794 1833 1839 esse
1874 1775 2090 1839 debeat
2124 1774 2265 1855 Epi·

714 1891 893 1955 scopo
919 1871 1297 1936 Camerinan.
1329 1888 1467 1935 eam
1495 1889 1534 1934 a
1560 1869 1720 1934 dieta
1739 1867 2005 1932 Ecclesia
2055 1868 2264 1931 dimit-

715 1975 842 2029 tere
860 2010 878 2026 .

833 2054 1107 2120 Secundo
1124 2054 1287 2139 quod
1303 2056 1657 2139 persistente
1667 2052 2178 2120 Confraternitate
2198 2051 2263 2115 in

714 2151 978 2216 Ecclesia
1020 2151 1083 2214 S.
1139 2151 1352 2235 Angeli
1373 2199 1391 2224 ,
1467 2171 1577 2214 nec
1627 2144 1755 2215 ulla
1804 2149 1958 2212 sacta
2001 2151 2133 2231 ejus
2168 2147 2264 2212 di·

714 2246 1000 2307 missione
1028 2244 1109 2307 ab
1138 2245 1434 2327 Episcopo
1475 2244 1857 2308 Camerinan.
1901 2242 2265 2306 concedatur

714 2341 794 2403 ab
812 2338 1140 2402 Ordinatio
1161 2339 1542 2401 Camerinen.
1572 2357 1682 2421 pro
1707 2348 1974 2421 tempore
1989 2337 2265 2419 quolibet

714 2433 1003 2496 sexennio
1029 2431 1284 2496 facultas
1322 2430 1818 2496 Confi-aternitati
1843 2481 1861 2506 ,
1905 2440 1966 2495 et
1995 2430 2265 2495 Parocho

714 2527 1022 2602 Avenalis,
1057 2547 1160 2590 seu
1193 2526 1366 2590 alteri
1408 2526 1811 2609 cappellano,
1857 2536 1918 2591 et
1956 2525 2260 2591 Sacerdoti

715 2622 1031 2685 exercendi
1084 2620 1150 2684 in
1187 2620 1451 2684 Ecclesia
1490 2621 1555 2686 S.
1606 2621 1819 2704 Angeli
1866 2640 2078 2686 omnes
2125 2620 2265 2683 illas

713 2716 1075 2790 functiones,
1100 2734 1259 2797 quae
1280 2734 1474 2797 usque
1488 2715 1688 2778 adbuc
1714 2716 2013 2779 exercitae
2032 2722 2175 2778 sunt
2196 2715 2259 2776 in

713 2809 946 2883 eadem,
962 2807 1392 2890 comprehensa
1412 2809 1596 2872 etiam
1612 2809 1773 2872 inter
1790 2809 1901 2873 has
1921 2809 2264 2873 functiones

714 2903 822 2964 illa
841 2901 1306 2983 praedicationis
1326 2902 1403 2965 de
1423 2922 1592 2965 more
1608 2903 1919 2966 faciendae
1944 2903 2262 2966 Dominica

715 2995 1038 3071 Passionis,
1067 3015 1177 3059 nec
1199 3016 1317 3058 non
1340 2995 1646 3071 facultate,
1665 3006 1788 3060 tam
1815 2998 2015 3079 quoad
2044 2997 2259 3061 Pleba·

715 3107 862 3153 num
893 3089 1217 3165 Avenalis,
1242 3109 1426 3172 quam
1448 3091 1647 3173 quoad
1674 3093 1804 3176 ejus
1829 3092 2262 3175 Cappellanum

716 3183 1056 3265 excipiendi
1088 3182 1501 3246 consessiones
1521 3185 2029 3250 Sacramentales
2010 3206 2075 3249 m
2104 3186 2265 3251 dicta

714 3277 1004 3353 Ecclesia,
1029 3278 1273 3360 praevia
1300 3286 1500 3340 tamen
1522 3281 1957 3401 approbatione
1981 3280 2259 3364 Episcopi

717 3372 1051 3435 Auximani
1082 3391 1195 3454 pro
1225 3381 1523 3453 tempore.

801 3466 1059 3539 Ἰοτιίο,
1089 3466 1254 3547 quod
1286 3466 1466 3529 etiam
1503 3466 1761 3532 durante
1783 3470 2094 3546 sexennio,
2125 3490 2259 3553 per·

715 3559 965 3627 missum
989 3579 1115 3622 esse
1161 3561 1375 3622 debeat
1402 3561 1695 3642 Episcopo
1723 3563 2101 3627 Camerinan.
2151 3584 2263 3627 suo

715 3652 1374 3716 arbitrio'Consraterni
1382 3652 1561 3717 tatem
1580 3656 1660 3717 ab
1682 3657 1945 3721 Ecclesia
1965 3660 2028 3721 S.
2045 3660 2259 3742 Angeli

717 3747 1041 3822 dimittere,
1079 3747 1254 3811 sicuti
1288 3747 1548 3813 durante
1567 3753 1879 3827 sexennio,
1910 3772 1984 3815 ex
2006 3773 2116 3815 suo
2158 3773 2258 3817 ar·

716 3842 901 3904 bitrio
926 3842 1156 3904 licitum
1184 3852 1273 3905 est
1303 3842 1798 3909 confraternitati
1826 3866 1861 3910 a
1906 3867 2083 3930 saepe
2133 3868 2258 3911 me-

715 3945 946 3999 morata
974 3936 1240 3999 Ecclesia
1272 3937 1575 4001 discedere
1600 3983 1616 3999 .

832 4030 1057 4093 Ultimo
1075 4031 1238 4112 quod
1257 4030 1306 4091 si
1332 4031 1640 4095 occasione
1658 4032 2038 4098 functionum
2056 4057 2092 4101 a
2110 4036 2262 4101 Con·

711 4122 1089 4185 fraternitate
1121 4123 1598 4204 peragendarum
1651 4125 1714 4186 iu
1760 4129 2018 4193 Ecclesia
2041 4176 2059 4204 ,
2093 4131 2258 4196 ultra

710 4215 1046 4281 Parochum
1074 4216 1379 4287 Avenalis,
1429 4225 1490 4278 et
1511 4219 1640 4300 ejus
1669 4219 2123 4301 Cappellanum,
2151 4225 2256 4288 alii

707 4309 1057 4373 Sacerdotes
1077 4330 1111 4372 a
1139 4307 1559 4372 Confratribus
1584 4310 1955 4389 invitentur,
2011 4320 2261 4382 caeteris

707 4402 1084 4485 praeferatur
1106 4401 1409 4467 Parocbus
1431 4404 1701 4482 Paterni,
1724 4411 1820 4471 cui
1842 4411 2105 4476 Ecclesia
2117 4416 2257 4477 sub—

710 4496 834 4559 dita
868 4507 977 4560 est.

825 4591 991 4655 Haec
1034 4602 1178 4658 sunt
1232 4594 1603 4662 Concordiae
1654 4598 1887 4681 capita:
1938 4601 2254 4683 quaeritur

706 4683 947 4766 itaque:

822 4779 920 4841 Aa
944 4783 1243 4845 concordia
1272 4785 1348 4845 sit
1370 4785 1759 4868 confirmanda
1783 4788 1849 4847 in
1869 4806 2004 4850 casa
2025 4800 2130 4852 etc.

809 4970 962 5025 Sacra
934 4969 1182 5042 hcongr
1211 4973 1378 5029 dios.
1410 4975 1722 5030 Decembris
1753 4978 1914 5033 flas.
1943 4981 2256 5055 rospondit.

881 5054 1000 5113 Fro
1026 5061 1424 5133 approbatione
1454 5063 1826 5120 Concordiae.

1879 488 2326 562 Qumsrtoat-:s
2361 488 2719 544 amomon

2826 654 3186 733 QUAESTIO
3226 649 3456 720 CCXV.

2373 816 2447 877 Ia
2468 814 2664 879 Causa
2686 816 2946 880 Romana
2976 763 3408 899 Cappellanias,
3437 819 3499 876 2.
3527 810 3689 876 aaut
3742 813 3921 875 172¹.

2372 928 2562 1054 Bon.
2588 1009 2767 1053 mem.
2793 991 2996 1054 Abbas
3012 990 3235 1071 Ioseph
3256 987 3552 1053 Panziroli
3574 987 3638 1049 in
3661 986 3789 1050 suis
3811 1005 3920 1068 po·

2374 1085 2612 1149 stremis
2634 1084 2886 1155 Tabulis
2911 1083 3362 1165 Cappellaniam
3400 1082 3594 1145 erexit
3613 1081 3677 1142 in
3722 1077 3922 1143 Altari

2375 1180 2591 1263 Majori
2643 1179 2940 1248 Ecclesiae
2988 1181 3204 1242 Beatae
3249 1178 3481 1250 Mariae
3527 1174 3799 1257 Virginis
3853 1173 3923 1236 in

2375 1273 2714 1355 Catnpitelli
2746 1272 3136 1354 sequentibus
3156 1272 3356 1334 verbis
3378 1306 3421 1318 -
3438 1272 3573 1332 item
3609 1289 3709 1350 per
3752 1286 3925 1348 opera

2371 1372 2495 1450 pia,
2516 1389 2545 1430 s
2561 1369 2701 1448 dopo
2725 1370 2785 1430 la
2810 1379 2984 1428 morte
3002 1368 3155 1429 della
3177 1366 3307 1445 Siq.
3337 1365 3539 1428 Cintia
3558 1384 3706 1426 coms
3727 1381 3920 1443 sopra,

2375 1485 2402 1525 e
2429 1485 2543 1524 non
2569 1464 2921 1534 altrimenti,
2951 1465 3100 1541 eriqe
3120 1501 3139 1534 ,
3179 1462 3265 1539 fa,
3288 1462 3604 1522 instituam
3645 1458 3924 1520 an'altra

2377 1558 2758 1640 cappellania
2774 1558 2909 1620 nell‘
2921 1559 3081 1622 altar
3102 1556 3408 1635 Maqqiors
3433 1556 3586 1617 della
3605 1552 3684 1616 B.
3724 1551 3924 1630 Ver-9⁸⁶·

2373 1676 2441 1717 ne
2471 1655 2629 1716 nella
2661 1651 2870 1715 Chiaca
2894 1653 2958 1714 di
2977 1650 3049 1713 S.
3074 1650 3284 1715 Maria
3306 1653 3369 1712 in
3392 1647 3726 1730 campiani
3750 1666 3854 1709 con
3877 1645 3927 1705 it

2372 1771 2497 1830 peso
2529 1751 2592 1810 di
2611 1751 2910 1820 celebrare,
2936 1767 2971 1808 o
2986 1746 3087 1826 (ar
3109 1746 3387 1810 celebrare
3411 1745 3477 1805 ia
3492 1744 3553 1804 d.
3579 1741 3784 1803 Altars
3804 1759 3927 1803 aaa

2372 1843 2566 1906 Messa
2598 1844 2939 1922 quotidiana
2956 1851 3249 1924 pst-petua,
3278 1841 3435 1901 nella
3456 1839 3597 1919 qual
3620 1834 3928 1920 Cappella-

2370 1940 2474 1999 κὶα
2497 1939 2571 2000 da
2592 1939 2927 2000 comendare
2959 1956 3108 1998 coms
3151 1931 3563 2015 commodum
3588 1949 3691 2012 per
3733 1931 3928 1993 allora

2372 2034 2611 2095 nomina
2634 2034 2684 2093 il
2723 2030 2856 2112 δίς.
2886 2030 3186 2098 Dentonem
3206 2030 3474 2093 Romana·
3499 2047 3604 2091 coa
3631 2028 3681 2088 il
3704 2028 3766 2088 d.
3794 2046 3927 2107 peso

2372 2129 2436 2190 di
2458 2129 2765 2200 σιωπᾶτε,
2782 2147 2824 2188 o
2855 2127 2953 2206 {ar
2969 2127 3247 2198 celebra-s
3286 2127 3352 2198 in
3390 2126 3540 2187 dotto
3577 2125 3766 2186 altars
3804 2142 3941 2187 aaa.

2372 2222 2565 2287 uma
2588 2222 2928 2299 quotidiana
2952 2221 3046 2281 sin
3066 2230 3249 2291 tamo,
3273 2220 3371 2281 eho
3390 2220 3604 2292 visera,
3633 2238 3663 2280 s
3695 2219 3760 2278 aa·
3785 2216 3927 2279 dm

2370 2318 2451 2377 ssi
2494 2316 2901 2378 condi-ram
2928 2333 2969 2375 a
3013 2312 3255 2378 s'Padrs'
3278 2314 3342 2386 gli
3367 2313 3522 2375 douo
3570 2310 3778 2374 Chim
3826 2330 3929 2391 por

2372 2411 2700 2474 l'ineomodi
2717 2457 2733 2480 .
2777 2421 2831 2472 st
2852 2410 3123 2482 samaim
3168 2407 3327 2489 Dopo
3357 2410 3417 2470 la
3438 2417 3614 2469 morto
3642 2407 3734 2469 del
3773 2407 3927 2468 detto

2369 2503 2499 2585 δίς.
2525 2505 2790 2568 Romala·
2812 2506 2874 2569 lo
2896 2505 3051 2566 detta
3061 2500 3443 2583 cappellania
3465 2503 3627 2562 vuols
3648 2502 3748 2563 clue
3766 2501 3919 2562 vada

2368 2602 2495 2662 alla
2525 2601 2583 2661 d.
2620 2589 2850 2673 Chim,
2880 2618 2909 2661 s
2938 2598 3128 2660 Padrs'
3176 2598 3239 2658 di
3263 2596 3335 2659 S.
3361 2595 3572 2659 Maria
3592 2599 3658 2657 ia
3684 2593 3924 2676 Campi·

2370 2696 2629 2762 tslls’con
2660 2696 2710 2755 il
2750 2695 2899 2756 deuo
2937 2712 3065 2773 peso
3082 2693 3145 2752 ds·
3164 2693 3444 2754 celebrare
3474 2693 3540 2752 ia
3562 2692 3710 2752 detto
3733 2691 3930 2752 altars

2367 2784 2706 2851 mum
2724 2788 3064 2867 quotidiana
3090 2796 3361 2865 perpetuo
3391 2803 3540 2846 come
3580 2803 3783 2865 sopra.

2491 2881 2843 2950 Dominicus
2875 2881 3148 2944 Roncalli
3178 2880 3241 2966 d.
3266 2877 3718 2959 Cappellaniam
3760 2877 3923 2940 obti-

2370 2974 2539 3048 nuit,
2573 2995 2835 3057 cumque
2881 2995 3035 3038 anno
3086 2980 3260 3036 1719.
3294 2971 3753 3036 matrimonium
3783 2989 3924 3034 con·

2373 3060 2663 3143 traxerit,
2711 3068 3018 3151 fueritque
3049 3067 3310 3132 excitata
3352 3065 3716 3146 difficultas,
3746 3083 3828 3128 an
3855 3064 3921 3129 in

2368 3172 2526 3227 statu
2575 3163 2877 3247 conjugati
2928 3163 3149 3227 dictam
3179 3162 3632 3245 cappellaniam
3658 3161 3923 3228 retinere

2371 3267 2586 3337 posset,
2600 3258 2692 3321 vel
2717 3259 2917 3340 potius
2937 3266 3088 3321 esset
3107 3257 3301 3320 factus
3323 3256 3488 3320 locus
3504 3254 3921 3319 substitutioni

2373 3351 2621 3415 Patrum
2647 3352 2711 3414 S.
2736 3352 2970 3415 Mariae
3015 3351 3079 3413 in
3109 3349 3452 3430 campitelli
3469 3397 3488 3422 ‚
3530 3349 3774 3414 auditus
3800 3348 3922 3412 fuit

2367 3443 2442 3506 de
2471 3465 2638 3508 more
2678 3445 3210 3509 Eminentissimus
3241 3443 3423 3507 Urbis
3470 3443 3776 3517 Vicarius,
3805 3443 3917 3524 qui

2367 3540 2603 3602 censuit
2649 3540 2873 3603 dictam
2910 3538 3363 3621 cappellaniam
3408 3557 3537 3601 esse
3558 3537 3917 3618 simpliciter

2372 3633 2667 3708 laicalem,
2699 3654 2809 3696 nec
2846 3633 3213 3697 Beneficium
3253 3631 3737 3697 Ecclesiasticum
3796 3630 3918 3694 dici

2368 3747 2562 3808 posse,
2585 3728 2689 3791 sed
2720 3728 2888 3808 pium
2911 3727 3213 3799 relictum,
3241 3735 3304 3789 et
3324 3726 3679 3795 memoriam
3702 3726 3918 3790 Missa-

2369 3840 2532 3894 rum,
2553 3822 2748 3904 cujus,
2773 3821 3024 3901 proinde
3047 3820 3400 3882 Dominicus
3419 3818 3609 3899 capax
3633 3818 3919 3900 judican-

2366 3914 2480 3977 dus
2505 3923 2594 3978 est
2618 3915 2801 3978 etiam
2832 3914 2894 3976 in
2927 3922 3086 3976 statu
3115 3913 3445 3996 conjugali,
3501 3920 3562 3975 et
3597 3912 3918 3993 praecipue

2366 4008 2515 4089 quia
2538 4008 2604 4070 in
2624 4009 2948 4081 erectione,
2961 4016 3023 4071 et
3044 4007 3422 4071 institutione
3444 4026 3563 4070 non
3589 4007 3919 4071 intervenit

2365 4102 2691 4165 auctoritas
2717 4101 3056 4174 ordinarii,
3090 4102 3272 4182 juxta
3303 4100 3574 4184 regulam
3609 4100 3823 4164 Toxlus
3847 4103 3916 4162 ia

2362 4217 2489 4278 cap.
2521 4199 2598 4258 ad
2621 4199 2754 4259 haec
2773 4199 2839 4259 ds
2864 4197 3165 4275 Reliqiosis
3184 4197 3463 4263 domibus.

2483 4288 2777 4363 Quocirca
2802 4289 3183 4371 quaeritur:

2481 4382 2579 4444 An
2608 4382 3013 4466 cappellania,
3046 4383 3113 4443 dc
3142 4401 3258 4460 qao
3309 4383 3529 4461 aqilar,
3560 4383 3636 4443 sit
3663 4383 3912 4458 laicam,

2361 4477 2475 4537 sive
2497 4477 2684 4557 polias
2708 4477 3080 4555 ecclesiastica
3131 4477 3197 4536 in
3227 4494 3364 4537 casu
3385 4486 3488 4536 etc.

2470 4638 2623 4690 Sacra
2648 4637 2846 4707 Congr.
2875 4636 3185 4706 respondit:

2540 4721 2895 4793 Affirmo'et'oe
2916 4722 3103 4809 quoad
3117 4722 3377 4795 primam,
3403 4736 3455 4777 ee
3472 4723 3717 4794 negative
3735 4722 3924 4795 quoad

2352 4811 2649 4867 secundam
2668 4826 2885 4885 partem
2913 4852 2927 4866 .

2793 4961 3156 5039 QUAESTIO
3184 4961 3463 5026 CCXVI.

2436 5119 2508 5182 In
2538 5120 2734 5186 Causa
2769 5121 3089 5204 Compsano
3109 5121 3545 5202 Aqqrsqatiom's
3562 5168 3581 5194 ,
3608 5122 3698 5183 dis
3728 5124 3824 5183 12.

2948 5216 3107 5279 Iulii
3138 5220 3313 5278 1721.

2365 5321 2684 5440 Sacerdos
2705 5374 2970 5457 Angelus
2991 5373 3442 5437 Laurenziellus
3456 5371 3726 5454 exponit,
3740 5372 3906 5453 quod

2360 5464 2425 5529 iu
2448 5465 2712 5532 Ecclesia
2732 5467 2793 5530 S.
2830 5467 3061 5533 Mariae
3084 5471 3173 5534 De
3205 5467 3401 5532 Sertis
3443 5468 3666 5541 Terrae
3688 5466 3902 5531 Pesco·
