4393 6299
1653 461 2115 535 onzes‘rto
2159 461 2313 520 cxv.

418 610 494 676 ‘5³
700 673 704 678 .
864 615 1238 695 'QUAESTIO
1277 616 1466 681 CXV.

430 741 477 779 κ,
520 746 526 755 .

459 802 638 889 ,μβ
648 804 856 870 Cam
879 807 1142 889 Reyiettsi
1159 808 1249 869 die
1271 813 1331 869 5.
1356 806 1609 888 Auqesti
1632 810 1807 869 1719.

3323 462 3433 515 131

2063 641 2213 703 syna
2234 624 2297 684 in
2320 632 2488 705 prete
2502 623 2685 685 ritum
2705 620 3087 684 celebrarunt
3109 617 3173 678 in
3198 614 3464 678 Ecclesia
3484 634 3610 676 me-

2065 729 2318 791 morata,
2341 717 2650 799 protestati
2677 723 2840 789 sunt,
2865 734 2929 776 se
2954 712 3118 773 nolle
3138 710 3398 791 amplius
3426 709 3610 770 conti·

2071 831 2263 875 nuare
2290 814 2354 874 in
2383 814 2537 875 dicta
2569 809 3000 881 celebratione,
3031 803 3145 867 nisi
3174 805 3288 866 sibi
3314 803 3613 865 submini-

2019 976 2022 979 ,
2068 913 2292 967 stretur
2309 903 2689 987 eleemosyna
2718 900 3046 964 solidorum
3061 905 3157 963 30.
3175 898 3338 979 quod
3355 896 3614 959 estidem

413 921 607 1057 Julia
628 993 969 1057 Cavollotti
980 995 1234 1057 Zoboli
1216 1014 1281 1056 m
1308 994 1694 1057 Testamento
1719 994 1961 1057 condito
2070 1018 2140 1062 ac
2179 1001 2376 1063 dicere
2405 1001 2586 1062 unius
2626 998 2771 1060 Julii
2804 1016 2912 1079 pro
2940 995 3211 1078 qualibet
3243 992 3447 1061 Missa,
3476 1009 3615 1051 cum

411 1107 576 1151 anno
609 1095 783 1151 1595.
821 1089 1136 1170 disposuit,
1183 1098 1252 1152 ut
1295 1089 1592 1151 Antonius
1636 1107 1781 1150 suus
1830 1089 1959 1150 Ma-

2067 1094 2216 1157 baec
2270 1096 2347 1157 sit
2397 1104 2535 1157 taxa
2585 1094 3041 1175 eleemosynae,
3117 1109 3274 1170 qnae
3328 1087 3491 1168 viget
3552 1085 3617 1145 in

414 1184 568 1245 ritus
616 1184 882 1246 traderet
935 1183 1118 1246 alicui
1149 1182 1278 1246 loco
1313 1184 1421 1246 Pio
1464 1182 1767 1264 quoddam
1786 1200 1962 1263 prae-
2070 1188 2328 1251 Civitate
2352 1189 2597 1269 Region.
2646 1195 2706 1249 et
2732 1186 2847 1247 nisi
2880 1184 3137 1247 ulterius
3161 1182 3394 1263 aliquid
3418 1179 3616 1241 solva-

412 1277 580 1339 dium
612 1277 986 1339 extradotale
1012 1277 1254 1340 sibimet
1277 1276 1340 1338 in
1365 1277 1489 1338 suis
1513 1276 1740 1357 nuptiis
1771 1296 1962 1337 reser-

413 1381 644 1444 vatum,
665 1393 794 1433 cum
819 1392 984 1434 onere
1007 1383 1193 1435 tamen
1209 1416 1225 1445 ,
1253 1374 1400 1452 quod
1418 1374 1600 1432 dictes
1620 1375 1768 1433 locus
1792 1371 1956 1445 Pius,

2071 1291 2174 1345 tur
2204 1283 2519 1345 sacristiae
2553 1281 2917 1344 Monialium
2959 1299 3068 1360 pro
3103 1275 3612 1357 supellectilibus3

2070 1398 2331 1458 cumque
2360 1378 2709 1459 Presbyteri
2740 1375 3101 1457 collegiatae
3132 1370 3430 1434 Ecclesiae
3473 1368 3619 1429 huic

413 1470 564 1527 timu
588 1488 771 1548 *τινα
799 1468 1066 1549 deputat·-
1095 1478 1146 1527 el
1167 1469 1365 1547 eliqem·
1400 1478 1678 1539 teneatur,
1706 1477 1757 1526 et
1775 1467 1962 1526 debeat
2012 1529 2018 1551 ,
2073 1472 2289 1534 Sacrae
2316 1470 2783 1554 Congregationi
2819 1466 3289 1549 supplicaverint
3335 1483 3445 1545 pro
3470 1481 3615 1523 one·

413 1562 721 1631 celebrare,
763 1581 862 1623 see
889 1564 1164 1623 celebrari
1192 1564 1369 1638 [acere
1396 1563 1459 1621 in
1508 1561 1757 1622 Ecclesia
1781 1561 1962 1622 dicta-

413 1673 543 1715 rem
571 1656 956 1728 Martialium,
991 1656 1104 1718 boc
1135 1666 1222 1718 est
1252 1654 1609 1718 Monialium
1631 1653 1964 1716 Misericor-

2073 1566 2176 1640 ris,
2208 1566 2322 1628 hoc
2341 1576 2427 1629 est
2459 1566 2802 1639 Missarum,
2826 1562 3196 1633 reductione,
3221 1566 3280 1620 et
3291 1577 3400 1638 pro
3422 1566 3619 1619 trans·

2012 1670 2020 1726 ἱ
2073 1660 2305 1724 latione
2344 1661 2673 1724 earundem
2721 1660 2799 1721 ab
2845 1659 3103 1719 Ecclesia
3153 1652 3504 1715 Monialium
3542 1650 3617 1713 ad

416 1748 552 1810 diae
592 1749 866 1812 Civitatis
895 1751 1146 1832 Region.
1185 1750 1575 1812 existentium
1602 1750 1716 1810 snb
1742 1749 1964 1829 guber·
2012 1741 2020 1805 l
2068 1756 2376 1837 propriam
2399 1755 3045 1833 Ecclffliam‚scripmm
3069 1754 3181 1812 fuit
3206 1748 3492 1828 Episcopo
3513 1762 3623 1826 pro

417 1843 520 1904 11ἰο
593 1846 862 1907 Petrum>
893 1846 1197 1906 Minorum
1265 1844 1699 1908 observantiae
1765 1842 1966 1904 8⁸⁰0st
2081 1849 2536 1922 informatione,
2568 1857 2628 1911 et
2654 1858 2816 1920 voto,
2841 1846 2946 1928 qui
2975 1846 3204 1907 censuit
3231 1841 3623 1903 annuendum

419 1938 718 2001 Francisci
753 1936 830 2000 tot
855 1941 1069 2003 Missas
1096 1942 1320 2019 sinqulo
1340 1941 1451 2011 die,
1467 1959 1562 2001 seu
1580 1940 1811 2018 sinqula
1840 1939 1966 1997 heb-
2080 1964 2208 2007 esso
2229 1944 2429 2025 petitis
2444 1989 2462 2005 .

420 2034 661 2094 domada
687 2035 752 2092 in
778 2045 1108 2114 perpetuum
1134 2053 1240 2114 pro
1263 2035 1459 2094 anima
1485 2034 1667 2094 dictae
1698 2031 1749 2092 T
1743 2033 1969 2093 estatri·

2204 2039 2693 2100 Fundamentum
2722 2034 3087 2098 reductionis
3106 2033 3168 2096 in
3197 2030 3311 2095 hoc
3333 2029 3622 2103 consistit,

421 2128 523 2198 cis,
554 2136 606 2184 et
637 2146 868 2185 suorum
891 2175 907 2197 ,
934 2137 1104 2206 prout
1135 2128 1447 2186 convenerit
1466 2127 1659 2187 <dietus
1689 2125 1971 2185 Antonius
2088 2133 2255 2212 quod
2305 2141 2470 2194 scuta
2523 2137 2616 2193 10.
2653 2151 2810 2212 quae
2835 2151 2911 2193 ex
2957 2129 3211 2191 Praedio
3244 2148 3278 2190 a
3305 2125 3628 2189 Testatrice

429 2238 553 2279 cem
581 2222 695 2279 Ioco
717 2218 850 2294 Pio,
877 2231 941 2280 ut
968 2239 1147 2300 supra
1174 2221 1450 2300 deputam
1479 2231 1530 2281 et
1558 2221 1731 2281 eidem
1750 2219 1825 2279 D.
1847 2218 1974 2282 An-

422 2318 575 2376 tonio
600 2318 880 2395 placuerit
907 2358 924 2376 .

546 2410 616 2469 In
640 2408 1054 2470 executionem
1088 2407 1305 2470 mentis
1331 2407 1532 2470 Juliae
1565 2405 1805 2479 Uxoris,
1851 2414 1974 2468 tra-

425 2501 581 2564 didit
604 2502 909 2566 Antonius
931 2502 1255 2564 Praedium
1280 2502 1656 2584 Presbyteris
1682 2499 1975 2582 Collegia-

426 2605 523 2660 tae
547 2598 610 2659 S.
652 2598 882 2660 Nicolai
903 2596 1182 2660 Civitatis
1209 2597 1458 2677 Regien.
1491 2616 1626 2659 cum
1651 2594 1785 2668 hoc,
1814 2595 1976 2674 quod

2080 2227 2297 2289 relicto
2325 2226 2813 2298 retrahebantur,
2843 2225 3021 2286 hodie
3050 2243 3166 2283 non
3192 2222 3496 2283 sufficiunt
3515 2240 3627 2301 pro

2085 2320 2495 2382 celebratione
2523 2320 2841 2381 Missarum
2876 2324 3008 2378 159.
3057 2319 3210 2379 itaut
3234 2315 3311 2378 sit
3333 2316 3498 2377 locus
3529 2333 3626 2376 re·

2089 2414 2389 2486 ductioni‚
2418 2421 2475 2474 et
2498 2412 2687 2474 multo
2714 2412 2905 2493 magis
2934 2431 3070 2472 cum
3100 2409 3420 2472 Praedium
3449 2406 3631 2469 fuerit

2088 2526 2208 2569 non
2245 2507 2745 2579 demonstrative,
2778 2505 2877 2567 sed
2917 2504 3178 2567 taxative
3210 2502 3507 2566 relictum.

2228 2603 2540 2684 Absquceo
2560 2601 2718 2683 quod
2732 2600 3065 2681 quidquam
3084 2598 3286 2672 faciat,
3302 2596 3461 2679 quod
3481 2614 3634 2659 onus

426 2691 753 2775 Collegium
780 2692 1080 2774 praedicte
1107 2737 1125 2767 ,
1175 2711 1279 2754 seu
1311 2692 1477 2754 illius
1518 2690 1859 2772 Presbyteri
1898 2702 1976 2751 ἰθ-
2103 2698 2427 2760 Missarum
2454 2696 2627 2758 suita
2652 2693 3025 2777 presbyteris
3050 2694 3110 2753 in
3140 2701 3445 2755 contractu
3470 2711 3633 2754 acce-

426 2798 670 2849 mutar
696 2798 799 2848 etc.
832 2787 1061 2865 sinqulo
1086 2805 1270 2859 anno,
1300 2796 1351 2847 et
1376 2788 1607 2865 sinqela
1639 2785 1980 2846 hebdomada

2096 2800 2353 2874 ptatum,
2379 2791 2525 2872 quia
2550 2790 2612 2851 in
2642 2798 2948 2852 contractu
2977 2789 3144 2851 adest
3167 2786 3435 2850 clausula
3456 2786 3637 2847 redu·

430 2882 495 2940 in
515 2891 876 2961 perpetuum,
897 2883 1069 2942 otiam
1091 2882 1253 2941 ultra
1274 2890 1492 2941 comum
1513 2899 1690 2941 annot
1712 2880 1983 2941 celobmrt'
2091 2886 2308 2950 ctionis
2354 2887 2555 2949 oneris
2599 2886 2675 2948 ad
2716 2884 2878 2946 vires
2924 2883 3230 2945 redituum
3257 2928 3275 2958 ,
3320 2884 3495 2963 juxta
3539 2902 3632 2956 ea,

435 2976 612 3054 facere
641 2978 707 3036 in
753 2974 1013 3037 Ecclesia
1057 2976 1414 3038 Monialium
1441 2973 1511 3034 S.
1561 2973 1799 3036 Mariae
1832 2976 1983 3035 della

431 3068 835 3131 Misericordia
869 3067 1140 3131 Civitatis
1164 3069 1326 3149 Reqii
1352 3069 1569 3131 Missas
1596 3080 1706 3130 tres
1729 3089 1834 3151 pro
1852 3070 1982 3130 ani·

430 3183 524 3226 eta
556 3166 741 3226 dictae
781 3165 1002 3237 Juliae,
1037 3175 1088 3226 et
1116 3184 1347 3226 ntorum
1372 3166 1448 3227 ad
1475 3165 1683 3226 dietam
1708 3184 1986 3226 summam

440 3278 542 3340 per
559 3259 775 3320 dietum
809 3259 1117 3319 Dominum
1142 3259 1458 3320 Antonium
1485 3259 1768 3332 redactas,
1798 3260 1988 3319 habito

431 3363 679 3434 respectu
699 3354 775 3414 ad
794 3355 1140 3427 recollectas,
1164 3373 1307 3432 quae
1323 3355 1720 3433 percipiuntur
1740 3372 1815 3413 σω
1839 3354 1987 3413 dicto

436 3446 706 3521 Praedia,
755 3467 896 3526 quas
922 3446 1141 3509 Missas
1167 3450 1348 3508 voluit
1375 3449 1546 3509 etiam
1576 3449 1759 3508 dictus
1803 3448 1985 3508 Anto-

432 3545 586 3616 nius,
611 3545 760 3622 quod
783 3545 923 3603 dieti
946 3541 1268 3623 Praepositi
1286 3561 1389 3622 pro
1415 3554 1652 3621 tempore
1677 3543 1859 3602 dictae
1879 3542 1987 3602 Ec-

434 3638 633 3699 clesiae
659 3639 912 3698 minuere
938 3639 1167 3698 valeant
1187 3655 1377 3696 eorum
1408 3637 1653 3696 arbitrio
1680 3637 1870 3696 habito
1894 3656 1985 3698 re-

437 3740 627 3810 spectu
664 3730 742 3792 ad
773 3732 1095 3792 recollectas
1126 3750 1153 3789 e
1195 3730 1345 3789 dieto
1388 3728 1636 3790 Praedia
1676 3731 1982 3810 pere-ipim.

428 3823 609 3902 juxta
649 3834 959 3904 temporum
987 3823 1348 3902 qualitatem,
1380 3825 1521 3902 quia
1554 3825 1630 3884 eit
1656 3832 1757 3883 etc.
1789 3835 1846 3884 et
1877 3823 1990 3885 boc

438 3936 593 3980 onus
619 3917 738 3980 fuit
778 3917 1027 3980 nomine
1059 3916 1424 3999 Collegiatae
1466 3917 1530 3978 in
1559 3925 1867 3980 contractu
1895 3935 1990 3979 ae-
2065 3956 2071 3962 -

437 4021 736 4094 captatum
761 4055 777 4071 .

559 4108 739 4168 Anno
771 4108 949 4166 1598.
1000 4122 1036 4166 a
1070 4103 1447 4187 Presbyteris
1478 4103 1777 4166 Ecclefiae
1801 4103 1990 4165 Colle-

441 4200 638 4283 giatae
671 4200 1001 4263 alienatum
1047 4196 1165 4261 fuit
1213 4199 1533 4261 Praedium
1583 4200 1775 4280 pretio
1798 4205 1991 4259 scuto-

442 4312 577 4356 rum
603 4297 744 4354 213.
780 4297 878 4354 52.
931 4292 1094 4372 quod
1124 4292 1390 4373 pretium
1433 4291 1552 4352 fuit
1578 4299 1889 4373 erogatum
1923 4290 1988 4350 in

440 4386 809 4470 emptionem
837 4387 1181 4460 Censuum3
1212 4405 1474 4466 cumque
1495 4385 1726 4447 reditus
1752 4381 1991 4446 Praedii

443 4482 688 4546 alienati
714 4489 910 4544 essent
937 4480 1000 4541 in
1026 4479 1212 4542 scutis
1233 4480 1437 4543 decem
1458 4480 1702 4548 annuis.
1734 4479 1819 4540 uti
1844 4495 1987 4539 con-

443 4580 557 4639 stat
579 4596 652 4638 ex
681 4577 1089 4637 instrumento
1108 4574 1496 4647 venditionis,
1522 4584 1581 4637 et
1604 4593 1714 4656 pro
1733 4573 1993 4635 eleemo-

446 4690 594 4753 syna
629 4676 764 4732 159.
818 4668 1140 4731 Missarum
1166 4716 1183 4740 ,
1235 4669 1382 4731 Julii
1449 4675 1548 4732 36.
1601 4668 1940 4731 sufficerent
1972 4716 1989 4740 ,

448 4765 752 4848 praedicta
775 4783 1011 4826 summa
1057 4763 1178 4826 fuit
1225 4764 1530 4846 persoluta
1557 4782 1750 4845 usque
1782 4762 1858 4827 ad
1881 4782 1994 4826 an-

448 4879 595 4922 num
668 4862 842 4920 1620.
897 4859 1000 4920 sed
1048 4877 1184 4921 cum
1231 4859 1551 4922 Missarum
1619 4859 1997 4941 eleemosyna

448 4953 706 5017 subinde
752 4953 1125 5026 excreverit,
1180 4954 1260 5016 ab
1282 4973 1444 5016 anuo
1480 4959 1656 5016 1621.
1691 4971 1884 5035 usque
1920 4954 2000 5015 ad

450 5062 683 5111 annum
728 5052 904 5109 1716.
953 5048 1089 5110 data
1140 5047 1256 5110 fuit
1282 5048 1662 5131 eleemosyna
1696 5048 2000 5110 Iuliorum

449 5146 551 5204 72.
576 5140 892 5203 Fratribus
913 5140 1254 5202 Minoribus
1278 5139 1710 5203 observantiae
1731 5143 1791 5202 S.
1815 5142 2001 5203 Fran-

452 5234 615 5309 cisci,
653 5245 720 5297 ut
741 5235 952 5297 Missas
973 5254 1007 5295 a
1034 5235 1198 5296 Julia
1220 5235 1526 5296 ordinatas
1551 5234 2000 5298 celebrarentin

451 5329 717 5393 Ecclesia
742 5327 1126 5391 Monialium.

457 5475 464 5483 .
505 5423 834 5497 wFratres,
859 5423 966 5502 qui
998 5423 1211 5486 Missas
1255 5428 1389 5484 159.
1432 5442 1542 5504 pro
1565 5423 1722 5486 dicta
1749 5421 2001 5485 eleemo-

786 5547 994 5589 nttan.
1037 5548 1150 5587 xxv.
1192 5547 1335 5587 ron.
1377 5535 1490 5589 ΧΠ.

2100 3002 2259 3065 quae
2287 2982 2350 3043 in
2376 2980 2789 3062 superioribus
2818 2979 2974 3041 dicta
2995 2987 3136 3040 sunt
3155 3021 3171 3037 .

2219 3078 2709 3140 Fundamentum
2736 3073 2961 3135 deinde
2988 3070 3397 3134 translationis
3422 3071 3500 3131 ab
3525 3070 3641 3132 Ec—

2099 3174 2280 3237 clesia
2327 3171 2686 3234 Monialium
2749 3168 2824 3230 ad
2869 3166 3195 3229 Ecclesiam
3252 3164 3639 3247 collegiatam

2098 3268 2456 3350 reponitur;
2489 3265 2684 3346 primo
2708 3262 2767 3323 in
2789 3260 3121 3324 abundanti
3149 3278 3401 3320 numero
3428 3258 3641 3320 Missa-

2103 3382 2268 3437 rum,
2286 3359 2525 3442 quaein
2553 3355 2811 3418 Ecclesia
2838 3353 3201 3415 Monialium
3221 3350 3603 3413 celebrantur
3620 3372 3639 3426 ς

2097 3455 2358 3518 secundo
2390 3455 2453 3514 in
2483 3470 2796 3523 consensu,
2827 3459 2948 3511 tam
2970 3466 3004 3510 a
3036 3447 3375 3519 Fratribus,
3403 3466 3585 3527 quam
3604 3466 3639 3509 a

2098 3547 2468 3611 Monialibus
2506 3543 2789 3626 praestito
2837 3543 2904 3603 in
2950 3561 3043 3615 eo,
3092 3540 3255 3622 quod
3299 3540 3514 3602 attinet
3562 3541 3637 3603 ad

2105 3641 2592 3715 translationem3
2624 3638 2823 3711 tertio,
2852 3656 2929 3699 ex
2955 3636 3163 3717 quoin
3185 3634 3509 3716 Collegiata
3530 3635 3642 3697 Ec-

2102 3737 2282 3799 clesia
2308 3734 2538 3817 sepulta
2559 3737 2763 3816 jacent
2810 3731 3123 3793 Cadavera
3164 3728 3537 3802 Testatricis,
3588 3736 3648 3791 et

2096 3832 2357 3895 aliorum
2381 3829 2674 3892 Familiae
2701 3825 2949 3889 Zoboli.

2211 3923 2325 3986 His
2349 3923 2668 3997 stantibus,
2693 3917 3029 4001 quaeritur.

2211 4017 2331 4088 An,
2376 4029 2427 4079 et
2456 4015 2728 4097 quomodo
2771 4015 2844 4074 eit
2880 4009 3244 4073 annuendum
3295 4009 3557 4090 petitioni
3581 4011 3646 4070 in

2093 4131 2229 4174 casu
2248 4121 2350 4172 elc-

2202 4303 2355 4355 Sacra
2379 4301 2575 4370 congr.
2600 4296 2907 4369 respondit:

2279 4375 2396 4443 Pro
2426 4387 2767 4471 reductione,
2794 4395 2849 4439 ee
2892 4380 3079 4463 quoad
3114 4380 3529 4436 translationem
3556 4396 3646 4439 nc-

2093 4478 2276 4548 gative
2294 4515 2307 4530 .

2554 4668 2914 4762 QUAESTIO
2976 4679 3193 4745 CXVI.

2183 4924 2257 4986 In
2287 4921 2480 4984 Caesa
2508 4918 2888 4981 Brut-dusino
2903 4908 3365 4995 Adimplementi,
3388 4908 3479 4972 dis
3503 4912 3566 4971 5.

2644 5011 2896 5093 Augusta·
2928 5013 3103 5071 1719.

2110 5185 2403 5302 Joannes
2423 5229 2782 5295 Vincentius
2808 5225 3031 5290 vitalis
3048 5223 3113 5286 in
3134 5241 3264 5285 suo
3259 5217 3512 5292 ultimo,
3536 5217 3652 5280 snb

2111 5349 2235 5411 quo
2261 5327 2529 5402 decessit,
2561 5326 2969 5395 Testamento;
2990 5318 3309 5382 haeredem
3338 5314 3654 5377 universa-

2112 5423 2231 5485 lem
2260 5421 2524 5486 instituit
2571 5421 2866 5483 loannem
2909 5413 3207 5498 Angelum
3258 5410 3545 5482 fratrem,
3595 5414 3656 5468 et

3263 5522 3330 5574 18
