4393 6299
741 643 855 704 nisi
894 648 1128 724 praeter
1171 640 1423 704 Abbatis
1447 639 1764 702 Generalis
1789 639 2093 703 licentiam
2122 688 2139 715 ,
2169 662 2283 703 ex·-

1909 489 2355 558 Quffisnom-:s
2394 486 2749 543 cmomcea

2395 641 2543 705 haec
2568 637 2935 703 transeundo
2957 638 3034 702 ad
3060 654 3394 721 regressum
3419 681 3438 712 ,
3470 653 3576 699 seu
3611 634 3943 720 reintegra-

743 757 1012 817 pressum
1062 755 1305 818 quoque
1345 735 1513 797 Sedis
1549 735 1922 816 Apostolicae
1967 737 2280 798 indultum
2396 736 2620 797 tionem
2658 734 2738 797 ab
2769 735 2926 796 bona
2960 732 3311 795 renunciata
3349 731 3657 795 occasione
3705 732 3943 794 Profes—

741 832 1088 903 accederet,
1140 830 1229 891 uti
1280 830 1541 891 habetur
1581 848 1656 890 ex
1700 829 1936 892 decreto
1978 831 2138 892 edito
2183 852 2288 911 per
2394 829 2579 891 sionis
2604 875 2623 903 ,
2647 829 3018 890 contendunt
3039 829 3279 890 Fratres
3301 827 3376 888 de
3401 826 3644 888 Adamis
3672 846 3792 887 non
3816 844 3943 888 esse

741 943 1038 1008 organum
1058 925 1188 985 Sac.
1220 922 1714 1004 Congregationis
1731 923 2162 1004 Episcoporum
2183 970 2201 998 ,
2230 934 2290 987 et

743 1019 1132 1100 Regularium
1158 1019 1246 1078 die
1269 1023 1363 1079 18.
1389 1018 1605 1078 Martii
1627 1022 1798 1078 1671.
1824 1018 2110 1098 impresso
2129 1019 2288 1097 apud

747 1113 795 1175 C
802 1116 1016 1174 terIcat.
1045 1113 1110 1173 de
1143 1113 1345 1191 Requl.
1379 1112 1661 1173 discordia
1685 1117 1779 1172 11.
1810 1122 1870 1174 et
1894 1113 2054 1193 apud
2077 1113 2290 1174 Mona-

741 1209 866 1267 cell.
895 1208 958 1266 in
978 1207 1279 1287 appendice
1304 1206 1381 1267 ad
1402 1206 1634 1282 formul.
1665 1207 1827 1284 leqal.
1854 1216 2041 1287 praet.
2071 1217 2202 1267 tom.
2232 1211 2287 1267 1.

741 1303 842 1379 [ol.
885 1305 1022 1362 314.

861 1395 951 1455 Ad
1004 1393 1274 1457 tramites
1322 1394 1570 1475 hujusce
1619 1394 1879 1467 decreti,
1909 1394 2168 1457 Thomas
2221 1395 2294 1457 de

742 1487 992 1549 Adamis
1022 1536 1036 1559 ,
1068 1487 1175 1568 qui
1203 1487 1530 1549 solemnem
1563 1487 1995 1549 Professionem
2017 1489 2298 1551 emiserat

743 1580 807 1640 in
879 1580 1358 1663 Congregatione
1424 1581 1864 1643 Canonicorum
1927 1583 2294 1646 Lateranen-

742 1676 901 1736 sium
929 1722 946 1749 ,
976 1676 1094 1737 sibi
1134 1674 1427 1755 resignari
1451 1675 1716 1737 obtinuit
1757 1675 2078 1738 Ecclesiam
2107 1677 2291 1739 Paro-

743 1769 1002 1832 chialem
1058 1770 1120 1831 S.
1182 1769 1393 1832 Sabini
1454 1769 1519 1830 in
1569 1769 1735 1832 Villa
1780 1771 1997 1832 Parani
2040 1772 2243 1834 Trebii
2271 1818 2289 1846 ‚

744 1864 1042 1927 Dioecesis
1064 1863 1457 1945 spoletanae,
1490 1874 1708 1926 serrata
1739 1865 1924 1942 forma
1947 1911 1964 1937 ,
1998 1875 2140 1928 sunt
2165 1885 2294 1928 ver-

744 1959 822 2020 ba
869 1958 1326 2040 dispensationis
1353 2004 1372 2032 ,
1426 1959 1631 2019 decreti
1684 1958 2097 2021 Venerabilium
2144 1961 2293 2024 Fra-

748 2064 902 2115 trum
934 2064 1256 2114 nostrorum
1285 2052 1357 2117 S.
1402 2053 1475 2115 R.
1526 2053 1606 2114 Ε.
1656 2051 2096 2127 Cardinalium,
2129 2076 2293 2135 neqo-

748 2149 867 2222 tiis,
889 2159 940 2208 et
966 2149 1468 2209 consultationibus
1508 2147 1936 2228 Episcoporum.
1962 2160 2012 2209 et
2040 2149 2292 2229 Requla-

742 2245 897 2304 rium
915 2243 1265 2324 praepositae
1301 2244 1390 2303 die
1419 2248 1510 2303 18.
1539 2244 1739 2303 muisis
1767 2243 1984 2304 Martii
2013 2246 2154 2304 anni
2177 2245 2294 2306 Do-

749 2338 895 2397 mini
938 2341 1112 2397 1671.
1144 2337 1332 2416 quoad
1361 2338 1497 2398 tales
1529 2336 1834 2415 Requlares
1855 2338 2024 2410 editi,
2058 2349 2108 2398 et
2139 2337 2293 2418 Apo-

743 2433 942 2493 stolica
975 2431 1332 2492 Auctor-itate
1355 2432 1656 2512 approbati
1679 2479 1697 2502 ‚
1731 2431 2011 2512 idemque
2037 2433 2297 2496 Thomas

741 2523 1113 2587 Parochialis
1167 2525 1595 2605 possessionem
1648 2525 1953 2607 ingressus
2008 2536 2098 2589 est
2143 2548 2296 2589 anno

742 2617 981 2678 Domini
1010 2621 1185 2678 1717.

868 2711 1002 2772 Post
1039 2710 1226 2782 haec,
1273 2718 1483 2772 exorta
1526 2709 1643 2773 fuit
1683 2714 2091 2776 controversia
2137 2713 2296 2775 inter

745 2804 972 2867 dictum
995 2803 1286 2866 Thomam
1308 2824 1384 2865 ex
1409 2825 1554 2876 una,
1577 2814 1636 2867 et
1657 2825 1796 2867 suos
1817 2826 2132 2887 germanos
2153 2809 2298 2871 Fra-

747 2906 866 2960 tres
894 2898 967 2959 de
996 2897 1243 2959 Adamis
1272 2917 1347 2959 ex
1383 2898 1572 2960 altera
1609 2900 1916 2980 partibuS,
1962 2912 2084 2963 tam
2112 2922 2297 2984 super

746 2990 1046 3054 delatione
1068 2991 1311 3054 habitus
1334 2992 1648 3073 Regularis
1666 2993 2155 3076 congregationis
2179 2999 2296 3060 La-

749 3083 1112 3156 teranensis,
1143 3103 1329 3166 quam
1370 3104 1550 3166 super
1576 3106 1849 3168 regressu
1876 3132 1893 3162 ,
1937 3108 2042 3151 seu
2074 3090 2297 3154 reinte-

745 3180 1018 3262 gratione
1047 3179 1122 3241 ad
1164 3180 1327 3242 bona
1372 3180 1722 3243 renunciate
1747 3227 1764 3255 ,
1803 3184 2110 3246 occasione
2138 3186 2287 3246 Pro-

753 3273 1029 3336 fessionis
1061 3274 1122 3335 in
1149 3273 1621 3355 congregatione
1648 3276 2055 3343 Lateranensi.

871 3367 1085 3443 Quoad
1105 3368 1466 3429 delationem
1489 3367 1753 3441 habitus,
1776 3371 2018 3432 Fratres
2042 3372 2115 3434 de
2134 3373 2297 3435 Ada-

749 3462 887 3537 mis,
912 3462 1019 3544 qui
1050 3472 1316 3544 pugnant
1346 3482 1455 3542 pro
1480 3482 1552 3525 ea
1574 3509 1591 3536 ,
1622 3463 1968 3526 innituntur
1994 3467 2210 3528 Textui
2233 3466 2295 3527 in

748 3577 873 3637 cap.
912 3556 1060 3636 quod
1094 3555 1201 3616 Dei
1246 3558 1499 3617 timorem
1544 3558 1608 3617 de
1651 3570 1806 3620 statu
1837 3560 2252 3623 Monachorum
2276 3608 2294 3636 ‚

750 3652 922 3733 cujus
950 3650 1137 3710 verba
1183 3659 1325 3710 sunt
1357 3648 1547 3711 relata
1575 3650 1637 3711 in
1672 3652 1852 3715 citato
1885 3653 2121 3716 decreto
2151 3655 2297 3717 anni

755 3750 929 3807 1671.
969 3753 1028 3806 et
1073 3742 1158 3805 ita
1202 3762 1266 3804 se
1309 3743 1577 3819 habent;
1631 3743 1951 3808 Canonicus
1990 3768 2157 3820 vero,
2204 3752 2300 3810 cui

749 3840 1020 3921 ejusmodi
1043 3857 1354 3899 concessum
1391 3839 1563 3915 suerit
1598 3842 1887 3901 indultum
1914 3890 1930 3912 ,
1957 3843 2033 3903 ad
2066 3854 2299 3904 mentem

747 3935 999 4016 praefati
1033 3932 1349 3992 Innocentii
1376 3930 1488 3990 111.
1531 3933 1582 3991 si
1625 3936 1897 3996 commode
1924 3935 2051 4016 fieri
2077 3940 2252 4016 possit
2278 3983 2295 4010 ,

749 4032 960 4090 socium
1002 4047 1181 4087 unum
1218 4045 1295 4085 ex
1332 4046 1433 4085 suo
1459 4023 1724 4102 Ordine,
1765 4040 1816 4091 et
1859 4029 2300 4111 Conqreqatione

749 4143 932 4183 secum
971 4122 1215 4192 habeat,
1242 4120 1412 4197 cujus
1456 4121 1520 4179 in
1559 4122 1667 4192 iis,
1712 4143 1856 4202 quae
1884 4122 1992 4185 Dei
2030 4137 2162 4185 sunt
2188 4172 2208 4200 ,
2247 4138 2300 4187 et

752 4215 1054 4294 Reqularis
1081 4214 1461 4273 observantiae
1485 4258 1502 4284 ,
1534 4224 1651 4275 tam
1677 4219 1982 4290 consortio,
2007 4238 2180 4297 quam
2220 4239 2302 4279 so·

754 4311 894 4371 latio
915 4309 1254 4389 perfruatur
1279 4326 1296 4379 3
1326 4325 1402 4367 ex
1431 4305 1545 4368 hoc
1569 4308 1791 4370 etenim
1822 4310 2079 4373 infertur
2102 4314 2177 4374 ad
2204 4333 2302 4374 ne·

749 4403 1081 4465 cessitatem
1126 4399 1444 4461 delationis
1477 4400 1721 4463 habitus
1748 4452 1764 4474 ,
1811 4423 1887 4466 ne
1922 4406 2118 4468 socius
2163 4426 2302 4469 cum

749 4496 965 4559 habitu
989 4543 1006 4567 ,
1040 4504 1100 4557 et
1141 4493 1476 4555 Canonicus
1505 4494 1635 4556 sine
1661 4495 1877 4560 habitu
1915 4499 2195 4581 Regulari
2223 4501 2303 4564 ab

753 4590 1102 4652 hominibus
1125 4587 1469 4649 videantur.

873 4682 1113 4763 Excipit
1140 4702 1174 4742 e
1204 4689 1412 4742 contra
1441 4681 1703 4744 Thomas
1743 4702 1805 4745 se
1840 4686 1914 4746 ad
1950 4685 2169 4748 dictam
2199 4686 2302 4749 de-

755 4778 1040 4840 lationem
1087 4795 1209 4836 non
1238 4794 1365 4837 esse
1393 4774 1758 4857 obligatum,
1790 4789 1916 4840 tum
1961 4800 2036 4841 ex
2068 4792 2303 4862 recepta

753 4870 1187 4935 consuetudine
1201 4914 1219 4943 ,
1246 4877 1371 4930 tum
1396 4869 1460 4930 in
1480 4872 1784 4951 sequelam
1804 4872 2015 4935 Bullae·
2039 4879 2135 4935 34.
2163 4875 2304 4939 Leo·

753 4970 843 5028 nis
872 4966 947 5028 X.
978 4963 1217 5025 Bultar.
1253 4975 1383 5023 tom.
1421 4969 1474 5024 1.
1508 4964 1570 5025 in
1599 4984 1719 5046 qua
1749 4967 2110 5041 decernitur,
2140 4972 2305 5050 quod

754 5058 1039 5123 Canonici
1076 5057 1505 5119 Lateranenses
1544 5060 1621 5120 ad
1647 5059 2034 5142 Episcopatus
2074 5082 2305 5124 assum-

759 5154 843 5237 pti
876 5151 1153 5214 habitum
1193 5149 1468 5211 deserant
1508 5150 1775 5232 ejusdem
1812 5153 2059 5229 coloris,
2089 5164 2149 5217 et
2180 5155 2305 5218 for-

763 5266 895 5310 mae
912 5291 929 5319 ,
957 5245 1182 5326 quibus
1210 5252 1466 5305 utuntur
1489 5245 1765 5326 Episcopi
1793 5247 2157 5323 saeculares,
2183 5256 2307 5312 tam

757 5341 820 5402 in
851 5337 1079 5401 Sacello
1108 5336 1455 5410 Pontificio,
1486 5356 1672 5418 quam
1701 5349 1892 5403 extra.

876 5434 1039 5499 naec
1085 5433 1287 5515 quoad
1334 5432 1576 5496 habitus
1615 5433 2022 5514 delationem3
2065 5446 2125 5500 et
2171 5448 2307 5521 post

2398 923 2713 1006 regressui,
2745 933 2852 985 aut
2885 921 3337 1004 reintegrationi
3368 921 3589 994 locum3
3625 921 3769 1001 quia
3801 920 3940 982 licet

2399 1017 2462 1078 in
2488 1016 2945 1080 renunciatione
2970 1016 3185 1079 emissa
3215 1026 3452 1097 pactum
3479 1014 3743 1077 adfuerit
3766 1015 3941 1076 rede-

2398 1112 2549 1173 undi
2577 1113 2655 1175 ad
2684 1112 2843 1174 bona
2872 1112 3224 1174 renunciata
3247 1159 3265 1182 ,
3313 1129 3454 1172 casu
3479 1128 3602 1191 quo
3620 1109 3697 1172 ad
3731 1129 3941 1172 saecu-

2397 1203 2526 1265 lum
2550 1224 2825 1268 reversus
2858 1204 3067 1267 fuisset
3090 1250 3107 1279 ,
3136 1208 3202 1266 in
3240 1208 3569 1286 quatunque
3616 1216 3789 1285 tempo
3811 1253 3829 1276 ,
3876 1208 3943 1266 in

2398 1301 2723 1379 qualunque
2744 1301 2903 1360 modo
2927 1303 3014 1361 cio
3038 1302 3301 1379 sequisse,
3326 1308 3561 1380 pactum
3591 1308 3787 1360 tamen
3819 1319 3944 1362 non

2399 1393 2475 1455 ad
2521 1393 2716 1455 solum
2761 1393 3206 1456 usumfructum
3262 1394 3601 1456 restrictum
3652 1393 3768 1456 fuit
3789 1441 3806 1469 ,
3837 1395 3945 1457 sed

2398 1488 2579 1550 etiam
2608 1497 2926 1551 extensum
2955 1489 3031 1550 ad
3058 1488 3486 1570 proprietatem
3511 1534 3528 1561 ,
3553 1509 3699 1549 come
3725 1509 3778 1548 se
3804 1491 3943 1567 [osse

2398 1594 2543 1645 stato
2572 1603 2781 1664 sempre
2801 1585 2896 1644 nel
2918 1583 3135 1655 Secolo,
3157 1603 3185 1643 e
3206 1603 3321 1642 non
3339 1603 3521 1645 avene
3547 1585 3696 1661 [atta
3719 1587 3837 1645 mai
3859 1586 3948 1645 al·

2398 1695 2547 1737 cuna
2568 1678 2879 1745 rinunzia;
2905 1676 2969 1736 in
3009 1695 3133 1757 quo
3161 1695 3369 1737 rerum
3417 1675 3675 1738 themate
3701 1721 3717 1747 ,
3767 1677 3945 1739 sicuti

2397 1778 2625 1832 certum
2650 1779 2761 1842 est,
2787 1769 3153 1832 Canonicum
3182 1767 3550 1851 Regularum
3582 1788 3685 1849 per
3715 1788 3945 1832 assecu-

2402 1863 2624 1927 tionem
2646 1863 2930 1926 Beneficii
2954 1862 3161 1926 Curati
3188 1882 3313 1928 non
3337 1863 3694 1925 remansisse
3722 1863 3764 1924 li
3773 1864 3947 1926 bera·-

2401 1965 2528 2019 tum
2572 1976 2609 2020 a
2648 1965 2788 2021 voto
2825 1957 3194 2039 paupertatis
3230 1959 3408 2039 juxta
3448 1968 3624 2019 const.
3654 1957 3949 2021 Benedicti

2399 2051 2536 2113 XII.
2559 2054 2623 2112 in
2647 2054 2843 2113 ordine
2871 2053 2929 2113 la
2951 2057 3009 2112 6.
3033 2050 3200 2112 Bull.
3231 2061 3362 2112 tom.
3392 2056 3446 2112 1.
3478 2051 3544 2135 §⁶
3578 2057 3676 2114 32.
3702 2052 3788 2115 sic
3814 2052 3948 2114 nul·

2400 2145 2528 2207 lum
2577 2147 2703 2226 ipse
2741 2147 3032 2229 juvamen
3063 2164 3099 2207 a
3133 2146 3290 2207 dicto
3316 2153 3487 2226 pacto
3510 2194 3527 2216 ,
3580 2154 3786 2227 utpote
3830 2167 3942 2227 pu-

2400 2248 2622 2320 gnante
2634 2239 2920 2302 adversus
2938 2246 3145 2300 votum
3167 2239 3556 2320 paupertatis,
3580 2239 3949 2320 praesidium

2401 2334 2561 2397 valet
2594 2343 2904 2415 reportare
2924 2380 2941 2407 ,
2972 2332 3153 2396 Barb.
3198 2335 3265 2395 de
3296 2336 3433 2412 jure
3480 2334 3691 2396 Eccles.
3743 2337 3842 2396 lib.
3886 2340 3943 2397 1.

2399 2449 2524 2510 cap.
2558 2433 2657 2491 42.
2684 2449 2843 2490 num.
2879 2433 3012 2489 tlt-2.
3045 2429 3230 2491 Bocca
3269 2429 3414 2508 disp.
3440 2430 3595 2507 juris
3639 2449 3763 2512 cap.
3804 2434 3939 2491 194.

2399 2543 2558 2584 num.
2590 2528 2689 2584 74.
2721 2522 2885 2583 Torr.
2915 2524 3136 2584 variar.
3172 2533 3305 2583 tom.
3358 2529 3417 2585 3.
3442 2534 3601 2604 part.
3635 2528 3695 2585 2.
3730 2536 3946 2603 quaest.

2403 2623 2502 2680 77.
2534 2620 2625 2678 tit.
2669 2623 2763 2679 12.
2795 2638 2956 2678 num.
2990 2622 3088 2678 28.

2523 2712 2865 2774 Praetendit
2897 2731 2931 2774 e
2968 2718 3177 2774 contra
3226 2711 3488 2774 Thomas
3536 2732 3660 2776 non
3712 2713 3956 2777 obstare

2402 2816 2543 2868 voto
2570 2806 2939 2888 paupertatis
2979 2805 3437 2886 acquisitionem
3468 2808 3790 2880 bonorum,
3827 2808 3950 2870 sal-

2403 2908 2524 2962 tem
2552 2899 2751 2981 quoad
2776 2897 3218 2961 usumfructum
3236 2947 3255 2969 ‚
3290 2901 3471 2980 juxta
3497 2901 3668 2962 Text.
3701 2903 3765 2962 in
3793 2901 3943 2963 Can.
4024 2955 4029 2962 ,

2402 3005 2681 3057 statutum
2714 2996 2809 3053 18.
2839 3001 3056 3072 quaest.
3092 2995 3146 3051 1.
3179 3001 3236 3053 et
3256 2991 3340 3054 sic
3366 2991 3485 3053 sibi
3516 2992 3804 3076 denegari
3829 3013 3952 3056 non

2405 3108 2574 3172 posse
2597 3133 2615 3163 ,
2667 3094 2866 3168 spreta
2895 3104 3281 3167 quacumque
3326 3084 3695 3152 formalitate
3734 3090 3953 3151 verbo-

2403 3204 2543 3246 rum
2569 3229 2586 3258 ,
2616 3201 2773 3263 quae
2806 3180 2870 3241 in
2898 3180 3099 3261 rigido
3131 3198 3308 3242 sensu
3331 3181 3490 3242 sumi
3538 3201 3661 3244 non
3688 3183 3908 3246 debent
3929 3229 3950 3258 ,

2404 3295 2738 3359 regressum
2764 3275 2839 3337 ad
2864 3274 3071 3336 omnia
3089 3319 3108 3347 ,
3136 3283 3196 3335 et
3222 3274 3463 3356 singula
3484 3277 3644 3339 bona
3667 3322 3685 3351 ,
3715 3287 3836 3339 tam
3862 3277 3955 3340 lo-

2404 3371 2643 3454 quendo
2662 3371 2737 3432 de
2764 3368 2887 3429 illis
2914 3416 2932 3439 ,
2957 3386 3117 3448 quae
3142 3366 3406 3430 habebat
3424 3377 3564 3431 ante
3592 3369 3953 3450 ingressum,

2404 3485 2588 3547 quam
2616 3465 2692 3525 de
2717 3462 2839 3524 illis
2864 3507 2882 3536 ,
2908 3480 3170 3542 quorum
3191 3462 3319 3523 dies
3342 3462 3759 3543 acquisitionis
3780 3463 3954 3526 cessit

2405 3570 2693 3640 tempore,
2724 3575 2848 3639 quo
2868 3556 3263 3637 permanebat
3290 3555 3449 3618 inter
3476 3556 3808 3619 Canonicos
3836 3560 3954 3620 Re-

2403 3653 2642 3736 gulares
2665 3699 2681 3726 ,
2708 3653 2878 3733 juxta
2912 3648 3171 3712 resoluta
3200 3669 3304 3730 per
3336 3651 3468 3714 Rot.
3497 3652 3561 3711 in
3586 3651 3952 3719 Anconitana

2407 3748 2782 3809 successionis
2805 3750 2902 3805 23.
2944 3743 3249 3804 Februarii
3290 3745 3457 3822 hujus
3483 3748 3629 3806 anni
3657 3750 3831 3806 1722.
3861 3766 3956 3806 co-

2407 3863 2535 3904 ram
2561 3842 2635 3904 R.
2675 3841 2749 3901 P.
2781 3839 2855 3898 D.
2893 3837 3283 3916 Calcaqnino,
3321 3838 3382 3899 in
3418 3857 3542 3919 qua
3570 3850 3705 3920 post
3749 3842 3960 3921 acqui..

2406 3938 2683 3999 sitionem
2713 3931 3040 3997 Parochiae
3070 3951 3343 3994 concessa
3384 3931 3503 3994 fuit
3547 3933 3840 3996 immissio
3884 3933 3951 3996 in

2410 4030 2724 4093 usufructu
2743 4025 2990 4089 Nicolao
3013 4025 3284 4087 Ferretto
3309 4025 3386 4088 ad
3406 4026 3612 4088 omnia
3642 4028 3803 4090 bona
3843 4030 3958 4090 Pa·-

2410 4134 2579 4193 terna
2606 4170 2622 4196 ,
2656 4124 2931 4185 Materna
2953 4167 2970 4195 ,
3004 4120 3318 4191 Fraterna,
3347 4128 3406 4182 et
3429 4120 3638 4195 Avita,
3675 4140 3833 4202 quae
3856 4140 3957 4183 oc-

2408 4219 2645 4280 casione
2672 4214 3061 4279 Professionis
3079 4214 3239 4275 inter
3258 4212 3585 4276 Canonicos
3611 4214 3957 4295 Regulares,

2411 4314 2837 4375 Lateranenses
2859 4309 3348 4380 renunciaverat,
3384 4306 3589 4370 favore
3616 4307 3710 4368 Jo.
3758 4307 3961 4388 Bapti-

2406 4416 2531 4469 stae
2563 4405 2756 4468 Patris
2782 4450 2799 4478 ,
2840 4403 2945 4484 qui
2980 4421 3089 4482 pro
3119 4420 3182 4462 se
3204 4446 3221 4475 ,
3275 4409 3334 4463 et
3381 4401 3742 4463 haeredibus
3792 4420 3960 4465 acoe-

2409 4508 2681 4582 ptaverat
2697 4547 2711 4570 ,
2748 4498 2954 4560 addito
2979 4504 3150 4578 pacto
3176 4495 3482 4558 reversivo
3513 4496 3577 4557 in
3605 4515 3744 4559 casu
3768 4516 3960 4579 egres-

2409 4616 2510 4657 sus
2535 4614 2570 4657 a
2597 4592 2911 4675 Religione
2938 4633 2954 4651 .

2529 4688 2639 4750 His
2659 4685 2981 4756 stantibus,
3006 4704 3143 4747 cum
3165 4684 3308 4765 jura
3332 4682 3639 4746 hincinde
3657 4684 3962 4747 deducan-

2413 4792 2510 4847 tur
2537 4829 2554 4856 ,
2589 4781 2927 4863 quaeritur:

2530 4878 2582 4937 1.
2638 4876 2735 4936 An
2781 4874 3018 4936 Thomas
3065 4873 3131 4933 de
3171 4871 3408 4934 Adamis
3457 4882 3714 4935 teneatur
3756 4873 3968 4952 deferre

2413 4972 2667 5033 habitum
2696 4971 3032 5049 Reqularem
3060 4965 3522 5046 Conqreqationis
3541 4966 3961 5040 Lauronensis,

2415 5077 2532 5128 tam
2547 5069 2612 5126 in
2632 5065 3012 5144 functionibus
3033 5062 3438 5131 ecclesiasticis,
3460 5081 3633 5140 quam
3654 5071 3823 5123 extra
3842 5061 3965 5122 Ec-

2409 5162 2636 5222 clesiam
2664 5208 2679 5231 ,
2726 5169 2776 5219 et
2821 5159 3114 5238 respective
3153 5156 3352 5217 habere
3375 5157 3587 5216 socium
3616 5155 3961 5235 Requtarem

2415 5256 2595 5315 dictae
2627 5252 3086 5333 Conpreqationis
3109 5294 3126 5310 .

2531 5347 2613 5408 II.
2645 5348 2739 5408 An
2761 5348 2935 5408 eidem
2966 5344 3019 5405 T
3014 5346 3206 5405 homae
3234 5343 3300 5403 de
3325 5340 3561 5403 Adamis
3582 5352 3852 5422 competat
3874 5364 3967 5405 re-

2411 5463 2631 5523 qressus
2650 5490 2669 5515 ,
2698 5461 2793 5503 seu
2819 5440 3181 5519 reinteqratio
3201 5437 3278 5499 ad
3298 5438 3439 5499 bona
3461 5438 3795 5500 renuntiata
3815 5456 3971 5500 oeca-
