<?xml version="1.0" encoding="UTF-8"?>
<!DOCTYPE html PUBLIC "-//W3C//DTD XHTML 1.0 Transitional//EN"
    "http://www.w3.org/TR/xhtml1/DTD/xhtml1-transitional.dtd">
<html xmlns="http://www.w3.org/1999/xhtml" xml:lang="en" lang="en">
 <head>
  <title>
</title>
<meta http-equiv="Content-Type" content="text/html;charset=utf-8" />
  <meta name='ocr-system' content='tesseract 3.04.00' />
  <meta name='ocr-capabilities' content='ocr_page ocr_carea ocr_par ocr_line ocrx_word'/>
</head>
<body>
  <div class='ocr_page' id='page_1' title='image "benedictixivpon01xivgoog_0096.png"; bbox 0 0 4393 6299; ppageno 0'>
   <div class='ocr_carea' id='block_1_1' title="bbox 956 480 2823 553">
    <p class='ocr_par' dir='ltr' id='par_1_1' title="bbox 956 480 2823 553">
     <span class='ocr_line' id='line_1_1' title="bbox 956 480 2823 553; baseline -0.009 -2"><span class='ocrx_word' id='word_1_1' title='bbox 956 499 1028 551; x_wconf 78' lang='lat'><strong>88</strong></span> <span class='ocrx_word' id='word_1_2' title='bbox 1978 483 2344 553; x_wconf 76' lang='lat' dir='ltr'><strong>QUAEs‘rtoN</strong></span> <span class='ocrx_word' id='word_1_3' title='bbox 2352 484 2426 537; x_wconf 76' lang='lat' dir='ltr'><strong>Es</strong></span> <span class='ocrx_word' id='word_1_4' title='bbox 2462 480 2690 536; x_wconf 73' lang='lat' dir='ltr'>CANON</span> <span class='ocrx_word' id='word_1_5' title='bbox 2697 483 2823 535; x_wconf 76' lang='lat' dir='ltr'><strong>10AE</strong></span> 
     </span>
    </p>
   </div>
   <div class='ocr_carea' id='block_1_2' title="bbox 769 641 2323 812">
    <p class='ocr_par' dir='ltr' id='par_1_2' title="bbox 769 641 2323 812">
     <span class='ocr_line' id='line_1_2' title="bbox 771 641 2323 718; baseline -0.01 -10"><span class='ocrx_word' id='word_1_6' title='bbox 771 651 1125 707; x_wconf 71' lang='lat' dir='ltr'><strong>recedendum</strong></span> <span class='ocrx_word' id='word_1_7' title='bbox 1151 646 1337 718; x_wconf 74' lang='lat' dir='ltr'><strong>quoad</strong></span> <span class='ocrx_word' id='word_1_8' title='bbox 1353 641 1649 700; x_wconf 77' lang='lat' dir='ltr'><strong>secundam</strong></span> <span class='ocrx_word' id='word_1_9' title='bbox 1669 653 1884 715; x_wconf 75' lang='lat' dir='ltr'><strong>panem</strong></span> <span class='ocrx_word' id='word_1_10' title='bbox 1910 641 2107 711; x_wconf 74' lang='lat' dir='ltr'><strong>quinti,</strong></span> <span class='ocrx_word' id='word_1_11' title='bbox 2140 651 2194 694; x_wconf 75' lang='lat' dir='ltr'><strong>et</strong></span> <span class='ocrx_word' id='word_1_12' title='bbox 2213 656 2323 693; x_wconf 81' lang='lat' dir='ltr'><strong>am-</strong></span> 
     </span>
     <span class='ocr_line' id='line_1_3' title="bbox 769 744 942 812; baseline -0.017 -16"><span class='ocrx_word' id='word_1_13' title='bbox 769 744 942 812; x_wconf 74' lang='lat' dir='ltr'><strong>plius.</strong></span> 
     </span>
    </p>
   </div>
   <div class='ocr_carea' id='block_1_3' title="bbox 1207 930 1902 1012">
    <p class='ocr_par' dir='ltr' id='par_1_3' title="bbox 1207 930 1902 1012">
     <span class='ocr_line' id='line_1_4' title="bbox 1207 930 1902 1012; baseline -0.014 -12"><span class='ocrx_word' id='word_1_14' title='bbox 1207 933 1565 1012; x_wconf 82' lang='lat' dir='ltr'>QUAESTIO</span> <span class='ocrx_word' id='word_1_15' title='bbox 1614 930 1902 994; x_wconf 84' lang='lat' dir='ltr'><strong>LXXXI.</strong></span> 
     </span>
    </p>
   </div>
   <div class='ocr_carea' id='block_1_4' title="bbox 878 1119 2202 1283">
    <p class='ocr_par' dir='ltr' id='par_1_4' title="bbox 878 1119 2202 1283">
     <span class='ocr_line' id='line_1_5' title="bbox 878 1119 2202 1207; baseline -0.012 -16"><span class='ocrx_word' id='word_1_16' title='bbox 878 1132 948 1191; x_wconf 87' lang='lat' dir='ltr'><strong>In</strong></span> <span class='ocrx_word' id='word_1_17' title='bbox 987 1129 1179 1191; x_wconf 79' lang='lat' dir='ltr'><strong>Causa</strong></span> <span class='ocrx_word' id='word_1_18' title='bbox 1211 1126 1491 1207; x_wconf 76' lang='lat' dir='ltr'><strong>Nepesina</strong></span> <span class='ocrx_word' id='word_1_19' title='bbox 1529 1122 1912 1184; x_wconf 74' lang='lat' dir='ltr'><strong><em>canonicatus</em></strong></span> <span class='ocrx_word' id='word_1_20' title='bbox 1938 1165 1954 1190; x_wconf 86' lang='lat'>‚</span> <span class='ocrx_word' id='word_1_21' title='bbox 1984 1119 2073 1178; x_wconf 75' lang='lat' dir='ltr'><strong>die</strong></span> <span class='ocrx_word' id='word_1_22' title='bbox 2100 1121 2202 1176; x_wconf 79' lang='lat'><strong>21.</strong></span> 
     </span>
     <span class='ocr_line' id='line_1_6' title="bbox 1294 1220 1796 1283; baseline -0.016 0"><span class='ocrx_word' id='word_1_23' title='bbox 1294 1220 1580 1283; x_wconf 76' lang='lat' dir='ltr'><strong><em>Ianuarii</em></strong></span> <span class='ocrx_word' id='word_1_24' title='bbox 1620 1221 1796 1277; x_wconf 83' lang='grc'><strong>1719.</strong></span> 
     </span>
    </p>
   </div>
   <div class='ocr_carea' id='block_1_5' title="bbox 742 1359 2313 5358">
    <p class='ocr_par' dir='ltr' id='par_1_5' title="bbox 751 1359 2313 3190">
     <span class='ocr_line' id='line_1_7' title="bbox 769 1359 2311 1480; baseline -0.016 1"><span class='ocrx_word' id='word_1_25' title='bbox 769 1359 1105 1480; x_wconf 82' lang='lat' dir='ltr'><strong>Flaminia</strong></span> <span class='ocrx_word' id='word_1_26' title='bbox 1128 1413 1481 1477; x_wconf 88' lang='lat' dir='ltr'><strong>Fantibassa</strong></span> <span class='ocrx_word' id='word_1_27' title='bbox 1500 1408 1564 1470; x_wconf 87' lang='lat' dir='ltr'><strong>in</strong></span> <span class='ocrx_word' id='word_1_28' title='bbox 1591 1426 1701 1469; x_wconf 93' lang='lat' dir='ltr'><strong>suo</strong></span> <span class='ocrx_word' id='word_1_29' title='bbox 1731 1404 1943 1467; x_wconf 87' lang='lat' dir='ltr'><strong>ultimo</strong></span> <span class='ocrx_word' id='word_1_30' title='bbox 1964 1403 2311 1462; x_wconf 89' lang='lat' dir='ltr'><strong>Testamen-</strong></span> 
     </span>
     <span class='ocr_line' id='line_1_8' title="bbox 770 1491 2313 1585; baseline -0.016 -9"><span class='ocrx_word' id='word_1_31' title='bbox 770 1525 852 1585; x_wconf 79' lang='lat' dir='ltr'><strong>to,</strong></span> <span class='ocrx_word' id='word_1_32' title='bbox 884 1512 1125 1577; x_wconf 88' lang='lat' dir='ltr'><strong>condito</strong></span> <span class='ocrx_word' id='word_1_33' title='bbox 1144 1511 1219 1572; x_wconf 92' lang='lat' dir='ltr'><strong>de</strong></span> <span class='ocrx_word' id='word_1_34' title='bbox 1247 1525 1407 1570; x_wconf 89' lang='lat' dir='ltr'><strong>anno</strong></span> <span class='ocrx_word' id='word_1_35' title='bbox 1434 1508 1607 1565; x_wconf 79' lang='lat'><strong>1629.</strong></span> <span class='ocrx_word' id='word_1_36' title='bbox 1641 1498 1957 1562; x_wconf 88' lang='lat' dir='ltr'><strong>haeredem</strong></span> <span class='ocrx_word' id='word_1_37' title='bbox 1998 1493 2114 1555; x_wconf 90' lang='lat' dir='ltr'><strong>sibi</strong></span> <span class='ocrx_word' id='word_1_38' title='bbox 2163 1491 2313 1554; x_wconf 92' lang='lat' dir='ltr'><strong>scri-</strong></span> 
     </span>
     <span class='ocr_line' id='line_1_9' title="bbox 766 1586 2309 1694; baseline -0.019 -19"><span class='ocrx_word' id='word_1_39' title='bbox 766 1615 884 1694; x_wconf 88' lang='lat' dir='ltr'><strong>psit</strong></span> <span class='ocrx_word' id='word_1_40' title='bbox 911 1607 1298 1672; x_wconf 87' lang='lat' dir='ltr'><strong>Franciscum</strong></span> <span class='ocrx_word' id='word_1_41' title='bbox 1346 1600 1687 1663; x_wconf 88' lang='lat' dir='ltr'><strong>Galeotturn</strong></span> <span class='ocrx_word' id='word_1_42' title='bbox 1731 1613 1908 1655; x_wconf 91' lang='lat' dir='ltr'><strong>suum</strong></span> <span class='ocrx_word' id='word_1_43' title='bbox 1935 1592 2167 1660; x_wconf 84' lang='lat' dir='ltr'><strong>virum,</strong></span> <span class='ocrx_word' id='word_1_44' title='bbox 2198 1586 2309 1648; x_wconf 89' lang='lat' dir='ltr'><strong>cui</strong></span> 
     </span>
     <span class='ocr_line' id='line_1_10' title="bbox 765 1686 2304 1784; baseline -0.018 -15"><span class='ocrx_word' id='word_1_45' title='bbox 765 1719 929 1769; x_wconf 67' lang='lat' dir='ltr'><strong>onus·</strong></span> <span class='ocrx_word' id='word_1_46' title='bbox 956 1703 1241 1784; x_wconf 79' lang='lat' dir='ltr'>imposuit</span> <span class='ocrx_word' id='word_1_47' title='bbox 1267 1695 1540 1779; x_wconf 86' lang='lat' dir='ltr'><strong>erigendi</strong></span> <span class='ocrx_word' id='word_1_48' title='bbox 1593 1711 1785 1754; x_wconf 88' lang='lat' dir='ltr'><strong>unum</strong></span> <span class='ocrx_word' id='word_1_49' title='bbox 1824 1686 2256 1750; x_wconf 81' lang='lat' dir='ltr'><strong>Canonicatu‘m</strong></span> <span class='ocrx_word' id='word_1_50' title='bbox 2287 1733 2304 1755; x_wconf 93' lang='lat'><strong>,</strong></span> 
     </span>
     <span class='ocr_line' id='line_1_11' title="bbox 762 1778 2307 1878; baseline -0.017 -15"><span class='ocrx_word' id='word_1_51' title='bbox 762 1803 891 1864; x_wconf 83' lang='lat' dir='ltr'><strong>sive</strong></span> <span class='ocrx_word' id='word_1_52' title='bbox 919 1793 1368 1878; x_wconf 88' lang='lat' dir='ltr'><strong>Cappellaniam</strong></span> <span class='ocrx_word' id='word_1_53' title='bbox 1399 1791 1463 1851; x_wconf 92' lang='lat' dir='ltr'><strong>in</strong></span> <span class='ocrx_word' id='word_1_54' title='bbox 1496 1786 1760 1849; x_wconf 79' lang='lat' dir='ltr'><strong>Ecclesia</strong></span> <span class='ocrx_word' id='word_1_55' title='bbox 1789 1779 2134 1844; x_wconf 89' lang='lat' dir='ltr'><strong>Cathedrali</strong></span> <span class='ocrx_word' id='word_1_56' title='bbox 2187 1778 2307 1838; x_wconf 88' lang='lat' dir='ltr'><strong>Ne-</strong></span> 
     </span>
     <span class='ocr_line' id='line_1_12' title="bbox 760 1875 2308 1976; baseline -0.016 -20"><span class='ocrx_word' id='word_1_57' title='bbox 760 1897 1007 1976; x_wconf 82' lang='lat' dir='ltr'><strong>pesina;</strong></span> <span class='ocrx_word' id='word_1_58' title='bbox 1037 1902 1156 1972; x_wconf 81' lang='lat' dir='ltr'><strong>post</strong></span> <span class='ocrx_word' id='word_1_59' title='bbox 1184 1896 1414 1948; x_wconf 79' lang='lat' dir='ltr'><strong>mortem</strong></span> <span class='ocrx_word' id='word_1_60' title='bbox 1441 1894 1635 1946; x_wconf 77' lang='lat' dir='ltr'><strong>antem</strong></span> <span class='ocrx_word' id='word_1_61' title='bbox 1663 1880 1802 1939; x_wconf 84' lang='lat' dir='ltr'><strong>dicti</strong></span> <span class='ocrx_word' id='word_1_62' title='bbox 1827 1875 2116 1936; x_wconf 84' lang='lat' dir='ltr'><strong>Francisci</strong></span> <span class='ocrx_word' id='word_1_63' title='bbox 2143 1893 2308 1933; x_wconf 87' lang='lat' dir='ltr'><strong>man-</strong></span> 
     </span>
     <span class='ocr_line' id='line_1_13' title="bbox 763 1969 2310 2062; baseline -0.017 -11"><span class='ocrx_word' id='word_1_64' title='bbox 763 1992 919 2050; x_wconf 80' lang='lat' dir='ltr'><strong>davit</strong></span> <span class='ocrx_word' id='word_1_65' title='bbox 942 1989 1007 2048; x_wconf 78' lang='lat' dir='ltr'><strong>dc</strong></span> <span class='ocrx_word' id='word_1_66' title='bbox 1047 1985 1165 2062; x_wconf 79' lang='lat' dir='ltr'><strong>ejus</strong></span> <span class='ocrx_word' id='word_1_67' title='bbox 1207 1980 1546 2044; x_wconf 78' lang='lat' dir='ltr'><strong>haereditate</strong></span> <span class='ocrx_word' id='word_1_68' title='bbox 1579 1976 1705 2057; x_wconf 79' lang='lat' dir='ltr'><strong>fieri</strong></span> <span class='ocrx_word' id='word_1_69' title='bbox 1747 1973 1921 2050; x_wconf 76' lang='lat' dir='ltr'><strong>criqi,</strong></span> <span class='ocrx_word' id='word_1_70' title='bbox 1950 1979 2000 2029; x_wconf 82' lang='lat' dir='ltr'><strong>ct</strong></span> <span class='ocrx_word' id='word_1_71' title='bbox 2027 1969 2218 2028; x_wconf 78' lang='lat' dir='ltr'><strong>dotari</strong></span> <span class='ocrx_word' id='word_1_72' title='bbox 2247 1969 2310 2026; x_wconf 84' lang='lat' dir='ltr'><strong>in</strong></span> 
     </span>
     <span class='ocr_line' id='line_1_14' title="bbox 757 2061 2303 2147; baseline -0.016 -1"><span class='ocrx_word' id='word_1_73' title='bbox 757 2084 1017 2147; x_wconf 73' lang='lat' dir='ltr'><strong><em>Ecclesia</em></strong></span> <span class='ocrx_word' id='word_1_74' title='bbox 1040 2077 1377 2142; x_wconf 80' lang='lat' dir='ltr'><strong>Cathcdrali</strong></span> <span class='ocrx_word' id='word_1_75' title='bbox 1400 2072 1611 2133; x_wconf 78' lang='lat' dir='ltr'><strong>Beatac</strong></span> <span class='ocrx_word' id='word_1_76' title='bbox 1633 2068 1866 2131; x_wconf 75' lang='lat' dir='ltr'><strong>Mariae</strong></span> <span class='ocrx_word' id='word_1_77' title='bbox 1886 2064 2155 2126; x_wconf 80' lang='lat' dir='ltr'><strong>Civitatis</strong></span> <span class='ocrx_word' id='word_1_78' title='bbox 2184 2061 2303 2124; x_wconf 81' lang='lat' dir='ltr'><strong>Nc-</strong></span> 
     </span>
     <span class='ocr_line' id='line_1_15' title="bbox 758 2159 2310 2262; baseline -0.017 -19"><span class='ocrx_word' id='word_1_79' title='bbox 758 2183 982 2262; x_wconf 79' lang='lat' dir='ltr'><strong>pcsinac</strong></span> <span class='ocrx_word' id='word_1_80' title='bbox 1015 2194 1196 2236; x_wconf 73' lang='lat' dir='ltr'><strong>annm</strong></span> <span class='ocrx_word' id='word_1_81' title='bbox 1223 2170 1637 2233; x_wconf 83' lang='lat' dir='ltr'><strong>Canonicatnm</strong></span> <span class='ocrx_word' id='word_1_82' title='bbox 1667 2210 1681 2235; x_wconf 90' lang='lat'><strong>,</strong></span> <span class='ocrx_word' id='word_1_83' title='bbox 1719 2164 1832 2223; x_wconf 78' lang='lat' dir='ltr'><strong>sive</strong></span> <span class='ocrx_word' id='word_1_84' title='bbox 1872 2159 2310 2240; x_wconf 81' lang='lat' dir='ltr'><strong>Cappcllaniam</strong></span> 
     </span>
     <span class='ocr_line' id='line_1_16' title="bbox 759 2253 2303 2337; baseline -0.015 0"><span class='ocrx_word' id='word_1_85' title='bbox 759 2295 888 2336; x_wconf 80' lang='lat' dir='ltr'><strong>cum</strong></span> <span class='ocrx_word' id='word_1_86' title='bbox 919 2274 1042 2334; x_wconf 72' lang='lat' dir='ltr'><strong>dote</strong></span> <span class='ocrx_word' id='word_1_87' title='bbox 1087 2278 1372 2330; x_wconf 74' lang='lat' dir='ltr'><strong>scutorum</strong></span> <span class='ocrx_word' id='word_1_88' title='bbox 1409 2266 1583 2323; x_wconf 89' lang='grc'><strong>1000.</strong></span> <span class='ocrx_word' id='word_1_89' title='bbox 1615 2266 1675 2320; x_wconf 88' lang='lat' dir='ltr'><strong>et</strong></span> <span class='ocrx_word' id='word_1_90' title='bbox 1701 2257 1848 2337; x_wconf 90' lang='lat' dir='ltr'><strong>quia</strong></span> <span class='ocrx_word' id='word_1_91' title='bbox 1890 2253 2022 2316; x_wconf 89' lang='lat' dir='ltr'><strong>dari</strong></span> <span class='ocrx_word' id='word_1_92' title='bbox 2072 2261 2303 2333; x_wconf 89' lang='lat' dir='ltr'><strong>poterat</strong></span> 
     </span>
     <span class='ocr_line' id='line_1_17' title="bbox 756 2347 2305 2446; baseline -0.018 -12"><span class='ocrx_word' id='word_1_93' title='bbox 756 2388 960 2441; x_wconf 88' lang='lat' dir='ltr'><strong>casus,</strong></span> <span class='ocrx_word' id='word_1_94' title='bbox 996 2363 1159 2446; x_wconf 90' lang='lat' dir='ltr'><strong>quod</strong></span> <span class='ocrx_word' id='word_1_95' title='bbox 1188 2357 1485 2422; x_wconf 82' lang='lat' dir='ltr'><strong>Antonius</strong></span> <span class='ocrx_word' id='word_1_96' title='bbox 1508 2348 1853 2416; x_wconf 88' lang='lat' dir='ltr'><strong>Testatricis</strong></span> <span class='ocrx_word' id='word_1_97' title='bbox 1881 2347 2069 2409; x_wconf 81' lang='lat' dir='ltr'><strong>frater</strong></span> <span class='ocrx_word' id='word_1_98' title='bbox 2096 2366 2305 2425; x_wconf 63' lang='lat' dir='ltr'><strong>super,-</strong></span> 
     </span>
     <span class='ocr_line' id='line_1_18' title="bbox 755 2441 2303 2526; baseline -0.018 1"><span class='ocrx_word' id='word_1_99' title='bbox 755 2464 1004 2526; x_wconf 81' lang='lat' dir='ltr'><strong>vixisset</strong></span> <span class='ocrx_word' id='word_1_100' title='bbox 1036 2456 1354 2520; x_wconf 87' lang='lat' dir='ltr'><strong>Francisco</strong></span> <span class='ocrx_word' id='word_1_101' title='bbox 1401 2452 1535 2514; x_wconf 84' lang='lat' dir='ltr'><strong>viro</strong></span> <span class='ocrx_word' id='word_1_102' title='bbox 1553 2495 1570 2523; x_wconf 89' lang='lat'><strong>,</strong></span> <span class='ocrx_word' id='word_1_103' title='bbox 1621 2446 1687 2508; x_wconf 90' lang='lat' dir='ltr'><strong>in</strong></span> <span class='ocrx_word' id='word_1_104' title='bbox 1731 2445 1848 2506; x_wconf 90' lang='lat' dir='ltr'><strong>hac</strong></span> <span class='ocrx_word' id='word_1_105' title='bbox 1880 2443 2019 2506; x_wconf 82' lang='lat' dir='ltr'><strong>facti</strong></span> <span class='ocrx_word' id='word_1_106' title='bbox 2071 2441 2265 2520; x_wconf 86' lang='lat' dir='ltr'><strong>specie</strong></span> <span class='ocrx_word' id='word_1_107' title='bbox 2288 2490 2303 2513; x_wconf 91' lang='lat'><strong>,</strong></span> 
     </span>
     <span class='ocr_line' id='line_1_19' title="bbox 756 2533 2307 2623; baseline -0.016 -1"><span class='ocrx_word' id='word_1_108' title='bbox 756 2555 1058 2621; x_wconf 85' lang='lat' dir='ltr'><strong>Flaminia</strong></span> <span class='ocrx_word' id='word_1_109' title='bbox 1086 2545 1509 2619; x_wconf 86' lang='lat' dir='ltr'><strong>demandavit,</strong></span> <span class='ocrx_word' id='word_1_110' title='bbox 1561 2542 1727 2623; x_wconf 90' lang='lat' dir='ltr'><strong>quod</strong></span> <span class='ocrx_word' id='word_1_111' title='bbox 1759 2533 2141 2601; x_wconf 75' lang='lat' dir='ltr'><strong>ususfructus</strong></span> <span class='ocrx_word' id='word_1_112' title='bbox 2172 2558 2307 2599; x_wconf 88' lang='lat' dir='ltr'><strong>scu-</strong></span> 
     </span>
     <span class='ocr_line' id='line_1_20' title="bbox 759 2631 2303 2726; baseline -0.017 -10"><span class='ocrx_word' id='word_1_113' title='bbox 759 2664 959 2716; x_wconf 91' lang='lat' dir='ltr'><strong>torum</strong></span> <span class='ocrx_word' id='word_1_114' title='bbox 991 2653 1162 2711; x_wconf 91' lang='grc'><strong>1000.</strong></span> <span class='ocrx_word' id='word_1_115' title='bbox 1198 2643 1499 2726; x_wconf 88' lang='lat' dir='ltr'><strong>pertinere</strong></span> <span class='ocrx_word' id='word_1_116' title='bbox 1533 2637 1778 2699; x_wconf 79' lang='lat' dir='ltr'><strong>deberet</strong></span> <span class='ocrx_word' id='word_1_117' title='bbox 1818 2634 1894 2697; x_wconf 88' lang='lat' dir='ltr'><strong>ad</strong></span> <span class='ocrx_word' id='word_1_118' title='bbox 1929 2631 2262 2695; x_wconf 83' lang='lat' dir='ltr'><strong>Antonium</strong></span> <span class='ocrx_word' id='word_1_119' title='bbox 2285 2678 2303 2705; x_wconf 93' lang='lat'><strong>,</strong></span> 
     </span>
     <span class='ocr_line' id='line_1_21' title="bbox 751 2727 2305 2828; baseline -0.017 -17"><span class='ocrx_word' id='word_1_120' title='bbox 751 2758 813 2810; x_wconf 91' lang='lat' dir='ltr'><strong>et</strong></span> <span class='ocrx_word' id='word_1_121' title='bbox 834 2745 997 2828; x_wconf 91' lang='lat' dir='ltr'><strong>quod</strong></span> <span class='ocrx_word' id='word_1_122' title='bbox 1019 2789 1036 2817; x_wconf 87' lang='lat'><strong>,</strong></span> <span class='ocrx_word' id='word_1_123' title='bbox 1087 2739 1297 2803; x_wconf 90' lang='lat' dir='ltr'><strong>eodem</strong></span> <span class='ocrx_word' id='word_1_124' title='bbox 1330 2734 1612 2796; x_wconf 82' lang='lat' dir='ltr'><strong>defuncto</strong></span> <span class='ocrx_word' id='word_1_125' title='bbox 1639 2778 1655 2800; x_wconf 90' lang='lat'><strong>,</strong></span> <span class='ocrx_word' id='word_1_126' title='bbox 1706 2727 2104 2792; x_wconf 87' lang='lat' dir='ltr'><strong>Canonicatus</strong></span> <span class='ocrx_word' id='word_1_127' title='bbox 2131 2772 2147 2799; x_wconf 91' lang='lat'>‚</span> <span class='ocrx_word' id='word_1_128' title='bbox 2201 2744 2305 2786; x_wconf 92' lang='lat' dir='ltr'><strong>seu</strong></span> 
     </span>
     <span class='ocr_line' id='line_1_22' title="bbox 759 2818 2309 2921; baseline -0.018 -16"><span class='ocrx_word' id='word_1_129' title='bbox 759 2835 1145 2921; x_wconf 86' lang='lat' dir='ltr'><strong>Cappellania</strong></span> <span class='ocrx_word' id='word_1_130' title='bbox 1167 2831 1500 2911; x_wconf 73' lang='lat' dir='ltr'><strong>erigeretur</strong></span> <span class='ocrx_word' id='word_1_131' title='bbox 1520 2823 1775 2888; x_wconf 89' lang='lat' dir='ltr'><strong>arbitrio</strong></span> <span class='ocrx_word' id='word_1_132' title='bbox 1793 2818 2104 2882; x_wconf 88' lang='lat' dir='ltr'><strong>memorati</strong></span> <span class='ocrx_word' id='word_1_133' title='bbox 2121 2820 2309 2881; x_wconf 85' lang='lat' dir='ltr'><strong>Fran-</strong></span> 
     </span>
     <span class='ocr_line' id='line_1_23' title="bbox 758 2911 2305 3008; baseline -0.018 -10"><span class='ocrx_word' id='word_1_134' title='bbox 758 2935 895 2998; x_wconf 88' lang='lat' dir='ltr'><strong>cisci</strong></span> <span class='ocrx_word' id='word_1_135' title='bbox 914 2932 1055 3003; x_wconf 82' lang='lat' dir='ltr'><strong>viri,</strong></span> <span class='ocrx_word' id='word_1_136' title='bbox 1087 2936 1276 3008; x_wconf 79' lang='lat' dir='ltr'><strong>etpost</strong></span> <span class='ocrx_word' id='word_1_137' title='bbox 1303 2925 1483 3004; x_wconf 80' lang='lat' dir='ltr'><strong>ipsius</strong></span> <span class='ocrx_word' id='word_1_138' title='bbox 1507 2929 1759 2988; x_wconf 80' lang='lat' dir='ltr'><strong>mortem,</strong></span> <span class='ocrx_word' id='word_1_139' title='bbox 1786 2913 2010 2977; x_wconf 88' lang='lat' dir='ltr'><strong>scilicet</strong></span> <span class='ocrx_word' id='word_1_140' title='bbox 2032 2911 2305 2986; x_wconf 82' lang='lat' dir='ltr'>Antonii,</span> 
     </span>
     <span class='ocr_line' id='line_1_24' title="bbox 757 3008 2309 3115; baseline -0.018 -22"><span class='ocrx_word' id='word_1_141' title='bbox 757 3034 861 3115; x_wconf 78' lang='lat' dir='ltr'><strong>fiat</strong></span> <span class='ocrx_word' id='word_1_142' title='bbox 884 3025 1269 3090; x_wconf 76' lang='lat' dir='ltr'><strong>Canonicatus</strong></span> <span class='ocrx_word' id='word_1_143' title='bbox 1286 3068 1303 3091; x_wconf 93' lang='lat'><strong>,</strong></span> <span class='ocrx_word' id='word_1_144' title='bbox 1324 3037 1421 3079; x_wconf 75' lang='lat' dir='ltr'><strong>sen</strong></span> <span class='ocrx_word' id='word_1_145' title='bbox 1443 3013 1823 3096; x_wconf 71' lang='lat' dir='ltr'><strong><em>cappellania</em></strong></span> <span class='ocrx_word' id='word_1_146' title='bbox 1836 3009 2132 3092; x_wconf 79' lang='lat' dir='ltr'><strong>praedicta</strong></span> <span class='ocrx_word' id='word_1_147' title='bbox 2157 3008 2309 3068; x_wconf 82' lang='lat' dir='ltr'><strong>arbi·</strong></span> 
     </span>
     <span class='ocr_line' id='line_1_25' title="bbox 757 3103 2282 3190; baseline -0.022 -3"><span class='ocrx_word' id='word_1_148' title='bbox 757 3130 871 3190; x_wconf 78' lang='lat' dir='ltr'><strong>trio</strong></span> <span class='ocrx_word' id='word_1_149' title='bbox 896 3122 1035 3186; x_wconf 83' lang='lat' dir='ltr'><strong>dicti</strong></span> <span class='ocrx_word' id='word_1_150' title='bbox 1062 3115 1376 3181; x_wconf 82' lang='lat' dir='ltr'><strong>Francisci.</strong></span> <span class='ocrx_word' id='word_1_151' title='bbox 2277 3103 2282 3110; x_wconf 85' lang='grc'><em>’</em></span> 
     </span>
    </p>

    <p class='ocr_par' dir='ltr' id='par_1_6' title="bbox 748 3198 2306 4320">
     <span class='ocr_line' id='line_1_26' title="bbox 873 3198 2305 3298; baseline -0.017 -17"><span class='ocrx_word' id='word_1_152' title='bbox 873 3221 1141 3298; x_wconf 89' lang='lat' dir='ltr'><strong>Sequuto</strong></span> <span class='ocrx_word' id='word_1_153' title='bbox 1157 3205 1498 3286; x_wconf 87' lang='lat' dir='ltr'><strong>Testatricis</strong></span> <span class='ocrx_word' id='word_1_154' title='bbox 1519 3203 1690 3266; x_wconf 87' lang='lat' dir='ltr'><strong>obitu</strong></span> <span class='ocrx_word' id='word_1_155' title='bbox 1709 3248 1726 3276; x_wconf 87' lang='lat'><strong>,</strong></span> <span class='ocrx_word' id='word_1_156' title='bbox 1755 3198 2116 3262; x_wconf 85' lang='lat' dir='ltr'><strong>Franciscus</strong></span> <span class='ocrx_word' id='word_1_157' title='bbox 2130 3215 2305 3258; x_wconf 83' lang='lat' dir='ltr'><strong>anno</strong></span> 
     </span>
     <span class='ocr_line' id='line_1_27' title="bbox 754 3297 2306 3387; baseline -0.017 -8"><span class='ocrx_word' id='word_1_158' title='bbox 754 3323 787 3378; x_wconf 78' lang='lat' dir='ltr'><strong>t</strong></span> <span class='ocrx_word' id='word_1_159' title='bbox 799 3320 934 3378; x_wconf 84' lang='grc'><strong>643.</strong></span> <span class='ocrx_word' id='word_1_160' title='bbox 961 3313 1025 3373; x_wconf 90' lang='lat' dir='ltr'><strong>in</strong></span> <span class='ocrx_word' id='word_1_161' title='bbox 1048 3328 1180 3377; x_wconf 87' lang='lat' dir='ltr'><strong>suo,</strong></span> <span class='ocrx_word' id='word_1_162' title='bbox 1204 3302 1365 3387; x_wconf 91' lang='lat' dir='ltr'><strong>quod</strong></span> <span class='ocrx_word' id='word_1_163' title='bbox 1393 3297 1684 3372; x_wconf 77' lang='lat' dir='ltr'><strong><em>condidit,</em></strong></span> <span class='ocrx_word' id='word_1_164' title='bbox 1706 3297 2107 3362; x_wconf 88' lang='lat' dir='ltr'><strong>Testamento,</strong></span> <span class='ocrx_word' id='word_1_165' title='bbox 2132 3298 2306 3352; x_wconf 90' lang='lat' dir='ltr'><strong>utens</strong></span> 
     </span>
     <span class='ocr_line' id='line_1_28' title="bbox 753 3388 2301 3475; baseline -0.021 1"><span class='ocrx_word' id='word_1_166' title='bbox 753 3410 1036 3475; x_wconf 83' lang='lat' dir='ltr'><strong>facultate</strong></span> <span class='ocrx_word' id='word_1_167' title='bbox 1056 3401 1173 3467; x_wconf 90' lang='lat' dir='ltr'><strong>sibi</strong></span> <span class='ocrx_word' id='word_1_168' title='bbox 1196 3421 1232 3464; x_wconf 90' lang='lat' dir='ltr'><strong>a</strong></span> <span class='ocrx_word' id='word_1_169' title='bbox 1251 3395 1554 3462; x_wconf 88' lang='lat' dir='ltr'><strong>Flaminia</strong></span> <span class='ocrx_word' id='word_1_170' title='bbox 1574 3410 1767 3454; x_wconf 83' lang='lat' dir='ltr'><strong>uxore</strong></span> <span class='ocrx_word' id='word_1_171' title='bbox 1783 3388 2099 3457; x_wconf 87' lang='lat' dir='ltr'><strong>attributa,</strong></span> <span class='ocrx_word' id='word_1_172' title='bbox 2127 3404 2301 3446; x_wconf 89' lang='lat' dir='ltr'><strong>man-</strong></span> 
     </span>
     <span class='ocr_line' id='line_1_29' title="bbox 753 3479 2302 3576; baseline -0.019 -7"><span class='ocrx_word' id='word_1_173' title='bbox 753 3504 944 3576; x_wconf 90' lang='lat' dir='ltr'><strong>davit,</strong></span> <span class='ocrx_word' id='word_1_174' title='bbox 973 3508 1043 3563; x_wconf 90' lang='lat' dir='ltr'><strong>ut</strong></span> <span class='ocrx_word' id='word_1_175' title='bbox 1069 3496 1452 3560; x_wconf 88' lang='lat' dir='ltr'><strong>deveniretur</strong></span> <span class='ocrx_word' id='word_1_176' title='bbox 1479 3489 1556 3551; x_wconf 89' lang='lat' dir='ltr'><strong>ad</strong></span> <span class='ocrx_word' id='word_1_177' title='bbox 1581 3484 1945 3549; x_wconf 77' lang='lat' dir='ltr'><strong>erectionem</strong></span> <span class='ocrx_word' id='word_1_178' title='bbox 1973 3479 2302 3542; x_wconf 67' lang='lat' dir='ltr'><strong>Canonica-</strong></span> 
     </span>
     <span class='ocr_line' id='line_1_30' title="bbox 754 3571 2299 3669; baseline -0.021 -7"><span class='ocrx_word' id='word_1_179' title='bbox 754 3608 882 3669; x_wconf 89' lang='lat' dir='ltr'><strong>tus,</strong></span> <span class='ocrx_word' id='word_1_180' title='bbox 915 3613 1051 3658; x_wconf 89' lang='lat' dir='ltr'><strong>cum</strong></span> <span class='ocrx_word' id='word_1_181' title='bbox 1076 3608 1258 3652; x_wconf 90' lang='lat' dir='ltr'><strong>onere</strong></span> <span class='ocrx_word' id='word_1_182' title='bbox 1282 3592 1415 3648; x_wconf 92' lang='lat' dir='ltr'><strong>octo</strong></span> <span class='ocrx_word' id='word_1_183' title='bbox 1441 3582 1765 3644; x_wconf 84' lang='lat' dir='ltr'><strong>Missamm</strong></span> <span class='ocrx_word' id='word_1_184' title='bbox 1792 3573 2050 3655; x_wconf 84' lang='lat' dir='ltr'><strong>singulis</strong></span> <span class='ocrx_word' id='word_1_185' title='bbox 2078 3571 2299 3633; x_wconf 88' lang='lat' dir='ltr'><strong>mensi-</strong></span> 
     </span>
     <span class='ocr_line' id='line_1_31' title="bbox 750 3672 2301 3759; baseline -0.021 -1"><span class='ocrx_word' id='word_1_186' title='bbox 750 3695 869 3758; x_wconf 81' lang='lat' dir='ltr'><strong>hus</strong></span> <span class='ocrx_word' id='word_1_187' title='bbox 889 3682 1384 3754; x_wconf 88' lang='lat' dir='ltr'><strong>celebrandarum</strong></span> <span class='ocrx_word' id='word_1_188' title='bbox 1415 3695 1524 3759; x_wconf 89' lang='lat' dir='ltr'><strong>pro</strong></span> <span class='ocrx_word' id='word_1_189' title='bbox 1545 3672 1749 3737; x_wconf 88' lang='lat' dir='ltr'><strong>anima</strong></span> <span class='ocrx_word' id='word_1_190' title='bbox 1772 3674 2136 3731; x_wconf 80' lang='lat' dir='ltr'><strong>memoratae</strong></span> <span class='ocrx_word' id='word_1_191' title='bbox 2157 3684 2301 3727; x_wconf 92' lang='lat' dir='ltr'><strong>suae</strong></span> 
     </span>
     <span class='ocr_line' id='line_1_32' title="bbox 753 3762 2287 3857; baseline -0.02 -7"><span class='ocrx_word' id='word_1_192' title='bbox 753 3785 993 3857; x_wconf 81' lang='lat' dir='ltr'><strong>uxor-is,</strong></span> <span class='ocrx_word' id='word_1_193' title='bbox 1037 3790 1095 3843; x_wconf 90' lang='lat' dir='ltr'><strong>et</strong></span> <span class='ocrx_word' id='word_1_194' title='bbox 1139 3793 1389 3839; x_wconf 87' lang='lat' dir='ltr'><strong>suorum</strong></span> <span class='ocrx_word' id='word_1_195' title='bbox 1414 3819 1431 3845; x_wconf 90' lang='lat'>‚</span> <span class='ocrx_word' id='word_1_196' title='bbox 1469 3777 1530 3833; x_wconf 91' lang='lat' dir='ltr'><strong>et</strong></span> <span class='ocrx_word' id='word_1_197' title='bbox 1578 3787 1741 3831; x_wconf 91' lang='lat' dir='ltr'><strong>anno</strong></span> <span class='ocrx_word' id='word_1_198' title='bbox 1787 3762 2060 3844; x_wconf 80' lang='lat' dir='ltr'><strong>sequenti</strong></span> <span class='ocrx_word' id='word_1_199' title='bbox 2110 3764 2287 3821; x_wconf 82' lang='grc'><strong>1644.</strong></span> 
     </span>
     <span class='ocr_line' id='line_1_33' title="bbox 752 3854 2295 3943; baseline -0.019 0"><span class='ocrx_word' id='word_1_200' title='bbox 752 3878 1002 3943; x_wconf 85' lang='lat' dir='ltr'><strong>Carolus</strong></span> <span class='ocrx_word' id='word_1_201' title='bbox 1031 3869 1334 3940; x_wconf 85' lang='lat' dir='ltr'><strong>Floridus,</strong></span> <span class='ocrx_word' id='word_1_202' title='bbox 1357 3865 1508 3927; x_wconf 87' lang='lat' dir='ltr'><strong>alter</strong></span> <span class='ocrx_word' id='word_1_203' title='bbox 1524 3882 1601 3924; x_wconf 84' lang='lat' dir='ltr'><strong>ex</strong></span> <span class='ocrx_word' id='word_1_204' title='bbox 1623 3854 2114 3923; x_wconf 87' lang='lat' dir='ltr'><strong>Testamentariis</strong></span> <span class='ocrx_word' id='word_1_205' title='bbox 2137 3855 2295 3915; x_wconf 85' lang='lat' dir='ltr'><strong>Exe-</strong></span> 
     </span>
     <span class='ocr_line' id='line_1_34' title="bbox 751 3946 2295 4037; baseline -0.019 -1"><span class='ocrx_word' id='word_1_206' title='bbox 751 3970 1062 4037; x_wconf 88' lang='lat' dir='ltr'><strong>cutoribus</strong></span> <span class='ocrx_word' id='word_1_207' title='bbox 1088 3959 1394 4026; x_wconf 86' lang='lat' dir='ltr'><strong>Francisci</strong></span> <span class='ocrx_word' id='word_1_208' title='bbox 1425 4006 1439 4027; x_wconf 86' lang='lat'><strong>,</strong></span> <span class='ocrx_word' id='word_1_209' title='bbox 1467 3956 1545 4019; x_wconf 90' lang='lat' dir='ltr'><strong>ad</strong></span> <span class='ocrx_word' id='word_1_210' title='bbox 1566 3952 1929 4016; x_wconf 80' lang='lat' dir='ltr'><strong>erectionem</strong></span> <span class='ocrx_word' id='word_1_211' title='bbox 1963 3946 2295 4010; x_wconf 89' lang='lat' dir='ltr'><strong>Canonica-</strong></span> 
     </span>
     <span class='ocr_line' id='line_1_35' title="bbox 750 4040 2297 4131; baseline -0.021 -1"><span class='ocrx_word' id='word_1_212' title='bbox 750 4076 849 4131; x_wconf 90' lang='lat' dir='ltr'><strong>tus</strong></span> <span class='ocrx_word' id='word_1_213' title='bbox 872 4061 1111 4127; x_wconf 83' lang='lat' dir='ltr'><strong>devenit</strong></span> <span class='ocrx_word' id='word_1_214' title='bbox 1130 4076 1269 4119; x_wconf 92' lang='lat' dir='ltr'><strong>cum</strong></span> <span class='ocrx_word' id='word_1_215' title='bbox 1290 4071 1473 4115; x_wconf 91' lang='lat' dir='ltr'><strong>onere</strong></span> <span class='ocrx_word' id='word_1_216' title='bbox 1498 4048 1822 4131; x_wconf 90' lang='lat' dir='ltr'><strong>praedicto,</strong></span> <span class='ocrx_word' id='word_1_217' title='bbox 1849 4042 1938 4105; x_wconf 90' lang='lat' dir='ltr'><strong>uti</strong></span> <span class='ocrx_word' id='word_1_218' title='bbox 1961 4040 2297 4103; x_wconf 86' lang='lat' dir='ltr'><strong>desumitur</strong></span> 
     </span>
     <span class='ocr_line' id='line_1_36' title="bbox 750 4134 2296 4226; baseline -0.021 -1"><span class='ocrx_word' id='word_1_219' title='bbox 750 4183 827 4225; x_wconf 87' lang='lat' dir='ltr'><strong>ex</strong></span> <span class='ocrx_word' id='word_1_220' title='bbox 854 4151 1225 4221; x_wconf 88' lang='lat' dir='ltr'><strong>documentis</strong></span> <span class='ocrx_word' id='word_1_221' title='bbox 1243 4150 1323 4213; x_wconf 90' lang='lat' dir='ltr'><strong>ab</strong></span> <span class='ocrx_word' id='word_1_222' title='bbox 1342 4146 1639 4226; x_wconf 85' lang='lat' dir='ltr'><strong>Episcopo</strong></span> <span class='ocrx_word' id='word_1_223' title='bbox 1663 4139 1959 4221; x_wconf 86' lang='lat' dir='ltr'><strong>Nepesino</strong></span> <span class='ocrx_word' id='word_1_224' title='bbox 1981 4134 2296 4198; x_wconf 88' lang='lat' dir='ltr'><strong>transmis-</strong></span> 
     </span>
     <span class='ocr_line' id='line_1_37' title="bbox 748 4275 852 4320; baseline -0.048 0"><span class='ocrx_word' id='word_1_225' title='bbox 748 4275 852 4320; x_wconf 72' lang='lat' dir='ltr'><strong>sis.</strong></span> 
     </span>
    </p>

    <p class='ocr_par' dir='ltr' id='par_1_7' title="bbox 742 4322 2297 5358">
     <span class='ocr_line' id='line_1_38' title="bbox 868 4322 2294 4412; baseline -0.018 -3"><span class='ocrx_word' id='word_1_226' title='bbox 868 4342 1118 4411; x_wconf 83' lang='lat' dir='ltr'><strong>Omissis</strong></span> <span class='ocrx_word' id='word_1_227' title='bbox 1164 4332 1534 4401; x_wconf 84' lang='lat' dir='ltr'><strong>intermediis</strong></span> <span class='ocrx_word' id='word_1_228' title='bbox 1583 4324 2167 4412; x_wconf 82' lang='lat' dir='ltr'><strong>praesentationibus</strong></span> <span class='ocrx_word' id='word_1_229' title='bbox 2217 4322 2294 4385; x_wconf 88' lang='lat' dir='ltr'><strong>ad</strong></span> 
     </span>
     <span class='ocr_line' id='line_1_39' title="bbox 747 4425 2294 4509; baseline -0.021 0"><span class='ocrx_word' id='word_1_230' title='bbox 747 4441 1220 4509; x_wconf 77' lang='lat' dir='ltr'><strong>canonicatum,</strong></span> <span class='ocrx_word' id='word_1_231' title='bbox 1260 4430 1438 4493; x_wconf 89' lang='lat' dir='ltr'><strong>modo</strong></span> <span class='ocrx_word' id='word_1_232' title='bbox 1492 4425 1800 4508; x_wconf 90' lang='lat' dir='ltr'><strong>praedicto</strong></span> <span class='ocrx_word' id='word_1_233' title='bbox 1840 4428 2109 4482; x_wconf 86' lang='lat' dir='ltr'><strong>erectum</strong></span> <span class='ocrx_word' id='word_1_234' title='bbox 2142 4463 2159 4491; x_wconf 94' lang='lat'><em>‚</em></span> <span class='ocrx_word' id='word_1_235' title='bbox 2194 4425 2294 4479; x_wconf 91' lang='lat' dir='ltr'><strong>ut-</strong></span> 
     </span>
     <span class='ocr_line' id='line_1_40' title="bbox 748 4511 2291 4623; baseline -0.019 -22"><span class='ocrx_word' id='word_1_236' title='bbox 748 4546 888 4623; x_wconf 84' lang='lat' dir='ltr'><strong>pote</strong></span> <span class='ocrx_word' id='word_1_237' title='bbox 926 4533 1003 4598; x_wconf 91' lang='lat' dir='ltr'><strong>ad</strong></span> <span class='ocrx_word' id='word_1_238' title='bbox 1030 4528 1388 4594; x_wconf 84' lang='lat' dir='ltr'><strong>decisionem</strong></span> <span class='ocrx_word' id='word_1_239' title='bbox 1420 4523 1646 4584; x_wconf 89' lang='lat' dir='ltr'><strong>Causae</strong></span> <span class='ocrx_word' id='word_1_240' title='bbox 1684 4536 1898 4597; x_wconf 91' lang='lat' dir='ltr'><strong>parum</strong></span> <span class='ocrx_word' id='word_1_241' title='bbox 1920 4561 1937 4588; x_wconf 90' lang='lat'><strong>,</strong></span> <span class='ocrx_word' id='word_1_242' title='bbox 1991 4522 2097 4576; x_wconf 90' lang='lat' dir='ltr'><strong>aut</strong></span> <span class='ocrx_word' id='word_1_243' title='bbox 2138 4511 2291 4573; x_wconf 88' lang='lat' dir='ltr'><strong>nihil</strong></span> 
     </span>
     <span class='ocr_line' id='line_1_41' title="bbox 747 4606 2290 4696; baseline -0.02 0"><span class='ocrx_word' id='word_1_244' title='bbox 747 4626 1249 4696; x_wconf 81' lang='lat' dir='ltr'><strong>conducentibus,</strong></span> <span class='ocrx_word' id='word_1_245' title='bbox 1276 4621 1487 4681; x_wconf 89' lang='lat' dir='ltr'><strong>Petrus</strong></span> <span class='ocrx_word' id='word_1_246' title='bbox 1507 4661 1524 4690; x_wconf 93' lang='lat'><strong>,</strong></span> <span class='ocrx_word' id='word_1_247' title='bbox 1554 4623 1614 4676; x_wconf 91' lang='lat' dir='ltr'><strong>et</strong></span> <span class='ocrx_word' id='word_1_248' title='bbox 1641 4613 1857 4674; x_wconf 79' lang='lat' dir='ltr'><strong>fratres</strong></span> <span class='ocrx_word' id='word_1_249' title='bbox 1887 4610 1961 4670; x_wconf 90' lang='lat' dir='ltr'><strong>de</strong></span> <span class='ocrx_word' id='word_1_250' title='bbox 1988 4606 2290 4677; x_wconf 87' lang='lat' dir='ltr'><strong>Ximenis,</strong></span> 
     </span>
     <span class='ocr_line' id='line_1_42' title="bbox 748 4705 2287 4790; baseline -0.019 0"><span class='ocrx_word' id='word_1_251' title='bbox 748 4728 963 4790; x_wconf 88' lang='lat' dir='ltr'><strong>Caesar</strong></span> <span class='ocrx_word' id='word_1_252' title='bbox 985 4717 1322 4786; x_wconf 78' lang='lat' dir='ltr'><strong>Monaldus,</strong></span> <span class='ocrx_word' id='word_1_253' title='bbox 1336 4722 1395 4774; x_wconf 90' lang='lat' dir='ltr'><strong>et</strong></span> <span class='ocrx_word' id='word_1_254' title='bbox 1412 4708 1653 4772; x_wconf 86' lang='lat' dir='ltr'><strong>Persius</strong></span> <span class='ocrx_word' id='word_1_255' title='bbox 1667 4706 1915 4767; x_wconf 85' lang='lat' dir='ltr'><strong>Pisanus</strong></span> <span class='ocrx_word' id='word_1_256' title='bbox 1935 4722 2097 4765; x_wconf 88' lang='lat' dir='ltr'><strong>auno</strong></span> <span class='ocrx_word' id='word_1_257' title='bbox 2113 4705 2287 4761; x_wconf 87' lang='grc'><strong>1714.</strong></span> 
     </span>
     <span class='ocr_line' id='line_1_43' title="bbox 752 4795 2291 4893; baseline -0.02 -10"><span class='ocrx_word' id='word_1_258' title='bbox 752 4822 827 4883; x_wconf 89' lang='lat' dir='ltr'><strong>ad</strong></span> <span class='ocrx_word' id='word_1_259' title='bbox 873 4837 1011 4880; x_wconf 91' lang='lat' dir='ltr'><strong>eum</strong></span> <span class='ocrx_word' id='word_1_260' title='bbox 1061 4811 1520 4893; x_wconf 88' lang='lat' dir='ltr'><strong>praesentarunt</strong></span> <span class='ocrx_word' id='word_1_261' title='bbox 1552 4800 1930 4863; x_wconf 83' lang='lat' dir='ltr'><strong>Sacerdotem</strong></span> <span class='ocrx_word' id='word_1_262' title='bbox 1963 4795 2291 4858; x_wconf 84' lang='lat' dir='ltr'><strong>Antonium</strong></span> 
     </span>
     <span class='ocr_line' id='line_1_44' title="bbox 742 4887 2293 4983; baseline -0.02 -7"><span class='ocrx_word' id='word_1_263' title='bbox 742 4910 1125 4976; x_wconf 87' lang='lat' dir='ltr'><strong>Petruccium</strong></span> <span class='ocrx_word' id='word_1_264' title='bbox 1146 4951 1162 4976; x_wconf 92' lang='lat'>‚</span> <span class='ocrx_word' id='word_1_265' title='bbox 1189 4902 1293 4983; x_wconf 92' lang='lat' dir='ltr'><strong>qui</strong></span> <span class='ocrx_word' id='word_1_266' title='bbox 1344 4917 1453 4980; x_wconf 90' lang='lat' dir='ltr'><strong>pro</strong></span> <span class='ocrx_word' id='word_1_267' title='bbox 1495 4892 1872 4957; x_wconf 87' lang='lat' dir='ltr'><strong>institutione</strong></span> <span class='ocrx_word' id='word_1_268' title='bbox 1891 4937 1907 4962; x_wconf 91' lang='lat'><strong><em>‚</em></strong></span> <span class='ocrx_word' id='word_1_269' title='bbox 1956 4900 2013 4950; x_wconf 89' lang='lat' dir='ltr'><strong>et</strong></span> <span class='ocrx_word' id='word_1_270' title='bbox 2062 4887 2293 4948; x_wconf 89' lang='lat' dir='ltr'><strong>immis-</strong></span> 
     </span>
     <span class='ocr_line' id='line_1_45' title="bbox 748 4984 2293 5081; baseline -0.02 -10"><span class='ocrx_word' id='word_1_271' title='bbox 748 5010 915 5071; x_wconf 86' lang='lat' dir='ltr'><strong>sione</strong></span> <span class='ocrx_word' id='word_1_272' title='bbox 949 5005 1010 5065; x_wconf 89' lang='lat' dir='ltr'><strong>in</strong></span> <span class='ocrx_word' id='word_1_273' title='bbox 1053 4994 1416 5081; x_wconf 87' lang='lat' dir='ltr'><strong>possessione</strong></span> <span class='ocrx_word' id='word_1_274' title='bbox 1436 4988 1833 5053; x_wconf 80' lang='lat' dir='ltr'><strong>Canonicatus</strong></span> <span class='ocrx_word' id='word_1_275' title='bbox 1853 4984 2102 5055; x_wconf 89' lang='lat' dir='ltr'><strong>instetit;</strong></span> <span class='ocrx_word' id='word_1_276' title='bbox 2131 5001 2293 5043; x_wconf 85' lang='lat' dir='ltr'><strong>cum-</strong></span> 
     </span>
     <span class='ocr_line' id='line_1_46' title="bbox 745 5075 2293 5183; baseline -0.019 -18"><span class='ocrx_word' id='word_1_277' title='bbox 745 5124 865 5183; x_wconf 89' lang='lat' dir='ltr'><strong>que</strong></span> <span class='ocrx_word' id='word_1_278' title='bbox 913 5101 975 5161; x_wconf 91' lang='lat' dir='ltr'><strong>in</strong></span> <span class='ocrx_word' id='word_1_279' title='bbox 1026 5096 1210 5176; x_wconf 86' lang='lat' dir='ltr'><strong>hujus</strong></span> <span class='ocrx_word' id='word_1_280' title='bbox 1262 5086 1583 5149; x_wconf 85' lang='lat' dir='ltr'><strong>instantiae</strong></span> <span class='ocrx_word' id='word_1_281' title='bbox 1622 5080 2032 5143; x_wconf 82' lang='lat' dir='ltr'><strong>executionem</strong></span> <span class='ocrx_word' id='word_1_282' title='bbox 2059 5125 2074 5147; x_wconf 92' lang='lat'><strong>,</strong></span> <span class='ocrx_word' id='word_1_283' title='bbox 2111 5075 2293 5137; x_wconf 86' lang='lat' dir='ltr'><strong>Curia</strong></span> 
     </span>
     <span class='ocr_line' id='line_1_47' title="bbox 745 5172 2294 5277; baseline -0.021 -17"><span class='ocrx_word' id='word_1_284' title='bbox 745 5190 1115 5277; x_wconf 87' lang='lat' dir='ltr'><strong>Episcopalis</strong></span> <span class='ocrx_word' id='word_1_285' title='bbox 1137 5204 1275 5248; x_wconf 90' lang='lat' dir='ltr'><strong>eum</strong></span> <span class='ocrx_word' id='word_1_286' title='bbox 1295 5180 1669 5248; x_wconf 88' lang='lat' dir='ltr'><strong>instituisset,</strong></span> <span class='ocrx_word' id='word_1_287' title='bbox 1691 5195 1827 5237; x_wconf 88' lang='lat' dir='ltr'><strong>cum</strong></span> <span class='ocrx_word' id='word_1_288' title='bbox 1851 5172 2133 5234; x_wconf 91' lang='lat' dir='ltr'><strong>omnibus</strong></span> <span class='ocrx_word' id='word_1_289' title='bbox 2150 5188 2294 5230; x_wconf 90' lang='lat' dir='ltr'><strong>one·</strong></span> 
     </span>
     <span class='ocr_line' id='line_1_48' title="bbox 746 5263 2297 5358; baseline -0.021 -4"><span class='ocrx_word' id='word_1_290' title='bbox 746 5292 917 5354; x_wconf 90' lang='lat' dir='ltr'><strong>ribus</strong></span> <span class='ocrx_word' id='word_1_291' title='bbox 945 5336 960 5358; x_wconf 89' lang='lat'><strong>,</strong></span> <span class='ocrx_word' id='word_1_292' title='bbox 1006 5292 1065 5346; x_wconf 93' lang='lat' dir='ltr'><strong>et</strong></span> <span class='ocrx_word' id='word_1_293' title='bbox 1093 5278 1426 5343; x_wconf 87' lang='lat' dir='ltr'><strong>honoribus</strong></span> <span class='ocrx_word' id='word_1_294' title='bbox 1448 5320 1464 5347; x_wconf 94' lang='lat'>‚</span> <span class='ocrx_word' id='word_1_295' title='bbox 1514 5273 1633 5333; x_wconf 86' lang='lat' dir='ltr'><strong>fuit</strong></span> <span class='ocrx_word' id='word_1_296' title='bbox 1685 5270 1765 5331; x_wconf 92' lang='lat' dir='ltr'><strong>ab</strong></span> <span class='ocrx_word' id='word_1_297' title='bbox 1797 5268 2004 5330; x_wconf 90' lang='lat' dir='ltr'><strong>eodem</strong></span> <span class='ocrx_word' id='word_1_298' title='bbox 2039 5263 2297 5325; x_wconf 90' lang='lat' dir='ltr'><strong>subinde</strong></span> 
     </span>
    </p>
   </div>
   <div class='ocr_carea' id='block_1_6' title="bbox 745 5360 2497 5459">
    <p class='ocr_par' dir='ltr' id='par_1_8' title="bbox 745 5360 2497 5459">
     <span class='ocr_line' id='line_1_49' title="bbox 745 5360 2497 5459; baseline -0.021 -12"><span class='ocrx_word' id='word_1_299' title='bbox 745 5384 1000 5448; x_wconf 78' lang='lat' dir='ltr'><strong>excitata</strong></span> <span class='ocrx_word' id='word_1_300' title='bbox 1046 5372 1379 5459; x_wconf 86' lang='lat' dir='ltr'><strong>praetensio</strong></span> <span class='ocrx_word' id='word_1_301' title='bbox 1405 5366 1799 5431; x_wconf 87' lang='lat' dir='ltr'><strong>absolutionis</strong></span> <span class='ocrx_word' id='word_1_302' title='bbox 1837 5363 1916 5425; x_wconf 85' lang='lat' dir='ltr'><strong>ab</strong></span> <span class='ocrx_word' id='word_1_303' title='bbox 1946 5380 2128 5422; x_wconf 88' lang='lat' dir='ltr'><strong>onere</strong></span> <span class='ocrx_word' id='word_1_304' title='bbox 2164 5365 2296 5419; x_wconf 90' lang='lat' dir='ltr'><strong>octo</strong></span> <span class='ocrx_word' id='word_1_305' title='bbox 2408 5360 2497 5414; x_wconf 91' lang='lat' dir='ltr'><strong>tor</strong></span> 
     </span>
    </p>
   </div>
   <div class='ocr_carea' id='block_1_7' title="bbox 745 5452 2294 5544">
    <p class='ocr_par' dir='ltr' id='par_1_9' title="bbox 745 5452 2294 5544">
     <span class='ocr_line' id='line_1_50' title="bbox 745 5452 2294 5544; baseline -0.02 -2"><span class='ocrx_word' id='word_1_306' title='bbox 745 5481 1068 5544; x_wconf 86' lang='lat' dir='ltr'><strong>Missarum</strong></span> <span class='ocrx_word' id='word_1_307' title='bbox 1098 5466 1498 5533; x_wconf 87' lang='lat' dir='ltr'><strong>mensualium</strong></span> <span class='ocrx_word' id='word_1_308' title='bbox 1522 5510 1539 5537; x_wconf 90' lang='lat'><strong>,</strong></span> <span class='ocrx_word' id='word_1_309' title='bbox 1569 5461 1645 5523; x_wconf 91' lang='lat' dir='ltr'><strong>de</strong></span> <span class='ocrx_word' id='word_1_310' title='bbox 1666 5458 1891 5541; x_wconf 89' lang='lat' dir='ltr'><strong>quibus</strong></span> <span class='ocrx_word' id='word_1_311' title='bbox 1909 5475 2090 5535; x_wconf 88' lang='lat' dir='ltr'><strong>supra</strong></span> <span class='ocrx_word' id='word_1_312' title='bbox 2118 5452 2294 5513; x_wconf 90' lang='lat' dir='ltr'><strong>habi-</strong></span> 
     </span>
    </p>
   </div>
   <div class='ocr_carea' id='block_1_8' title="bbox 2401 628 3985 5317">
    <p class='ocr_par' dir='ltr' id='par_1_10' title="bbox 2424 628 3985 1449">
     <span class='ocr_line' id='line_1_51' title="bbox 2433 628 3981 713; baseline -0.003 -17"><span class='ocrx_word' id='word_1_313' title='bbox 2433 641 2531 697; x_wconf 88' lang='lat' dir='ltr'><strong>tus</strong></span> <span class='ocrx_word' id='word_1_314' title='bbox 2558 642 2647 696; x_wconf 89' lang='lat' dir='ltr'><strong>est</strong></span> <span class='ocrx_word' id='word_1_315' title='bbox 2675 652 2872 696; x_wconf 89' lang='lat' dir='ltr'><strong>sermo</strong></span> <span class='ocrx_word' id='word_1_316' title='bbox 2895 678 2914 706; x_wconf 83' lang='lat'><strong>,</strong></span> <span class='ocrx_word' id='word_1_317' title='bbox 2954 632 3232 713; x_wconf 78' lang='lat' dir='ltr'><strong>factaque</strong></span> <span class='ocrx_word' id='word_1_318' title='bbox 3266 630 3517 713; x_wconf 80' lang='lat' dir='ltr'><strong>hujusce</strong></span> <span class='ocrx_word' id='word_1_319' title='bbox 3543 628 3981 711; x_wconf 80' lang='lat' dir='ltr'><strong>praetensionis</strong></span> 
     </span>
     <span class='ocr_line' id='line_1_52' title="bbox 2432 724 3981 807; baseline -0.003 -17"><span class='ocrx_word' id='word_1_320' title='bbox 2432 729 2742 800; x_wconf 83' lang='lat' dir='ltr'><strong>relatione,</strong></span> <span class='ocrx_word' id='word_1_321' title='bbox 2763 727 2970 789; x_wconf 90' lang='lat' dir='ltr'><strong>audito</strong></span> <span class='ocrx_word' id='word_1_322' title='bbox 2991 726 3282 807; x_wconf 85' lang='lat' dir='ltr'><strong>Episcopo</strong></span> <span class='ocrx_word' id='word_1_323' title='bbox 3300 725 3619 805; x_wconf 87' lang='lat' dir='ltr'><strong>Nepesino,</strong></span> <span class='ocrx_word' id='word_1_324' title='bbox 3636 724 3742 804; x_wconf 92' lang='lat' dir='ltr'><strong>qui</strong></span> <span class='ocrx_word' id='word_1_325' title='bbox 3763 724 3981 787; x_wconf 85' lang='lat' dir='ltr'><strong>Orato-</strong></span> 
     </span>
     <span class='ocr_line' id='line_1_53' title="bbox 2433 819 3980 900; baseline -0.005 -14"><span class='ocrx_word' id='word_1_326' title='bbox 2433 824 2518 886; x_wconf 91' lang='lat' dir='ltr'><strong>ris</strong></span> <span class='ocrx_word' id='word_1_327' title='bbox 2545 823 2891 885; x_wconf 89' lang='lat' dir='ltr'><strong>instantiam</strong></span> <span class='ocrx_word' id='word_1_328' title='bbox 2931 820 3163 883; x_wconf 91' lang='lat' dir='ltr'><strong>censuit</strong></span> <span class='ocrx_word' id='word_1_329' title='bbox 3199 835 3326 882; x_wconf 82' lang='lat' dir='ltr'><strong>esse</strong></span> <span class='ocrx_word' id='word_1_330' title='bbox 3362 819 3745 900; x_wconf 86' lang='lat' dir='ltr'><strong>rejiciendam</strong></span> <span class='ocrx_word' id='word_1_331' title='bbox 3772 864 3789 892; x_wconf 94' lang='lat'><em>‚</em></span> <span class='ocrx_word' id='word_1_332' title='bbox 3819 820 3980 881; x_wconf 85' lang='lat' dir='ltr'><strong>inter</strong></span> 
     </span>
     <span class='ocr_line' id='line_1_54' title="bbox 2430 912 3985 996; baseline -0.003 -18"><span class='ocrx_word' id='word_1_333' title='bbox 2430 916 2757 980; x_wconf 89' lang='lat' dir='ltr'><strong>summaria</strong></span> <span class='ocrx_word' id='word_1_334' title='bbox 2783 935 3027 996; x_wconf 90' lang='lat' dir='ltr'><strong>precum</strong></span> <span class='ocrx_word' id='word_1_335' title='bbox 3051 914 3115 975; x_wconf 91' lang='lat' dir='ltr'><strong>in</strong></span> <span class='ocrx_word' id='word_1_336' title='bbox 3144 913 3618 994; x_wconf 83' lang='lat' dir='ltr'><strong>Congregatione</strong></span> <span class='ocrx_word' id='word_1_337' title='bbox 3647 912 3851 975; x_wconf 88' lang='lat' dir='ltr'><strong>habita</strong></span> <span class='ocrx_word' id='word_1_338' title='bbox 3881 912 3985 974; x_wconf 84' lang='lat' dir='ltr'><strong>die</strong></span> 
     </span>
     <span class='ocr_line' id='line_1_55' title="bbox 2431 1006 3978 1092; baseline -0.003 -19"><span class='ocrx_word' id='word_1_339' title='bbox 2431 1017 2528 1073; x_wconf 89' lang='grc'><strong>10.</strong></span> <span class='ocrx_word' id='word_1_340' title='bbox 2565 1011 2792 1092; x_wconf 87' lang='lat' dir='ltr'><strong>Aprilis</strong></span> <span class='ocrx_word' id='word_1_341' title='bbox 2822 1015 2998 1071; x_wconf 92' lang='grc'><strong>1717.</strong></span> <span class='ocrx_word' id='word_1_342' title='bbox 3031 1027 3382 1089; x_wconf 86' lang='lat' dir='ltr'><strong>responsum</strong></span> <span class='ocrx_word' id='word_1_343' title='bbox 3421 1006 3539 1069; x_wconf 85' lang='lat' dir='ltr'><strong>fuit</strong></span> <span class='ocrx_word' id='word_1_344' title='bbox 3570 1007 3829 1080; x_wconf 81' lang='lat' dir='ltr'><strong>Lectum,</strong></span> <span class='ocrx_word' id='word_1_345' title='bbox 3867 1008 3978 1068; x_wconf 90' lang='lat' dir='ltr'><strong>ob-</strong></span> 
     </span>
     <span class='ocr_line' id='line_1_56' title="bbox 2430 1101 3974 1186; baseline -0.004 -20"><span class='ocrx_word' id='word_1_346' title='bbox 2430 1114 2711 1186; x_wconf 86' lang='lat' dir='ltr'><strong>tentaque</strong></span> <span class='ocrx_word' id='word_1_347' title='bbox 2742 1105 3001 1166; x_wconf 90' lang='lat' dir='ltr'><strong>subinde</strong></span> <span class='ocrx_word' id='word_1_348' title='bbox 3024 1122 3180 1164; x_wconf 81' lang='lat' dir='ltr'><strong>nova</strong></span> <span class='ocrx_word' id='word_1_349' title='bbox 3204 1102 3537 1174; x_wconf 83' lang='lat' dir='ltr'><strong>audientia,</strong></span> <span class='ocrx_word' id='word_1_350' title='bbox 3560 1120 3679 1163; x_wconf 90' lang='lat' dir='ltr'><strong>una</strong></span> <span class='ocrx_word' id='word_1_351' title='bbox 3708 1120 3846 1163; x_wconf 91' lang='lat' dir='ltr'><strong>cum</strong></span> <span class='ocrx_word' id='word_1_352' title='bbox 3868 1101 3974 1161; x_wconf 87' lang='lat' dir='ltr'><strong>de-</strong></span> 
     </span>
     <span class='ocr_line' id='line_1_57' title="bbox 2424 1193 3976 1278; baseline -0.005 -18"><span class='ocrx_word' id='word_1_353' title='bbox 2424 1198 2748 1278; x_wconf 86' lang='lat' dir='ltr'><strong>scriptione</strong></span> <span class='ocrx_word' id='word_1_354' title='bbox 2796 1198 2859 1258; x_wconf 91' lang='lat' dir='ltr'><strong>in</strong></span> <span class='ocrx_word' id='word_1_355' title='bbox 2910 1197 3058 1259; x_wconf 78' lang='lat' dir='ltr'><strong>folio</strong></span> <span class='ocrx_word' id='word_1_356' title='bbox 3079 1241 3096 1270; x_wconf 93' lang='lat'><strong>,</strong></span> <span class='ocrx_word' id='word_1_357' title='bbox 3153 1194 3509 1275; x_wconf 84' lang='lat' dir='ltr'><strong>proponitur</strong></span> <span class='ocrx_word' id='word_1_358' title='bbox 3564 1195 3627 1254; x_wconf 90' lang='lat' dir='ltr'><strong>in</strong></span> <span class='ocrx_word' id='word_1_359' title='bbox 3680 1193 3976 1274; x_wconf 83' lang='lat' dir='ltr'><strong>praesenti</strong></span> 
     </span>
     <span class='ocr_line' id='line_1_58' title="bbox 2425 1288 3973 1369; baseline -0.003 -16"><span class='ocrx_word' id='word_1_360' title='bbox 2425 1293 2676 1354; x_wconf 91' lang='lat' dir='ltr'><strong>dubium</strong></span> <span class='ocrx_word' id='word_1_361' title='bbox 2712 1294 2872 1355; x_wconf 89' lang='lat' dir='ltr'><strong>circa</strong></span> <span class='ocrx_word' id='word_1_362' title='bbox 2898 1311 3104 1363; x_wconf 89' lang='lat' dir='ltr'><strong>onera,</strong></span> <span class='ocrx_word' id='word_1_363' title='bbox 3140 1291 3215 1351; x_wconf 86' lang='lat' dir='ltr'><strong>ad</strong></span> <span class='ocrx_word' id='word_1_364' title='bbox 3244 1309 3402 1369; x_wconf 87' lang='lat' dir='ltr'><strong>quae</strong></span> <span class='ocrx_word' id='word_1_365' title='bbox 3429 1298 3690 1362; x_wconf 89' lang='lat' dir='ltr'><strong>tenetur,</strong></span> <span class='ocrx_word' id='word_1_366' title='bbox 3717 1288 3812 1350; x_wconf 80' lang='lat' dir='ltr'><strong>vel</strong></span> <span class='ocrx_word' id='word_1_367' title='bbox 3851 1307 3973 1362; x_wconf 87' lang='lat' dir='ltr'><strong>non</strong></span> 
     </span>
     <span class='ocr_line' id='line_1_59' title="bbox 2424 1383 3416 1449; baseline -0.007 -1"><span class='ocrx_word' id='word_1_368' title='bbox 2424 1395 2661 1448; x_wconf 89' lang='lat' dir='ltr'><strong>tenetur</strong></span> <span class='ocrx_word' id='word_1_369' title='bbox 2682 1387 3018 1449; x_wconf 90' lang='lat' dir='ltr'><strong>Canonicus</strong></span> <span class='ocrx_word' id='word_1_370' title='bbox 3052 1383 3416 1446; x_wconf 89' lang='lat' dir='ltr'><strong>Petruccius.</strong></span> 
     </span>
    </p>

    <p class='ocr_par' dir='ltr' id='par_1_11' title="bbox 2542 1475 3972 1548">
     <span class='ocr_line' id='line_1_60' title="bbox 2542 1475 3972 1548; baseline -0.005 -6"><span class='ocrx_word' id='word_1_371' title='bbox 2542 1483 2716 1544; x_wconf 87' lang='lat' dir='ltr'><strong>Putat</strong></span> <span class='ocrx_word' id='word_1_372' title='bbox 2733 1487 2943 1544; x_wconf 83' lang='lat' dir='ltr'><strong>‘autem</strong></span> <span class='ocrx_word' id='word_1_373' title='bbox 2979 1480 3136 1541; x_wconf 91' lang='lat' dir='ltr'><strong>idem</strong></span> <span class='ocrx_word' id='word_1_374' title='bbox 3162 1478 3521 1548; x_wconf 87' lang='lat' dir='ltr'><strong>Canonicus,</strong></span> <span class='ocrx_word' id='word_1_375' title='bbox 3550 1496 3612 1539; x_wconf 87' lang='lat' dir='ltr'><strong>se</strong></span> <span class='ocrx_word' id='word_1_376' title='bbox 3637 1496 3755 1536; x_wconf 91' lang='lat' dir='ltr'><strong>non</strong></span> <span class='ocrx_word' id='word_1_377' title='bbox 3781 1475 3972 1537; x_wconf 87' lang='lat' dir='ltr'><strong>teneri</strong></span> 
     </span>
    </p>

    <p class='ocr_par' dir='ltr' id='par_1_12' title="bbox 2403 1569 3976 3732">
     <span class='ocr_line' id='line_1_61' title="bbox 2420 1569 3972 1649; baseline -0.005 -11"><span class='ocrx_word' id='word_1_378' title='bbox 2420 1576 2497 1638; x_wconf 90' lang='lat' dir='ltr'><strong>ad</strong></span> <span class='ocrx_word' id='word_1_379' title='bbox 2524 1596 2677 1637; x_wconf 87' lang='lat' dir='ltr'><strong>onus</strong></span> <span class='ocrx_word' id='word_1_380' title='bbox 2703 1585 2834 1638; x_wconf 89' lang='lat' dir='ltr'><strong>octo</strong></span> <span class='ocrx_word' id='word_1_381' title='bbox 2859 1576 3179 1636; x_wconf 88' lang='lat' dir='ltr'><strong>Missarum</strong></span> <span class='ocrx_word' id='word_1_382' title='bbox 3207 1570 3606 1633; x_wconf 90' lang='lat' dir='ltr'><strong>mensualium</strong></span> <span class='ocrx_word' id='word_1_383' title='bbox 3624 1615 3640 1643; x_wconf 90' lang='lat'><strong>,</strong></span> <span class='ocrx_word' id='word_1_384' title='bbox 3669 1578 3795 1631; x_wconf 90' lang='lat' dir='ltr'><strong>tum</strong></span> <span class='ocrx_word' id='word_1_385' title='bbox 3824 1569 3972 1649; x_wconf 86' lang='lat' dir='ltr'><strong>quia</strong></span> 
     </span>
     <span class='ocr_line' id='line_1_62' title="bbox 2421 1663 3970 1753; baseline -0.004 -23"><span class='ocrx_word' id='word_1_386' title='bbox 2421 1669 2574 1732; x_wconf 90' lang='lat' dir='ltr'><strong>illud</strong></span> <span class='ocrx_word' id='word_1_387' title='bbox 2594 1691 2713 1731; x_wconf 91' lang='lat' dir='ltr'><strong>non</strong></span> <span class='ocrx_word' id='word_1_388' title='bbox 2735 1669 2954 1753; x_wconf 84' lang='lat' dir='ltr'><strong>legitur</strong></span> <span class='ocrx_word' id='word_1_389' title='bbox 2977 1667 3327 1748; x_wconf 88' lang='lat' dir='ltr'><strong>impositum</strong></span> <span class='ocrx_word' id='word_1_390' title='bbox 3349 1667 3411 1727; x_wconf 92' lang='lat' dir='ltr'><strong>in</strong></span> <span class='ocrx_word' id='word_1_391' title='bbox 3434 1668 3810 1727; x_wconf 87' lang='lat' dir='ltr'><strong>Testamento</strong></span> <span class='ocrx_word' id='word_1_392' title='bbox 3829 1665 3876 1724; x_wconf 93' lang='lat' dir='ltr'><strong>F</strong></span> <span class='ocrx_word' id='word_1_393' title='bbox 3881 1663 3970 1725; x_wconf 87' lang='lat' dir='ltr'><strong>la-</strong></span> 
     </span>
     <span class='ocr_line' id='line_1_63' title="bbox 2422 1758 3974 1846; baseline -0.004 -21"><span class='ocrx_word' id='word_1_394' title='bbox 2422 1765 2647 1826; x_wconf 89' lang='lat' dir='ltr'><strong>miniae</strong></span> <span class='ocrx_word' id='word_1_395' title='bbox 2672 1811 2689 1838; x_wconf 96' lang='lat'><strong>,</strong></span> <span class='ocrx_word' id='word_1_396' title='bbox 2721 1785 2795 1826; x_wconf 85' lang='lat' dir='ltr'><strong>ex</strong></span> <span class='ocrx_word' id='word_1_397' title='bbox 2824 1766 2995 1846; x_wconf 87' lang='lat' dir='ltr'><strong>cujus</strong></span> <span class='ocrx_word' id='word_1_398' title='bbox 3043 1762 3222 1836; x_wconf 80' lang='lat' dir='ltr'><strong>bonis</strong></span> <span class='ocrx_word' id='word_1_399' title='bbox 3245 1760 3646 1823; x_wconf 89' lang='lat' dir='ltr'><strong>Canonicatus</strong></span> <span class='ocrx_word' id='word_1_400' title='bbox 3686 1758 3804 1819; x_wconf 82' lang='lat' dir='ltr'><strong>t’uit</strong></span> <span class='ocrx_word' id='word_1_401' title='bbox 3840 1777 3974 1819; x_wconf 84' lang='lat' dir='ltr'><strong>ere·</strong></span> 
     </span>
     <span class='ocr_line' id='line_1_64' title="bbox 2420 1851 3972 1939; baseline -0.003 -20"><span class='ocrx_word' id='word_1_402' title='bbox 2420 1868 2550 1921; x_wconf 91' lang='lat' dir='ltr'><strong>ctus</strong></span> <span class='ocrx_word' id='word_1_403' title='bbox 2570 1905 2587 1933; x_wconf 86' lang='lat'><strong>,</strong></span> <span class='ocrx_word' id='word_1_404' title='bbox 2618 1868 2744 1922; x_wconf 89' lang='lat' dir='ltr'><strong>tum</strong></span> <span class='ocrx_word' id='word_1_405' title='bbox 2775 1860 2921 1939; x_wconf 90' lang='lat' dir='ltr'><strong>quia</strong></span> <span class='ocrx_word' id='word_1_406' title='bbox 2945 1858 3092 1920; x_wconf 87' lang='lat' dir='ltr'><strong>haec</strong></span> <span class='ocrx_word' id='word_1_407' title='bbox 3116 1856 3218 1937; x_wconf 88' lang='lat' dir='ltr'><strong>pia</strong></span> <span class='ocrx_word' id='word_1_408' title='bbox 3240 1852 3537 1917; x_wconf 78' lang='lat' dir='ltr'><strong>Testatrix</strong></span> <span class='ocrx_word' id='word_1_409' title='bbox 3570 1851 3783 1926; x_wconf 91' lang='lat' dir='ltr'><strong>voluit,</strong></span> <span class='ocrx_word' id='word_1_410' title='bbox 3808 1853 3972 1932; x_wconf 90' lang='lat' dir='ltr'><strong>quod</strong></span> 
     </span>
     <span class='ocr_line' id='line_1_65' title="bbox 2417 1946 3976 2035; baseline -0.004 -22"><span class='ocrx_word' id='word_1_411' title='bbox 2417 1953 2749 2035; x_wconf 82' lang='lat' dir='ltr'><strong>erigeretur</strong></span> <span class='ocrx_word' id='word_1_412' title='bbox 2777 1952 3197 2022; x_wconf 77' lang='lat' dir='ltr'><strong>canonicatus,</strong></span> <span class='ocrx_word' id='word_1_413' title='bbox 3228 1969 3333 2011; x_wconf 86' lang='lat' dir='ltr'><strong>seu</strong></span> <span class='ocrx_word' id='word_1_414' title='bbox 3361 1946 3752 2029; x_wconf 89' lang='lat' dir='ltr'><strong>Cappellania</strong></span> <span class='ocrx_word' id='word_1_415' title='bbox 3775 1993 3792 2018; x_wconf 88' lang='lat'><strong>,</strong></span> <span class='ocrx_word' id='word_1_416' title='bbox 3830 1946 3976 2008; x_wconf 88' lang='lat' dir='ltr'><strong>binc</strong></span> 
     </span>
     <span class='ocr_line' id='line_1_66' title="bbox 2419 2039 3969 2127; baseline -0.005 -21"><span class='ocrx_word' id='word_1_417' title='bbox 2419 2046 2770 2121; x_wconf 80' lang='lat' dir='ltr'><strong>inserend0,</strong></span> <span class='ocrx_word' id='word_1_418' title='bbox 2805 2046 2967 2127; x_wconf 90' lang='lat' dir='ltr'><strong>quod</strong></span> <span class='ocrx_word' id='word_1_419' title='bbox 3011 2044 3365 2107; x_wconf 84' lang='lat' dir='ltr'><strong>Franciscus</strong></span> <span class='ocrx_word' id='word_1_420' title='bbox 3403 2042 3672 2124; x_wconf 83' lang='lat' dir='ltr'><strong>ejusdem</strong></span> <span class='ocrx_word' id='word_1_421' title='bbox 3722 2039 3819 2102; x_wconf 82' lang='lat' dir='ltr'><strong>vir</strong></span> <span class='ocrx_word' id='word_1_422' title='bbox 3849 2059 3969 2100; x_wconf 89' lang='lat' dir='ltr'><strong>non</strong></span> 
     </span>
     <span class='ocr_line' id='line_1_67' title="bbox 2420 2134 3972 2221; baseline -0.005 -17"><span class='ocrx_word' id='word_1_423' title='bbox 2420 2150 2651 2221; x_wconf 87' lang='lat' dir='ltr'><strong>poterat</strong></span> <span class='ocrx_word' id='word_1_424' title='bbox 2695 2141 2977 2203; x_wconf 87' lang='lat' dir='ltr'><strong>devenire</strong></span> <span class='ocrx_word' id='word_1_425' title='bbox 3030 2140 3107 2200; x_wconf 91' lang='lat' dir='ltr'><strong>ad</strong></span> <span class='ocrx_word' id='word_1_426' title='bbox 3153 2136 3517 2202; x_wconf 75' lang='lat' dir='ltr'><strong>erectionem</strong></span> <span class='ocrx_word' id='word_1_427' title='bbox 3567 2134 3972 2197; x_wconf 86' lang='lat' dir='ltr'><strong>Canonicatus</strong></span> 
     </span>
     <span class='ocr_line' id='line_1_68' title="bbox 2417 2229 3968 2314; baseline -0.004 -18"><span class='ocrx_word' id='word_1_428' title='bbox 2417 2236 2663 2297; x_wconf 89' lang='lat' dir='ltr'><strong>insimul</strong></span> <span class='ocrx_word' id='word_1_429' title='bbox 2691 2281 2708 2310; x_wconf 88' lang='lat'><strong>,</strong></span> <span class='ocrx_word' id='word_1_430' title='bbox 2741 2245 2801 2298; x_wconf 91' lang='lat' dir='ltr'><strong>et</strong></span> <span class='ocrx_word' id='word_1_431' title='bbox 2826 2233 3283 2314; x_wconf 88' lang='lat' dir='ltr'><strong>Cappellaniae,</strong></span> <span class='ocrx_word' id='word_1_432' title='bbox 3314 2229 3686 2313; x_wconf 82' lang='lat' dir='ltr'><strong>injungendo</strong></span> <span class='ocrx_word' id='word_1_433' title='bbox 3742 2229 3968 2290; x_wconf 90' lang='lat' dir='ltr'><strong>etenim</strong></span> 
     </span>
     <span class='ocr_line' id='line_1_69' title="bbox 2417 2322 3967 2400; baseline -0.006 -6"><span class='ocrx_word' id='word_1_434' title='bbox 2417 2332 2716 2394; x_wconf 90' lang='lat' dir='ltr'><strong>Canonico</strong></span> <span class='ocrx_word' id='word_1_435' title='bbox 2742 2350 2895 2393; x_wconf 90' lang='lat' dir='ltr'><strong>onus</strong></span> <span class='ocrx_word' id='word_1_436' title='bbox 2935 2330 3288 2400; x_wconf 71' lang='lat' dir='ltr'><strong>Missurum,</strong></span> <span class='ocrx_word' id='word_1_437' title='bbox 3319 2326 3609 2387; x_wconf 89' lang='lat' dir='ltr'><strong>unionem</strong></span> <span class='ocrx_word' id='word_1_438' title='bbox 3639 2323 3846 2385; x_wconf 85' lang='lat' dir='ltr'><strong>fecisse</strong></span> <span class='ocrx_word' id='word_1_439' title='bbox 3873 2322 3967 2385; x_wconf 77' lang='lat' dir='ltr'><strong>vi-</strong></span> 
     </span>
     <span class='ocr_line' id='line_1_70' title="bbox 2415 2418 3969 2502; baseline -0.006 -15"><span class='ocrx_word' id='word_1_440' title='bbox 2415 2426 2590 2488; x_wconf 91' lang='lat' dir='ltr'><strong>detur</strong></span> <span class='ocrx_word' id='word_1_441' title='bbox 2619 2424 3049 2495; x_wconf 89' lang='lat' dir='ltr'><strong>Canonicatus,</strong></span> <span class='ocrx_word' id='word_1_442' title='bbox 3083 2430 3143 2484; x_wconf 92' lang='lat' dir='ltr'><strong>et</strong></span> <span class='ocrx_word' id='word_1_443' title='bbox 3172 2418 3593 2502; x_wconf 84' lang='lat' dir='ltr'><strong>Cappellaniae</strong></span> <span class='ocrx_word' id='word_1_444' title='bbox 3624 2424 3834 2479; x_wconf 88' lang='lat' dir='ltr'><strong>contra</strong></span> <span class='ocrx_word' id='word_1_445' title='bbox 3861 2435 3969 2478; x_wconf 89' lang='lat' dir='ltr'><strong>vo-</strong></span> 
     </span>
     <span class='ocr_line' id='line_1_71' title="bbox 2414 2517 3158 2582; baseline -0.004 -2"><span class='ocrx_word' id='word_1_446' title='bbox 2414 2520 2710 2582; x_wconf 89' lang='lat' dir='ltr'><strong>luntatem</strong></span> <span class='ocrx_word' id='word_1_447' title='bbox 2746 2517 3158 2581; x_wconf 89' lang='lat' dir='ltr'><strong>Fundatricis.</strong></span> 
     </span>
     <span class='ocr_line' id='line_1_72' title="bbox 2427 2604 3964 2680; baseline -0.007 -3"><span class='ocrx_word' id='word_1_448' title='bbox 2427 2628 2429 2631; x_wconf 77' lang='grc'>’</span> <span class='ocrx_word' id='word_1_449' title='bbox 2533 2614 2775 2676; x_wconf 87' lang='lat' dir='ltr'><strong>Accedit</strong></span> <span class='ocrx_word' id='word_1_450' title='bbox 2809 2612 3116 2675; x_wconf 88' lang='lat' dir='ltr'><strong>redituum</strong></span> <span class='ocrx_word' id='word_1_451' title='bbox 3161 2608 3423 2672; x_wconf 89' lang='lat' dir='ltr'><strong>tenuitas</strong></span> <span class='ocrx_word' id='word_1_452' title='bbox 3447 2654 3463 2680; x_wconf 91' lang='lat'><strong>,</strong></span> <span class='ocrx_word' id='word_1_453' title='bbox 3509 2626 3586 2668; x_wconf 84' lang='lat' dir='ltr'><strong>ex</strong></span> <span class='ocrx_word' id='word_1_454' title='bbox 3614 2604 3845 2668; x_wconf 88' lang='lat' dir='ltr'><strong>calculo</strong></span> <span class='ocrx_word' id='word_1_455' title='bbox 3879 2606 3964 2667; x_wconf 91' lang='lat' dir='ltr'><strong>si·</strong></span> 
     </span>
     <span class='ocr_line' id='line_1_73' title="bbox 2414 2698 3965 2788; baseline -0.006 -18"><span class='ocrx_word' id='word_1_456' title='bbox 2414 2707 2659 2788; x_wconf 87' lang='lat' dir='ltr'><strong>quidem</strong></span> <span class='ocrx_word' id='word_1_457' title='bbox 2688 2718 2793 2788; x_wconf 86' lang='lat' dir='ltr'><strong>per</strong></span> <span class='ocrx_word' id='word_1_458' title='bbox 2842 2705 3212 2769; x_wconf 90' lang='lat' dir='ltr'><strong>Canonicum</strong></span> <span class='ocrx_word' id='word_1_459' title='bbox 3270 2702 3647 2765; x_wconf 85' lang='lat' dir='ltr'><strong>Petruccium</strong></span> <span class='ocrx_word' id='word_1_460' title='bbox 3690 2698 3965 2762; x_wconf 79' lang='lat' dir='ltr'><strong>exhibito</strong></span> 
     </span>
     <span class='ocr_line' id='line_1_74' title="bbox 2414 2792 3966 2875; baseline -0.005 -12"><span class='ocrx_word' id='word_1_461' title='bbox 2414 2801 2748 2863; x_wconf 90' lang='lat' dir='ltr'><strong>desumitur</strong></span> <span class='ocrx_word' id='word_1_462' title='bbox 2780 2800 2906 2862; x_wconf 87' lang='lat' dir='ltr'><strong>nihi</strong></span> <span class='ocrx_word' id='word_1_463' title='bbox 2916 2800 2933 2861; x_wconf 93' lang='lat' dir='ltr'><strong>l</strong></span> <span class='ocrx_word' id='word_1_464' title='bbox 2959 2799 3124 2861; x_wconf 88' lang='lat' dir='ltr'><strong>aliud</strong></span> <span class='ocrx_word' id='word_1_465' title='bbox 3147 2815 3457 2859; x_wconf 88' lang='lat' dir='ltr'><strong>remanere</strong></span> <span class='ocrx_word' id='word_1_466' title='bbox 3479 2814 3586 2875; x_wconf 92' lang='lat' dir='ltr'><strong>pro</strong></span> <span class='ocrx_word' id='word_1_467' title='bbox 3610 2792 3966 2874; x_wconf 87' lang='lat' dir='ltr'><strong>quotidiano</strong></span> 
     </span>
     <span class='ocr_line' id='line_1_75' title="bbox 2415 2891 3960 2974; baseline -0.006 -17"><span class='ocrx_word' id='word_1_468' title='bbox 2415 2896 2660 2957; x_wconf 84' lang='lat' dir='ltr'><strong>servitio</strong></span> <span class='ocrx_word' id='word_1_469' title='bbox 2690 2895 2893 2969; x_wconf 86' lang='lat' dir='ltr'><strong>Cbori,</strong></span> <span class='ocrx_word' id='word_1_470' title='bbox 2923 2914 3109 2974; x_wconf 88' lang='lat' dir='ltr'><strong>quam</strong></span> <span class='ocrx_word' id='word_1_471' title='bbox 3131 2891 3425 2953; x_wconf 84' lang='lat' dir='ltr'><strong>modicam</strong></span> <span class='ocrx_word' id='word_1_472' title='bbox 3445 2907 3744 2950; x_wconf 89' lang='lat' dir='ltr'><strong>summam</strong></span> <span class='ocrx_word' id='word_1_473' title='bbox 3768 2895 3960 2949; x_wconf 88' lang='lat' dir='ltr'><strong>scuto·</strong></span> 
     </span>
     <span class='ocr_line' id='line_1_76' title="bbox 2416 2981 3968 3059; baseline -0.005 -6"><span class='ocrx_word' id='word_1_474' title='bbox 2416 3011 2552 3053; x_wconf 90' lang='lat' dir='ltr'><strong>rum</strong></span> <span class='ocrx_word' id='word_1_475' title='bbox 2581 2997 2672 3052; x_wconf 93' lang='grc'><strong>10.</strong></span> <span class='ocrx_word' id='word_1_476' title='bbox 2699 3008 3067 3059; x_wconf 89' lang='lat' dir='ltr'><strong>annuorum,</strong></span> <span class='ocrx_word' id='word_1_477' title='bbox 3096 2994 3158 3049; x_wconf 90' lang='lat' dir='ltr'><strong>et</strong></span> <span class='ocrx_word' id='word_1_478' title='bbox 3180 2985 3506 3048; x_wconf 91' lang='lat' dir='ltr'><strong>obulorum</strong></span> <span class='ocrx_word' id='word_1_479' title='bbox 3539 2988 3633 3045; x_wconf 89' lang='grc'><strong>15.</strong></span> <span class='ocrx_word' id='word_1_480' title='bbox 3672 2981 3872 3044; x_wconf 88' lang='lat' dir='ltr'><strong>statim</strong></span> <span class='ocrx_word' id='word_1_481' title='bbox 3895 3002 3968 3045; x_wconf 86' lang='lat' dir='ltr'><strong>ac</strong></span> 
     </span>
     <span class='ocr_line' id='line_1_77' title="bbox 2414 3077 3963 3149; baseline -0.007 0"><span class='ocrx_word' id='word_1_482' title='bbox 2414 3087 2753 3149; x_wconf 88' lang='lat' dir='ltr'><strong>admittitur</strong></span> <span class='ocrx_word' id='word_1_483' title='bbox 2778 3103 2934 3145; x_wconf 89' lang='lat' dir='ltr'><strong>onus</strong></span> <span class='ocrx_word' id='word_1_484' title='bbox 2951 3091 3403 3147; x_wconf 87' lang='lat' dir='ltr'><strong>controversum</strong></span> <span class='ocrx_word' id='word_1_485' title='bbox 3422 3077 3866 3149; x_wconf 82' lang='lat' dir='ltr'><strong>celebrationis,</strong></span> <span class='ocrx_word' id='word_1_486' title='bbox 3885 3077 3963 3138; x_wconf 86' lang='lat' dir='ltr'><strong>ad</strong></span> 
     </span>
     <span class='ocr_line' id='line_1_78' title="bbox 2414 3170 3964 3262; baseline -0.008 -18"><span class='ocrx_word' id='word_1_487' title='bbox 2414 3181 2576 3262; x_wconf 87' lang='lat' dir='ltr'><strong>quod</strong></span> <span class='ocrx_word' id='word_1_488' title='bbox 2601 3180 2930 3243; x_wconf 82' lang='lat' dir='ltr'><strong>absurdum</strong></span> <span class='ocrx_word' id='word_1_489' title='bbox 2963 3178 3037 3240; x_wconf 92' lang='lat' dir='ltr'><strong>de</strong></span> <span class='ocrx_word' id='word_1_490' title='bbox 3059 3177 3258 3238; x_wconf 88' lang='lat' dir='ltr'><strong>medio</strong></span> <span class='ocrx_word' id='word_1_491' title='bbox 3277 3173 3615 3237; x_wconf 90' lang='lat' dir='ltr'><strong>tollendum</strong></span> <span class='ocrx_word' id='word_1_492' title='bbox 3645 3170 3829 3233; x_wconf 85' lang='lat' dir='ltr'><strong>infert</strong></span> <span class='ocrx_word' id='word_1_493' title='bbox 3851 3215 3868 3242; x_wconf 88' lang='lat'>‚</span> <span class='ocrx_word' id='word_1_494' title='bbox 3897 3190 3964 3232; x_wconf 89' lang='lat' dir='ltr'><strong>se</strong></span> 
     </span>
     <span class='ocr_line' id='line_1_79' title="bbox 2412 3266 3961 3356; baseline -0.008 -19"><span class='ocrx_word' id='word_1_495' title='bbox 2412 3296 2532 3337; x_wconf 90' lang='lat' dir='ltr'><strong>non</strong></span> <span class='ocrx_word' id='word_1_496' title='bbox 2556 3294 2721 3356; x_wconf 89' lang='lat' dir='ltr'><strong>posse</strong></span> <span class='ocrx_word' id='word_1_497' title='bbox 2742 3272 3034 3354; x_wconf 85' lang='lat' dir='ltr'><strong>adstringi</strong></span> <span class='ocrx_word' id='word_1_498' title='bbox 3057 3268 3133 3334; x_wconf 90' lang='lat' dir='ltr'><strong>ad</strong></span> <span class='ocrx_word' id='word_1_499' title='bbox 3163 3268 3627 3345; x_wconf 87' lang='lat' dir='ltr'><strong>celebrationem</strong></span> <span class='ocrx_word' id='word_1_500' title='bbox 3656 3276 3790 3328; x_wconf 91' lang='lat' dir='ltr'><strong>octo</strong></span> <span class='ocrx_word' id='word_1_501' title='bbox 3813 3266 3961 3327; x_wconf 86' lang='lat' dir='ltr'><strong>Mis·</strong></span> 
     </span>
     <span class='ocr_line' id='line_1_80' title="bbox 2410 3359 3962 3446; baseline -0.006 -14"><span class='ocrx_word' id='word_1_502' title='bbox 2410 3390 2614 3433; x_wconf 88' lang='lat' dir='ltr'><strong>sarum</strong></span> <span class='ocrx_word' id='word_1_503' title='bbox 2662 3367 3063 3430; x_wconf 86' lang='lat' dir='ltr'><strong>mensualium</strong></span> <span class='ocrx_word' id='word_1_504' title='bbox 3091 3415 3108 3437; x_wconf 91' lang='lat'>‚</span> <span class='ocrx_word' id='word_1_505' title='bbox 3137 3385 3295 3446; x_wconf 89' lang='lat' dir='ltr'><strong>quae</strong></span> <span class='ocrx_word' id='word_1_506' title='bbox 3324 3365 3655 3443; x_wconf 89' lang='lat' dir='ltr'><strong>important</strong></span> <span class='ocrx_word' id='word_1_507' title='bbox 3687 3359 3962 3441; x_wconf 87' lang='lat' dir='ltr'><strong>quolibet</strong></span> 
     </span>
     <span class='ocr_line' id='line_1_81' title="bbox 2403 3454 3961 3527; baseline -0.009 0"><span class='ocrx_word' id='word_1_508' title='bbox 2403 3482 2564 3527; x_wconf 83' lang='lat' dir='ltr'><strong>anno</strong></span> <span class='ocrx_word' id='word_1_509' title='bbox 2583 3472 2749 3525; x_wconf 89' lang='lat' dir='ltr'><strong>scuta</strong></span> <span class='ocrx_word' id='word_1_510' title='bbox 2781 3467 2875 3522; x_wconf 80' lang='lat'><strong>19.</strong></span> <span class='ocrx_word' id='word_1_511' title='bbox 2906 3471 2964 3523; x_wconf 87' lang='lat' dir='ltr'><strong>et</strong></span> <span class='ocrx_word' id='word_1_512' title='bbox 2994 3460 3208 3522; x_wconf 89' lang='lat' dir='ltr'><strong>obulos</strong></span> <span class='ocrx_word' id='word_1_513' title='bbox 3231 3465 3330 3520; x_wconf 92' lang='grc'><strong>60.</strong></span> <span class='ocrx_word' id='word_1_514' title='bbox 3362 3454 3714 3520; x_wconf 90' lang='lat' dir='ltr'><strong>calculando</strong></span> <span class='ocrx_word' id='word_1_515' title='bbox 3741 3473 3961 3515; x_wconf 88' lang='lat' dir='ltr'><strong>unam-</strong></span> 
     </span>
     <span class='ocr_line' id='line_1_82' title="bbox 2408 3546 3960 3639; baseline -0.007 -18"><span class='ocrx_word' id='word_1_516' title='bbox 2408 3577 2715 3639; x_wconf 90' lang='lat' dir='ltr'><strong>quamque</strong></span> <span class='ocrx_word' id='word_1_517' title='bbox 2739 3556 2987 3625; x_wconf 85' lang='lat' dir='ltr'><strong>Missam</strong></span> <span class='ocrx_word' id='word_1_518' title='bbox 3014 3555 3091 3616; x_wconf 97' lang='lat' dir='ltr'><strong>ad</strong></span> <span class='ocrx_word' id='word_1_519' title='bbox 3127 3554 3421 3616; x_wconf 89' lang='lat' dir='ltr'><strong>rationem</strong></span> <span class='ocrx_word' id='word_1_520' title='bbox 3467 3548 3764 3633; x_wconf 83' lang='lat' dir='ltr'><strong>juliorum</strong></span> <span class='ocrx_word' id='word_1_521' title='bbox 3805 3546 3960 3610; x_wconf 88' lang='lat' dir='ltr'><strong>duo·</strong></span> 
     </span>
     <span class='ocr_line' id='line_1_83' title="bbox 2407 3648 3706 3732; baseline -0.009 -17"><span class='ocrx_word' id='word_1_522' title='bbox 2407 3674 2545 3715; x_wconf 88' lang='lat' dir='ltr'><strong>rum</strong></span> <span class='ocrx_word' id='word_1_523' title='bbox 2562 3700 2580 3726; x_wconf 89' lang='lat'>‚</span> <span class='ocrx_word' id='word_1_524' title='bbox 2610 3672 2685 3715; x_wconf 84' lang='lat' dir='ltr'><strong>ex</strong></span> <span class='ocrx_word' id='word_1_525' title='bbox 2707 3671 2830 3732; x_wconf 93' lang='lat' dir='ltr'><strong>quo</strong></span> <span class='ocrx_word' id='word_1_526' title='bbox 2857 3649 3059 3732; x_wconf 84' lang='lat' dir='ltr'><strong>agitur</strong></span> <span class='ocrx_word' id='word_1_527' title='bbox 3086 3648 3160 3710; x_wconf 92' lang='lat' dir='ltr'><strong>de</strong></span> <span class='ocrx_word' id='word_1_528' title='bbox 3181 3666 3364 3710; x_wconf 90' lang='lat' dir='ltr'><strong>onere</strong></span> <span class='ocrx_word' id='word_1_529' title='bbox 3396 3651 3706 3725; x_wconf 90' lang='lat' dir='ltr'><strong>perpetuo.</strong></span> 
     </span>
    </p>

    <p class='ocr_par' dir='ltr' id='par_1_13' title="bbox 2401 3736 3960 5317">
     <span class='ocr_line' id='line_1_84' title="bbox 2525 3736 3959 3812; baseline -0.008 -3"><span class='ocrx_word' id='word_1_530' title='bbox 2525 3746 2907 3810; x_wconf 82' lang='lat' dir='ltr'><strong>Contendunt</strong></span> <span class='ocrx_word' id='word_1_531' title='bbox 2934 3765 2968 3806; x_wconf 91' lang='lat' dir='ltr'><strong>e</strong></span> <span class='ocrx_word' id='word_1_532' title='bbox 3012 3752 3220 3806; x_wconf 90' lang='lat' dir='ltr'><strong>contra</strong></span> <span class='ocrx_word' id='word_1_533' title='bbox 3256 3738 3545 3812; x_wconf 86' lang='lat' dir='ltr'><strong>Patroni,</strong></span> <span class='ocrx_word' id='word_1_534' title='bbox 3588 3736 3959 3800; x_wconf 87' lang='lat' dir='ltr'><strong>Canonicum</strong></span> 
     </span>
     <span class='ocr_line' id='line_1_85' title="bbox 2404 3830 3955 3921; baseline -0.01 -16"><span class='ocrx_word' id='word_1_535' title='bbox 2404 3861 2531 3904; x_wconf 89' lang='lat' dir='ltr'><strong>esse</strong></span> <span class='ocrx_word' id='word_1_536' title='bbox 2584 3840 2917 3921; x_wconf 81' lang='lat' dir='ltr'><strong>obligatum</strong></span> <span class='ocrx_word' id='word_1_537' title='bbox 2945 3838 3056 3899; x_wconf 84' lang='lat' dir='ltr'><strong>ad.</strong></span> <span class='ocrx_word' id='word_1_538' title='bbox 3085 3834 3548 3897; x_wconf 90' lang='lat' dir='ltr'><strong>celebrationem</strong></span> <span class='ocrx_word' id='word_1_539' title='bbox 3599 3830 3955 3905; x_wconf 87' lang='lat' dir='ltr'><strong>Missarum;</strong></span> 
     </span>
     <span class='ocr_line' id='line_1_86' title="bbox 2405 3924 3960 4015; baseline -0.008 -19"><span class='ocrx_word' id='word_1_540' title='bbox 2405 3936 2609 3997; x_wconf 90' lang='lat' dir='ltr'><strong>Primo</strong></span> <span class='ocrx_word' id='word_1_541' title='bbox 2636 3934 2782 4015; x_wconf 91' lang='lat' dir='ltr'><strong>quia</strong></span> <span class='ocrx_word' id='word_1_542' title='bbox 2808 3932 3110 3995; x_wconf 88' lang='lat' dir='ltr'><strong>Flaminia</strong></span> <span class='ocrx_word' id='word_1_543' title='bbox 3134 3928 3348 4000; x_wconf 87' lang='lat' dir='ltr'><strong>voluit,</strong></span> <span class='ocrx_word' id='word_1_544' title='bbox 3371 3925 3533 4006; x_wconf 91' lang='lat' dir='ltr'><strong>quod</strong></span> <span class='ocrx_word' id='word_1_545' title='bbox 3556 3924 3960 3987; x_wconf 89' lang='lat' dir='ltr'><strong>Canonicatus</strong></span> 
     </span>
     <span class='ocr_line' id='line_1_87' title="bbox 2404 4018 3957 4112; baseline -0.007 -21"><span class='ocrx_word' id='word_1_546' title='bbox 2404 4031 2736 4112; x_wconf 85' lang='lat' dir='ltr'><strong>erigeretur</strong></span> <span class='ocrx_word' id='word_1_547' title='bbox 2767 4028 3009 4090; x_wconf 82' lang='lat' dir='ltr'><strong>arbitrio</strong></span> <span class='ocrx_word' id='word_1_548' title='bbox 3041 4023 3331 4085; x_wconf 81' lang='lat' dir='ltr'><strong>Francisci</strong></span> <span class='ocrx_word' id='word_1_549' title='bbox 3351 4022 3489 4092; x_wconf 83' lang='lat' dir='ltr'><strong>viri,</strong></span> <span class='ocrx_word' id='word_1_550' title='bbox 3519 4029 3581 4081; x_wconf 90' lang='lat' dir='ltr'><strong>et</strong></span> <span class='ocrx_word' id='word_1_551' title='bbox 3604 4018 3957 4080; x_wconf 88' lang='lat' dir='ltr'><strong>Franciscus</strong></span> 
     </span>
     <span class='ocr_line' id='line_1_88' title="bbox 2406 4110 3954 4194; baseline -0.008 -9"><span class='ocrx_word' id='word_1_552' title='bbox 2406 4125 2502 4185; x_wconf 86' lang='lat' dir='ltr'><strong>vir</strong></span> <span class='ocrx_word' id='word_1_553' title='bbox 2552 4123 2727 4184; x_wconf 90' lang='lat' dir='ltr'><strong>illum</strong></span> <span class='ocrx_word' id='word_1_554' title='bbox 2753 4167 2769 4194; x_wconf 93' lang='lat'><strong>,</strong></span> <span class='ocrx_word' id='word_1_555' title='bbox 2829 4119 3142 4181; x_wconf 89' lang='lat' dir='ltr'><strong>accedente</strong></span> <span class='ocrx_word' id='word_1_556' title='bbox 3192 4113 3545 4178; x_wconf 87' lang='lat' dir='ltr'><strong>auctoritate</strong></span> <span class='ocrx_word' id='word_1_557' title='bbox 3600 4110 3910 4173; x_wconf 86' lang='lat' dir='ltr'><strong>ordinaria</strong></span> <span class='ocrx_word' id='word_1_558' title='bbox 3937 4157 3954 4181; x_wconf 90' lang='lat'><strong>,</strong></span> 
     </span>
     <span class='ocr_line' id='line_1_89' title="bbox 2406 4203 3959 4298; baseline -0.01 -19"><span class='ocrx_word' id='word_1_559' title='bbox 2406 4217 2636 4298; x_wconf 86' lang='lat' dir='ltr'><strong>erigere</strong></span> <span class='ocrx_word' id='word_1_560' title='bbox 2654 4213 2911 4287; x_wconf 89' lang='lat' dir='ltr'><strong>curavit,</strong></span> <span class='ocrx_word' id='word_1_561' title='bbox 2941 4230 3079 4274; x_wconf 91' lang='lat' dir='ltr'><strong>cum</strong></span> <span class='ocrx_word' id='word_1_562' title='bbox 3107 4205 3489 4289; x_wconf 83' lang='lat' dir='ltr'><strong>expressione</strong></span> <span class='ocrx_word' id='word_1_563' title='bbox 3518 4203 3721 4266; x_wconf 88' lang='lat' dir='ltr'><strong>oneris</strong></span> <span class='ocrx_word' id='word_1_564' title='bbox 3749 4222 3959 4282; x_wconf 90' lang='lat' dir='ltr'><strong>supra-</strong></span> 
     </span>
     <span class='ocr_line' id='line_1_90' title="bbox 2403 4295 3956 4386; baseline -0.011 -14"><span class='ocrx_word' id='word_1_565' title='bbox 2403 4310 2570 4382; x_wconf 78' lang='lat' dir='ltr'><strong>dicti3</strong></span> <span class='ocrx_word' id='word_1_566' title='bbox 2591 4307 2862 4377; x_wconf 91' lang='lat' dir='ltr'><strong>Secundo</strong></span> <span class='ocrx_word' id='word_1_567' title='bbox 2882 4304 3027 4386; x_wconf 90' lang='lat' dir='ltr'><strong>quia</strong></span> <span class='ocrx_word' id='word_1_568' title='bbox 3043 4321 3196 4364; x_wconf 91' lang='lat' dir='ltr'><strong>onus</strong></span> <span class='ocrx_word' id='word_1_569' title='bbox 3217 4296 3641 4361; x_wconf 89' lang='lat' dir='ltr'><strong>celebrationis</strong></span> <span class='ocrx_word' id='word_1_570' title='bbox 3658 4305 3789 4358; x_wconf 91' lang='lat' dir='ltr'><strong>octo</strong></span> <span class='ocrx_word' id='word_1_571' title='bbox 3809 4295 3956 4357; x_wconf 88' lang='lat' dir='ltr'><strong>Mis·</strong></span> 
     </span>
     <span class='ocr_line' id='line_1_91' title="bbox 2403 4386 3959 4483; baseline -0.01 -17"><span class='ocrx_word' id='word_1_572' title='bbox 2403 4423 2606 4466; x_wconf 91' lang='lat' dir='ltr'><strong>sarum</strong></span> <span class='ocrx_word' id='word_1_573' title='bbox 2643 4400 2917 4483; x_wconf 87' lang='lat' dir='ltr'><strong>quolibet</strong></span> <span class='ocrx_word' id='word_1_574' title='bbox 2964 4415 3167 4459; x_wconf 89' lang='lat' dir='ltr'><strong>mense</strong></span> <span class='ocrx_word' id='word_1_575' title='bbox 3215 4413 3337 4455; x_wconf 91' lang='lat' dir='ltr'><strong>non</strong></span> <span class='ocrx_word' id='word_1_576' title='bbox 3372 4398 3461 4454; x_wconf 90' lang='lat' dir='ltr'><strong>est</strong></span> <span class='ocrx_word' id='word_1_577' title='bbox 3505 4386 3959 4470; x_wconf 89' lang='lat' dir='ltr'><strong>incompatibile</strong></span> 
     </span>
     <span class='ocr_line' id='line_1_92' title="bbox 2402 4483 3951 4569; baseline -0.011 -8"><span class='ocrx_word' id='word_1_578' title='bbox 2402 4518 2539 4560; x_wconf 89' lang='lat' dir='ltr'><strong>cum</strong></span> <span class='ocrx_word' id='word_1_579' title='bbox 2581 4494 2979 4566; x_wconf 80' lang='lat' dir='ltr'><strong>Canonicatu3</strong></span> <span class='ocrx_word' id='word_1_580' title='bbox 3011 4490 3213 4552; x_wconf 90' lang='lat' dir='ltr'><strong>Tertio</strong></span> <span class='ocrx_word' id='word_1_581' title='bbox 3263 4488 3412 4569; x_wconf 89' lang='lat' dir='ltr'><strong>quia</strong></span> <span class='ocrx_word' id='word_1_582' title='bbox 3440 4486 3655 4549; x_wconf 85' lang='lat' dir='ltr'><strong>Missae</strong></span> <span class='ocrx_word' id='word_1_583' title='bbox 3699 4483 3951 4544; x_wconf 88' lang='lat' dir='ltr'><strong>fuerunt</strong></span> 
     </span>
     <span class='ocr_line' id='line_1_93' title="bbox 2402 4581 3950 4669; baseline -0.013 -13"><span class='ocrx_word' id='word_1_584' title='bbox 2402 4590 2734 4655; x_wconf 85' lang='lat' dir='ltr'><strong>celebratae</strong></span> <span class='ocrx_word' id='word_1_585' title='bbox 2750 4588 2941 4669; x_wconf 90' lang='lat' dir='ltr'><strong>spatio</strong></span> <span class='ocrx_word' id='word_1_586' title='bbox 2968 4583 3345 4666; x_wconf 82' lang='lat' dir='ltr'><strong>septuaginta</strong></span> <span class='ocrx_word' id='word_1_587' title='bbox 3368 4581 3603 4643; x_wconf 89' lang='lat' dir='ltr'><strong>circiter</strong></span> <span class='ocrx_word' id='word_1_588' title='bbox 3625 4596 3950 4652; x_wconf 87' lang='lat' dir='ltr'><strong>annorum,</strong></span> 
     </span>
     <span class='ocr_line' id='line_1_94' title="bbox 2401 4672 3953 4752; baseline -0.009 -4"><span class='ocrx_word' id='word_1_589' title='bbox 2401 4688 2556 4752; x_wconf 87' lang='lat' dir='ltr'><strong>itaut</strong></span> <span class='ocrx_word' id='word_1_590' title='bbox 2572 4687 2646 4748; x_wconf 91' lang='lat' dir='ltr'><strong>de</strong></span> <span class='ocrx_word' id='word_1_591' title='bbox 2666 4681 3045 4747; x_wconf 87' lang='lat' dir='ltr'><strong>observantia</strong></span> <span class='ocrx_word' id='word_1_592' title='bbox 3064 4699 3187 4741; x_wconf 89' lang='lat' dir='ltr'><strong>non</strong></span> <span class='ocrx_word' id='word_1_593' title='bbox 3210 4679 3288 4739; x_wconf 90' lang='lat' dir='ltr'><strong>sit</strong></span> <span class='ocrx_word' id='word_1_594' title='bbox 3305 4675 3729 4747; x_wconf 85' lang='lat' dir='ltr'><strong>dubitandum3</strong></span> <span class='ocrx_word' id='word_1_595' title='bbox 3751 4672 3953 4747; x_wconf 89' lang='lat' dir='ltr'><strong>Quar-</strong></span> 
     </span>
     <span class='ocr_line' id='line_1_95' title="bbox 2405 4767 3955 4862; baseline -0.011 -17"><span class='ocrx_word' id='word_1_596' title='bbox 2405 4792 2464 4845; x_wconf 94' lang='lat' dir='ltr'><strong>to</strong></span> <span class='ocrx_word' id='word_1_597' title='bbox 2487 4828 2505 4856; x_wconf 93' lang='lat'><strong>,</strong></span> <span class='ocrx_word' id='word_1_598' title='bbox 2552 4782 2697 4862; x_wconf 82' lang='lat' dir='ltr'><strong>quia</strong></span> <span class='ocrx_word' id='word_1_599' title='bbox 2724 4799 2842 4840; x_wconf 90' lang='lat' dir='ltr'><strong>non</strong></span> <span class='ocrx_word' id='word_1_600' title='bbox 2887 4775 3124 4840; x_wconf 89' lang='lat' dir='ltr'><strong>videtur</strong></span> <span class='ocrx_word' id='word_1_601' title='bbox 3154 4771 3477 4835; x_wconf 88' lang='lat' dir='ltr'><strong>subsistere</strong></span> <span class='ocrx_word' id='word_1_602' title='bbox 3506 4767 3764 4830; x_wconf 86' lang='lat' dir='ltr'><strong>tenuitas</strong></span> <span class='ocrx_word' id='word_1_603' title='bbox 3790 4767 3955 4829; x_wconf 92' lang='lat' dir='ltr'><strong>redi-</strong></span> 
     </span>
     <span class='ocr_line' id='line_1_96' title="bbox 2405 4869 3951 4955; baseline -0.012 -15"><span class='ocrx_word' id='word_1_604' title='bbox 2405 4890 2574 4941; x_wconf 89' lang='lat' dir='ltr'><strong>tuum</strong></span> <span class='ocrx_word' id='word_1_605' title='bbox 2603 4924 2619 4947; x_wconf 91' lang='lat'><strong>,</strong></span> <span class='ocrx_word' id='word_1_606' title='bbox 2667 4878 2807 4955; x_wconf 75' lang='lat' dir='ltr'><strong>cum</strong></span> <span class='ocrx_word' id='word_1_607' title='bbox 2855 4869 3191 4934; x_wconf 88' lang='lat' dir='ltr'><strong>Canonicus</strong></span> <span class='ocrx_word' id='word_1_608' title='bbox 3216 4912 3234 4940; x_wconf 93' lang='lat'><strong>,</strong></span> <span class='ocrx_word' id='word_1_609' title='bbox 3277 4872 3516 4946; x_wconf 85' lang='lat' dir='ltr'><strong>praeter</strong></span> <span class='ocrx_word' id='word_1_610' title='bbox 3561 4871 3729 4924; x_wconf 87' lang='lat' dir='ltr'><strong>scuta</strong></span> <span class='ocrx_word' id='word_1_611' title='bbox 3782 4870 3913 4923; x_wconf 90' lang='lat' dir='ltr'><strong>octo</strong></span> <span class='ocrx_word' id='word_1_612' title='bbox 3931 4907 3951 4935; x_wconf 91' lang='lat'><strong>,</strong></span> 
     </span>
     <span class='ocr_line' id='line_1_97' title="bbox 2403 4955 3952 5052; baseline -0.01 -21"><span class='ocrx_word' id='word_1_613' title='bbox 2403 4991 2560 5052; x_wconf 88' lang='lat' dir='ltr'><strong>quae</strong></span> <span class='ocrx_word' id='word_1_614' title='bbox 2591 4969 2842 5031; x_wconf 89' lang='lat' dir='ltr'><strong>cuilibet</strong></span> <span class='ocrx_word' id='word_1_615' title='bbox 2864 4986 2940 5028; x_wconf 79' lang='lat' dir='ltr'><strong>ex</strong></span> <span class='ocrx_word' id='word_1_616' title='bbox 2963 4960 3281 5026; x_wconf 88' lang='lat' dir='ltr'><strong>Canonicis</strong></span> <span class='ocrx_word' id='word_1_617' title='bbox 3312 4956 3765 5019; x_wconf 90' lang='lat' dir='ltr'><strong>distribuuntur</strong></span> <span class='ocrx_word' id='word_1_618' title='bbox 3789 5000 3805 5028; x_wconf 90' lang='lat'><strong>,</strong></span> <span class='ocrx_word' id='word_1_619' title='bbox 3840 4955 3952 5016; x_wconf 87' lang='lat' dir='ltr'><strong>ha-</strong></span> 
     </span>
     <span class='ocr_line' id='line_1_98' title="bbox 2403 5047 3953 5143; baseline -0.014 -14"><span class='ocrx_word' id='word_1_620' title='bbox 2403 5068 2540 5127; x_wconf 86' lang='lat' dir='ltr'><strong>beat</strong></span> <span class='ocrx_word' id='word_1_621' title='bbox 2573 5063 2846 5143; x_wconf 87' lang='lat' dir='ltr'><strong>quolibet</strong></span> <span class='ocrx_word' id='word_1_622' title='bbox 2878 5077 3040 5120; x_wconf 90' lang='lat' dir='ltr'><strong>anno</strong></span> <span class='ocrx_word' id='word_1_623' title='bbox 3072 5061 3236 5116; x_wconf 91' lang='lat' dir='ltr'><strong>scuta</strong></span> <span class='ocrx_word' id='word_1_624' title='bbox 3267 5056 3364 5112; x_wconf 90' lang='grc'><strong>40.</strong></span> <span class='ocrx_word' id='word_1_625' title='bbox 3393 5069 3529 5110; x_wconf 89' lang='lat' dir='ltr'><strong>cum</strong></span> <span class='ocrx_word' id='word_1_626' title='bbox 3562 5047 3851 5120; x_wconf 87' lang='lat' dir='ltr'><strong>dimidio,</strong></span> <span class='ocrx_word' id='word_1_627' title='bbox 3891 5056 3953 5110; x_wconf 89' lang='lat' dir='ltr'><strong>et</strong></span> 
     </span>
     <span class='ocr_line' id='line_1_99' title="bbox 2403 5138 3953 5237; baseline -0.014 -16"><span class='ocrx_word' id='word_1_628' title='bbox 2403 5178 2556 5222; x_wconf 90' lang='lat' dir='ltr'><strong>onus</strong></span> <span class='ocrx_word' id='word_1_629' title='bbox 2575 5156 2921 5237; x_wconf 87' lang='lat' dir='ltr'><strong>impositum</strong></span> <span class='ocrx_word' id='word_1_630' title='bbox 2952 5149 3293 5214; x_wconf 85' lang='lat' dir='ltr'><strong>Missarum,</strong></span> <span class='ocrx_word' id='word_1_631' title='bbox 3315 5142 3467 5203; x_wconf 88' lang='lat' dir='ltr'><strong>illud</strong></span> <span class='ocrx_word' id='word_1_632' title='bbox 3497 5138 3848 5203; x_wconf 89' lang='lat' dir='ltr'><strong>calculando</strong></span> <span class='ocrx_word' id='word_1_633' title='bbox 3872 5139 3953 5200; x_wconf 87' lang='lat' dir='ltr'><strong>ad</strong></span> 
     </span>
     <span class='ocr_line' id='line_1_100' title="bbox 2405 5236 3952 5317; baseline -0.015 0"><span class='ocrx_word' id='word_1_634' title='bbox 2405 5255 2696 5317; x_wconf 90' lang='lat' dir='ltr'><strong>rationem</strong></span> <span class='ocrx_word' id='word_1_635' title='bbox 2723 5245 3044 5317; x_wconf 78' lang='lat' dir='ltr'><strong>manualiS,</strong></span> <span class='ocrx_word' id='word_1_636' title='bbox 3078 5258 3199 5303; x_wconf 91' lang='lat' dir='ltr'><strong>non</strong></span> <span class='ocrx_word' id='word_1_637' title='bbox 3227 5236 3473 5300; x_wconf 85' lang='lat' dir='ltr'><strong>excedat</strong></span> <span class='ocrx_word' id='word_1_638' title='bbox 3496 5252 3795 5297; x_wconf 91' lang='lat' dir='ltr'><strong>summam</strong></span> <span class='ocrx_word' id='word_1_639' title='bbox 3813 5252 3952 5296; x_wconf 88' lang='lat' dir='ltr'><strong>scu-</strong></span> 
     </span>
    </p>
   </div>
   <div class='ocr_carea' id='block_1_9' title="bbox 2500 5339 3374 5513">
    <p class='ocr_par' dir='ltr' id='par_1_14' title="bbox 2500 5339 3374 5513">
     <span class='ocr_line' id='line_1_101' title="bbox 2500 5339 3264 5410; baseline -0.025 0"><span class='ocrx_word' id='word_1_640' title='bbox 2500 5368 2604 5410; x_wconf 91' lang='lat' dir='ltr'><strong>um</strong></span> <span class='ocrx_word' id='word_1_641' title='bbox 2632 5353 2690 5407; x_wconf 80' lang='lat'><strong>9.</strong></span> <span class='ocrx_word' id='word_1_642' title='bbox 2730 5352 2790 5406; x_wconf 92' lang='lat' dir='ltr'><strong>et</strong></span> <span class='ocrx_word' id='word_1_643' title='bbox 2809 5340 3135 5404; x_wconf 87' lang='lat' dir='ltr'><strong>obulorum</strong></span> <span class='ocrx_word' id='word_1_644' title='bbox 3166 5339 3264 5393; x_wconf 90' lang='grc'><strong>60.</strong></span> 
     </span>
     <span class='ocr_line' id='line_1_102' title="bbox 2522 5425 3374 5513; baseline -0.026 -7"><span class='ocrx_word' id='word_1_645' title='bbox 2522 5441 2635 5506; x_wconf 88' lang='lat' dir='ltr'><strong>His</strong></span> <span class='ocrx_word' id='word_1_646' title='bbox 2660 5437 2959 5503; x_wconf 86' lang='lat' dir='ltr'><strong>stantibus</strong></span> <span class='ocrx_word' id='word_1_647' title='bbox 2980 5478 3000 5508; x_wconf 89' lang='lat'>‚</span> <span class='ocrx_word' id='word_1_648' title='bbox 3038 5425 3374 5513; x_wconf 88' lang='lat' dir='ltr'><strong>quaeritur:</strong></span> 
     </span>
    </p>
   </div>
  </div>
 </body>
</html>
