4393 6299
909 479 1013 528 ¹82

726 625 863 710 gnis
883 674 902 703 ,
936 630 1039 692 sed
1070 630 1260 713 magis
1286 629 1518 703 idoneis
1566 630 1945 697 Parochiales
1980 631 2279 695 Ecclesiae

729 721 1169 800 conferrentur,
1201 724 1484 799 decrevit,
1519 726 1680 807 quod
1730 722 1781 788 si
1809 727 2135 808 Episcopus
2162 727 2279 788 mi-

729 836 844 879 nus
870 817 1160 892 hahilem,
1186 820 1543 901 posthabitis
1584 821 1772 903 magis
1800 821 2050 896 idoneis,
2080 821 2279 905 elege-

730 910 834 986 rit,
849 923 1085 992 possent
1106 914 1174 988 ii,
1189 916 1295 996 qui
1322 913 1571 978 fuissent
1593 917 1816 997 rejecti,
1841 936 1875 977 a
1899 916 2054 979 mala
2075 916 2283 999 hujus-

734 1007 893 1067 modi
927 1007 1234 1082 electione,
1259 1009 1333 1070 ad
1354 1009 1885 1089 Metropolitanum
1901 1056 1917 1083 ,
1949 1010 2046 1072 vel
2074 1011 2150 1072 ad
2175 1011 2281 1074 Se*

731 1102 868 1164 dem
902 1102 1300 1183 Apostolicam
1331 1103 1660 1183 appellare,
1694 1115 1749 1164 et
1778 1105 2176 1185 praeelectum
2206 1106 2282 1167 ad

730 1214 954 1258 novum
978 1216 1230 1259 examen
1260 1217 1460 1260 coram
1492 1199 1620 1278 ipso
1643 1199 2078 1279 Appellationis
2103 1200 2134 1259 J
2142 1201 2279 1261 udi-

731 1310 820 1361 ce,
849 1300 909 1353 et
929 1292 1058 1372 ejus
1087 1292 1618 1354 Examinatoribus
1649 1312 1973 1373 provocare
1999 1340 2015 1367 ,
2049 1304 2108 1355 et
2135 1314 2280 1355 con-

727 1385 868 1447 stito
881 1384 956 1447 de
977 1386 1194 1466 prioris
1211 1386 1901 1469 eligentisirrationabili
1914 1388 2165 1471 judicio,
2187 1408 2282 1449 eo-

729 1498 850 1561 que
872 1489 1178 1553 revocato,
1203 1483 1363 1562 quod
1386 1482 1752 1545 Parocbialis
1771 1482 2114 1545 conferatur
2149 1502 2281 1545 ma-

728 1574 821 1655 gis
847 1574 1085 1647 idoneo,
1108 1583 1168 1638 et
1185 1576 1349 1657 quod
1372 1576 1635 1658 denique
1657 1576 1981 1658 appellatio
2012 1578 2280 1659 interpo-

728 1667 867 1742 sita,
899 1668 1142 1730 interim
1168 1689 1293 1731 non
1315 1669 1624 1750 impediat,
1646 1682 1752 1731 aut
1772 1670 2115 1751 suspendat,
2137 1690 2284 1751 quo—

727 1761 933 1823 minus
958 1762 1169 1824 electio
1196 1783 1302 1844 per
1327 1763 1720 1826 Ordinarium
1745 1764 1943 1845 primo
1972 1765 2102 1827 loco
2124 1764 2281 1828 facta

731 1855 977 1918 interim
1005 1857 1246 1919 debitae
1266 1858 1661 1923 demandetur
1678 1860 2041 1922 executioni.
2065 1861 2285 1921 Totum

730 1949 846 2012 boc
872 1948 1092 2031 legitur
1117 1955 1183 2011 in
1203 1951 1268 2034 3.
1294 1958 1353 2013 7.
1381 1964 1431 2014 οι
1453 1958 1512 2014 8.
1535 1955 1717 2015 dictae
1741 1954 1971 2023 Rullus,-
1999 1956 2285 2035 quocirca

728 2053 863 2124 post
889 2045 1126 2108 Bullam
1163 2056 1590 2121 memoratam,
1620 2057 1809 2110 cessat
1837 2049 2279 2123 controversia»,

728 2156 886 2219 quae
914 2138 1062 2200 olim
1090 2139 1331 2214 aderat,
1360 2160 1436 2203 an
1468 2142 1694 2204 scilicet
1716 2142 2008 2223 appellari
2047 2151 2283 2205 tantum

728 2245 924 2316 posset
942 2256 978 2298 a
994 2238 1418 2318 reprobatione
1434 2240 1964 2314 Examinatorum‚
1984 2240 2078 2301 vel
2101 2240 2286 2302 etiam

727 2330 809 2391 ab
835 2329 1145 2402 electione,
1171 2340 1229 2393 et
1240 2332 1471 2413 judicio
1494 2333 1768 2413 Episcopi
1791 2354 1808 2406 ;
1842 2333 2167 2414 appellatio
2200 2332 2285 2395 si-

730 2424 974 2505 quidem
1004 2426 1082 2487 ab
1126 2426 1418 2489 electione
1442 2472 1458 2501 ,
1501 2436 1562 2488 et
1585 2428 1816 2509 judicio
1860 2428 2139 2508 Episcopi
2177 2445 2285 2489 ex-

726 2538 928 2600 presse
960 2520 1301 2584 admittitur
1339 2523 1399 2583 in
1448 2526 1780 2585 memorata
1824 2524 2014 2585 Piana
2049 2524 2287 2586 Consti-

729 2614 986 2685 tutione,
1008 2615 1098 2677 uti
1125 2616 1277 2678 bene
1298 2617 1591 2697 ponderat
1609 2617 1868 2697 Faqnan.
1894 2620 1961 2679 in
1978 2639 2103 2699 cap.
2132 2618 2286 2680 Eam

731 2721 784 2769 tc
801 2728 836 2769 a
856 2729 1014 2769 num.
1041 2713 1139 2771 24.
1167 2730 1342 2789 usquc
1361 2713 1438 2771 ad
1457 2717 1555 2771 29.
1585 2712 1650 2771 de
1669 2723 1850 2773 aetate
1873 2761 1890 2784 ‚
1912 2715 2282 2792 etqualitate.

852 2809 909 2863 3.
936 2803 1326 2865 Transeundo
1347 2805 1420 2867 ad
1450 2805 1708 2885 praxim,
1731 2806 1939 2868 eadem
1960 2808 2289 2888 exponitur

732 2897 1124 2978 sequentibus
1159 2898 1613 2960 assertionibus.

849 2994 909 3050 4.
942 2990 1146 3054 Prima
1172 3000 1299 3063 est,
1328 2992 1492 3071 quod
1527 2992 1856 3072 Appellans
1892 3012 1927 3054 a
1962 2993 2121 3056 mala
2164 2993 2288 3056 ele-

731 3083 929 3146 ctione
950 3084 1475 3158 Examinatorum‚
1501 3085 1597 3145 vel
1626 3085 2033 3148 irrationabili
2056 3086 2288 3170 judicio

729 3177 1050 3259 Episcopi,
1081 3186 1273 3260 potest
1301 3177 1571 3240 Electum
1599 3197 1928 3259 provocare
1954 3180 2030 3243 ad
2060 3199 2289 3242 novum

731 3284 984 3333 examen
1007 3317 1025 3343 ,
1072 3272 1305 3352 absque
1331 3290 1404 3332 eo
1430 3272 1603 3352 quod
1634 3272 1711 3333 de
1757 3272 2292 3336 irrationabilitate

735 3364 931 3425 ullum
963 3366 1178 3429 afferat
1206 3366 1658 3439 documentum,
1687 3366 1954 3430 ullamve
1982 3368 2290 3448 probatio-

731 3477 873 3520 nem
896 3502 911 3519 .
941 3460 1034 3521 Ita
1063 3459 1183 3520 fuit
1210 3460 1540 3522 resolutum
1564 3461 1643 3522 ab
1671 3461 1785 3523 hac
1809 3461 1991 3524 Sacra
2023 3463 2290 3545 Congre-

732 3551 975 3633 gatione
1009 3555 1076 3614 in
1120 3555 1372 3632 quadam
1403 3553 1600 3616 Causa
1629 3554 1934 3617 Pistor-ion.
1978 3562 2073 3617 12.
2118 3557 2295 3618 Junii

737 3651 911 3708 1603.
934 3693 953 3717 ,
986 3655 1045 3708 et
1076 3646 1364 3709 resolutio
1400 3658 1490 3710 est
1518 3641 1998 3731 impressa'apud
2028 3651 2289 3730 Faqnan.

729 3740 797 3799 in
839 3741 1085 3818 allcqato
1114 3759 1239 3820 cap.
1275 3740 1425 3802 Eam
1473 3751 1523 3802 tc
1551 3762 1708 3802 num.
1742 3747 1841 3804 81.
1892 3743 1957 3804 dc
2003 3756 2207 3818 actatc,
2240 3755 2293 3806 ct

732 3835 1034 3914 qualitate,
1060 3833 1167 3895 ubi
1188 3843 1504 3914 postquam
1525 3835 1706 3898 Sacra
1729 3835 2125 3919 Congregatio
2147 3857 2294 3919 pon-

738 3927 1000 4002 deravit,
1022 3928 1279 3994 Pianam
1299 3928 1797 3992 constitutionem
1821 3931 2173 4011 permittere
2195 3952 2297 4014 ap-

732 4021 987 4103 pellanti
1011 4067 1028 4095 ,
1066 4029 1135 4084 ut
1189 4032 1468 4103 provocet
1508 4023 1584 4086 ad
1639 4042 1868 4087 novum
1899 4044 2154 4088 examen
2180 4071 2198 4099 ,
2234 4034 2296 4088 et

738 4123 1057 4196 postquam
1089 4116 1376 4189 decrevit,
1429 4118 1592 4197 quod
1634 4119 1890 4181 constito
1914 4115 1992 4182 de
2016 4120 2297 4202 Episcopi

733 4207 1012 4291 eligentis
1032 4209 1438 4272 irrationabili
1447 4212 1701 4292 J'ndicio,
1717 4213 2086 4277 Parochialis
2107 4216 2298 4297 magis

733 4300 953 4363 idoneo
980 4302 1326 4364 conferatur
1349 4348 1365 4375 ,
1419 4304 1665 4378 subdit,
1697 4305 2002 4386 loquendo
2029 4308 2105 4369 de
2136 4308 2297 4371 dicta

740 4394 1183 4457 Constitutione
1211 4417 1226 4456 ε
1273 4396 1436 4458 Satis
1482 4399 1773 4477 manifesto
1816 4404 2061 4479 requirit
2092 4422 2300 4462 novum

735 4508 973 4551 examen
1014 4491 1091 4551 ad
1118 4491 1443 4568 hujusmodi
1465 4493 1861 4554 irrationabile
1892 4494 2182 4571 judicium
2207 4514 2298 4555 co-

736 4583 1107 4662 qnosccndum
1125 4630 1142 4654 ,
1163 4586 1314 4646 itaut
1346 4605 1459 4645 non
1500 4589 1576 4645 sit
1596 4606 1802 4647 neccsse
1831 4588 1895 4648 dc
1918 4589 2022 4648 illo
2044 4593 2298 4650 constare

739 4689 1045 4757 antequam
1075 4680 1408 4741 decernatur
1428 4698 1687 4754 examen,
1715 4683 1810 4741 scd
1835 4683 2038 4760 absque
2064 4701 2123 4742 co
2150 4683 2301 4762 quod

741 4774 941 4834 detali
956 4773 1176 4851 judicio
1218 4775 1613 4835 irrationabili
1640 4785 1886 4846 constet,
1929 4776 2081 4836 illud
2111 4777 2300 4838 debers

739 4869 962 4927 decerni
966 4861 983 4937 ζ
1003 4878 1069 4927 ut
1086 4887 1186 4947 por
1203 4881 1440 4928 namen
1460 4871 1821 4948 perveniatur
1840 4871 1916 4930 ad
1932 4873 2095 4949 coqni
2097 4873 2302 4932 tionem

741 4962 1159 5022 irrationabilis
1173 4963 1405 5039 judicii.
1432 4962 1765 5026 Concordat
1789 4963 1910 5026 alia
1931 4964 2217 5027 resolutio
2238 4968 2303 5026 in

745 5052 942 5116 Causa
977 5054 1196 5116 Montis
1226 5056 1457 5134 chalis
1490 5062 1549 5117 2.
1581 5057 1831 5137 Auyusti
1865 5063 2038 5120 1607.
2071 5060 2168 5119 lib.
2202 5063 2298 5121 11.

740 5146 958 5208 Decret.
1000 5168 1135 5228 paq.
1171 5152 1265 5209 11.
1323 5149 1427 5210 ubi
1470 5151 1884 5230 respondendo
1910 5150 1987 5214 ad
2015 5159 2303 5231 quartum

744 5242 1117 5322 propositum
1147 5244 1511 5323 quaesitum,
1566 5245 1804 5324 inquit:
1844 5244 1938 5305 Aa
1986 5257 2260 5324 quartum
2280 5292 2297 5319 ‚

745 5338 1108 5415 postpositum
1128 5355 1279 5417 posu
1298 5357 1596 5417 provocare
1612 5341 1983 5420 praeelectum
2002 5341 2080 5401 ad
2097 5360 2305 5401 novum

746 5446 985 5490 mamm
1010 5448 1202 5491 coram
1219 5427 1425 5492 Iudice
1451 5429 1901 5514 Appellationis,
1930 5442 1983 5494 ct
2000 5441 2306 5514 antequam

1898 480 2341 548 QUAEsstoNtss
2380 479 2609 534 CANON
2614 480 2739 533 10AE

2381 652 2487 713 per
2505 634 2629 694 alia
2655 633 2981 691 documenta
3000 630 3189 691 doceat
3221 628 3286 689 dc
3307 626 3704 690 irrationabili
3717 626 3938 705 judicio

2384 726 2676 808 Episcopi,
2707 737 2875 805 atque
2895 729 2981 785 ita
3010 723 3380 803 Conqrcqatio
3398 723 3684 783 intellexit
3712 719 3937 781 Consti-

2387 823 2656 881 tutioncm
2684 839 2810 881 san.
2844 839 3004 879 mem.
3038 818 3139 878 Pii
3162 817 3390 892 Quinti.

2504 920 2562 974 5.
2602 913 2900 994 Quodque
2941 911 3267 973 notabilius
3310 919 3440 982 est,
3479 909 3620 971 licet
3666 915 3933 985 tempore

2384 1007 2755 1071 antecedenti
2790 1008 2939 1068 Rota
2968 1006 3178 1067 fuisset
3201 1007 3261 1065 in
3287 1024 3462 1066 sensu
3490 1050 3506 1077 ,
3539 1003 3698 1084 quod
3728 1002 3940 1061 docen-

2385 1102 2532 1163 dum
2561 1112 2692 1164 erat
2726 1102 2800 1163 de
2837 1101 3190 1184 gravamine
3239 1109 3379 1163 ante
3407 1096 3832 1161 admissionem
3861 1093 3939 1155 ad

2387 1215 2613 1257 novum
2658 1216 2911 1259 examen
2938 1245 2954 1267 ,
2985 1196 3113 1257 visa
3162 1204 3361 1257 tamen
3407 1192 3661 1274 allegata
3708 1188 3940 1251 resolu-

2376 1290 2552 1352 tione
2593 1295 2654 1351 in
2684 1291 2877 1353 Causa
2903 1291 3207 1352 Pistoricn.
3242 1290 3337 1351 cui
3372 1288 3778 1350 interfuerunt
3815 1292 3936 1345 tres

2385 1384 2735 1448 Cardinales
2755 1433 2771 1458 ,
2809 1385 3194 1448 Blanchettus
3216 1431 3232 1458 ,
3265 1383 3527 1447 Mantica
3555 1430 3572 1454 ,
3601 1393 3660 1442 et
3684 1380 3937 1449 Plattus,

2385 1480 2492 1561 qui
2521 1480 2667 1541 olim
2711 1481 2953 1542 fuerant
2981 1480 3123 1542 dicti
3164 1476 3519 1541 Tribunalis
3566 1476 3885 1538 Auditores
3914 1516 3931 1544 ,

2387 1575 2645 1637 mutavit
2693 1575 3038 1655 opinionem
3070 1620 3086 1647 ,
3124 1583 3273 1636 etse
3299 1570 3700 1635 conformavit
3736 1566 3937 1629 sensui

2385 1667 2604 1730 Sacrae
2663 1667 3154 1750 congregationis
3194 1714 3210 1737 ,
3270 1665 3506 1728 nullam
3573 1659 3942 1743 requirentis

2387 1762 2804 1843 probationem
2848 1761 3224 1843 gravaminis
3267 1760 3344 1821 ad
3390 1776 3616 1820 novum
3642 1773 3893 1817 examen
3922 1799 3941 1827 ,

2387 1857 2490 1918 sed
2514 1856 2668 1918 illud
2702 1857 2976 1918 absolute
3000 1902 3017 1930 ,
3050 1864 3111 1917 et
3132 1854 3488 1936 simpliciter
3530 1849 3899 1930 indulgentis
3924 1894 3943 1922 ,

2387 1950 2588 2013 statim
2611 1969 2681 2012 ac
2706 1952 2846 2032 quis
2865 1950 3218 2032 appellatio
3246 1949 3591 2031 provisione
3621 1944 3946 2008 Parocbia-

2389 2044 2468 2107 lis
2494 2091 2509 2118 ,
2538 2045 2625 2106 uti
2653 2046 2773 2108 late
2796 2046 2987 2107 videri
3019 2053 3209 2127 potest
3238 2048 3304 2105 in
3325 2046 3489 2105 decis.
3516 2049 3574 2103 5.
3597 2061 3701 2122 per
3728 2051 3901 2101 totam
3926 2084 3945 2112 ,

2391 2152 2443 2202 ct
2492 2144 2823 2221 pracsertim
2863 2162 3022 2202 num.
3082 2146 3177 2202 10.
3227 2151 3278 2201 ct
3316 2159 3465 2219 seqq.
3522 2157 3713 2199 coram
3759 2133 3942 2195 Carti.

2391 2232 2644 2295 Celsein
2690 2234 2855 2295 decis.
2887 2239 3024 2296 476.
3054 2254 3189 2315 par.
3228 2239 3323 2295 18.
3374 2244 3512 2294 ωηο.
3557 2236 3617 2292 2.
3647 2240 3851 2291 recent.
3884 2230 3952 2286 in

2390 2329 2557 2389 decis.
2584 2332 2682 2390 64.
2726 2349 2890 2390 num.
2930 2332 3025 2391 14.
3058 2339 3109 2389 ct
3135 2334 3229 2389 15.
3258 2347 3449 2389 coram
3476 2327 3603 2387 bon.
3634 2345 3796 2386 ntem.
3822 2323 3948 2382 An-

2388 2423 2585 2493 saldo,
2609 2424 2673 2482 in
2698 2423 2863 2484 decis.
2890 2429 2946 2484 9.
2969 2443 3128 2483 num.
3165 2428 3223 2483 3.
3250 2424 3316 2481 in
3344 2422 3509 2481 decis.
3541 2425 3637 2481 10.
3672 2439 3833 2479 num.
3882 2420 3943 2478 t.

2390 2527 2442 2578 ct
2472 2537 2620 2597 seqq.
2663 2527 2785 2598 post
2810 2518 3125 2580 Monaccll.
3152 2520 3217 2576 in
3242 2518 3473 2595 formul.
3516 2515 3681 2594 lcqal.
3723 2526 3853 2574 tom.
3886 2516 3945 2573 4.

2390 2612 2457 2669 in
2487 2609 2708 2672 Luncn.
2748 2609 3075 2673 Sarsancn.
3113 2609 3472 2671 parochialis
3499 2613 3558 2668 2.
3588 2608 3746 2668 Julii
3770 2610 3942 2667 1706.

2390 2703 2459 2787 3.
2504 2705 2700 2784 Neque
2741 2708 2960 2767 obstare
2989 2754 3005 2776 ,
3050 2715 3100 2766 ct
3130 2708 3195 2762 in
3238 2703 3468 2765 Comen.
3507 2702 3952 2783 Praepositum·

2396 2804 2492 2860 13.
2529 2799 2691 2878 Maji
2737 2805 2912 2862 1706.
2967 2799 3032 2882 3.
3083 2797 3265 2860 Clara
3310 2801 3510 2859 etenim
3537 2847 3551 2867 ,
3589 2818 3778 2858 coram
3821 2798 3947 2854 bon.

2317 2896 2327 2907 ‘
2392 2913 2554 2953 mem.
2589 2892 2879 2968 Omanna,
2896 2904 2949 2955 ct
2968 2897 3034 2953 in
3060 2893 3287 2970 chicn.
3316 2892 3678 2953 Parochialis
3704 2895 3759 2952 1.
3787 2889 3956 2951 Mar·

2393 2990 2465 3047 tii
2490 2992 2661 3048 1720.
2693 2987 2758 3070 3.
2792 2989 2910 3048 Aut
2940 2990 3245 3059 revelante,
3267 3006 3456 3047 coram
3486 2985 3559 3046 R.
3593 2986 3666 3045 P.
3704 2984 3780 3047 B.
3813 2984 3950 3046 Cen·

2394 3102 2460 3143 ro
2483 3129 2499 3157 ‚
2530 3083 2688 3163 quod
2718 3082 3064 3144 extenditur
3108 3082 3292 3143 etiam
3334 3081 3410 3143 ad
3441 3099 3644 3142 casum
3671 3129 3688 3153 ,
3722 3081 3785 3141 in
3829 3099 3953 3163 quo

2396 3179 2557 3240 intra
2593 3177 2856 3258 legitima
2906 3187 3173 3257 tempora
3220 3195 3343 3238 non
3386 3176 3598 3238 fuisset
3624 3175 3951 3257 appellatio

2395 3272 2745 3352 interposita
2800 3274 2879 3335 ab
2920 3271 3324 3334 irrationabili
3354 3270 3634 3352 Episcopi
3675 3271 3948 3353 judicio,

2396 3366 2493 3427 vel
2558 3386 2592 3427 a
2652 3366 2810 3428 mala
2872 3366 3168 3429 relatione
3213 3366 3711 3426 Examinatorum
3735 3409 3753 3439 ,
3808 3372 3957 3426 teste

2399 3461 2580 3523 Card.
2610 3463 2672 3521 dc
2696 3460 2854 3524 Luca
2876 3463 2942 3522 dc
2967 3460 3215 3523 Paroclt.
3249 3461 3387 3522 disc.
3415 3464 3473 3519 6.
3502 3478 3658 3518 num.
3688 3463 3752 3519 8.

2518 3561 2576 3616 6.
2613 3556 2887 3617 Secunda
2915 3564 3047 3631 est,
3083 3554 3300 3628 licere,
3331 3561 3391 3614 et
3434 3550 3792 3633 permissum
3828 3570 3957 3614 esse

2399 3650 2743 3732 Appellanti
2779 3651 3032 3713 electum
3078 3666 3404 3730 provocare
3446 3647 3522 3710 ad
3552 3665 3776 3710 novum
3808 3665 3955 3709 exa-

2401 3765 2563 3819 men,
2594 3745 2824 3807 etiamsi
2857 3743 3181 3825 Appellans
3203 3740 3387 3803 fuerit
3410 3741 3609 3822 quoad
3635 3741 3956 3804 scientiam

2398 3841 2766 3919 approbatus
2789 3839 2851 3899 in
2877 3837 3115 3918 aequali
3154 3834 3344 3916 gradu
3372 3854 3506 3895 cum
3536 3834 3645 3895 illo
3667 3881 3684 3910 ,
3714 3836 3810 3897 cui
3845 3837 3956 3899 Pa-

2398 3932 2683 3994 rocbialis
2706 3933 2822 3993 suit
2841 3931 3061 3994 collata
3085 3951 3102 4003 ;
3139 3949 3214 3991 ex
3256 3948 3327 3990 ea
3368 3928 3747 4008 potissimum
3770 3930 3957 3992 ratio-

2399 4046 2480 4089 ne
2501 4073 2518 4101 ,
2570 4027 2735 4108 quod
2785 4025 3114 4107 Appellaos
3156 4031 3349 4104 potest
3402 4024 3763 4086 contendere
3788 4072 3804 4095 ,
3862 4023 3959 4087 vel

2400 4139 2465 4183 se
2489 4120 2765 4182 debuisse
2789 4117 3132 4200 qualificari
3158 4125 3454 4197 tanquam
3483 4117 3673 4198 magis
3690 4117 3956 4192 doctum,

2399 4213 2497 4277 vel
2540 4215 2727 4276 alium
2780 4233 2898 4275 non
2947 4212 3223 4274 debuisse
3280 4208 3623 4291 qualificari
3671 4219 3957 4290 tanquam

2401 4307 2689 4370 idoneum
2716 4355 2733 4381 ‚
2772 4308 2861 4370 uti
2908 4306 3168 4369 habetur
3212 4308 3277 4364 in
3322 4303 3550 4366 Comen.
3599 4304 3958 4366 Parochiatis

2406 4408 2501 4464 10.
2534 4402 2819 4464 Ianuarii
2864 4406 3038 4463 1707.
3065 4399 3131 4482 3.
3163 4397 3285 4461 Nec
3328 4418 3530 4478 urqerc
3551 4446 3569 4470 ,
3605 4418 3795 4460 coram
3828 4401 3952 4458 bon.

2402 4515 2564 4557 mem.
2591 4494 2901 4576 Caffarcllo
2920 4542 2935 4564 ‚
2958 4504 3010 4555 ct
3032 4496 3098 4552 in
3118 4493 3369 4569 allcqata
3392 4491 3621 4570 chien.
3651 4490 3959 4551 Parochia-

2407 4591 2478 4651 lis
2508 4594 2563 4649 1.
2603 4587 2820 4651 Martii
2845 4591 3016 4648 1720.
3047 4583 3114 4668 3.
3147 4582 3485 4665 coaequatis
3506 4630 3524 4655 ,
3554 4603 3744 4644 coram
3766 4584 3837 4644 R.
3881 4581 3952 4642 P.

2407 4682 2485 4744 D.
2517 4682 2719 4745 Cerro.

2527 4782 2585 4837 7.
2643 4778 2806 4838 Itaut
2860 4774 3066 4837 nullus
3117 4772 3272 4837 alius
3328 4772 3482 4834 adsit
3539 4769 3781 4842 modus,
3834 4788 3960 4850 quo

2403 4872 2644 4933 Electus
2676 4870 2941 4954 effugere
2970 4868 3150 4950 possit
3191 4886 3415 4929 novum
3440 4883 3688 4927 examen
3715 4908 3737 4939 ,
3773 4883 3961 4943 quam

2406 4966 2774 5027 ostendendo
2796 5010 2814 5038 ,
2846 4964 3007 5045 quod
3034 4961 3360 5043 Appellans
3382 5005 3399 5034 ,
3426 4968 3486 5021 et
3521 4975 3850 5038 provocans
3884 4957 3963 5020 ad

2412 5078 2640 5121 novum
2687 5077 2940 5120 examen
2969 5104 2986 5128 ,
3016 5066 3105 5119 est
3131 5056 3205 5117 de
3245 5054 3452 5135 aliquo
3498 5052 3754 5113 crimine
3781 5051 3960 5114 diffa-

2405 5161 2608 5215 matus
2633 5198 2650 5226 ,
2683 5154 2748 5213 in
2795 5152 3021 5233 quihus
3065 5149 3337 5213 terminis
3378 5145 3706 5227 procedunt
3733 5146 3960 5207 resolu-

2407 5248 2601 5310 tiones
2650 5248 2834 5329 hujus
2875 5248 3092 5308 Sacrae
3128 5241 3617 5325 Congregationis
3643 5243 3709 5300 in
3738 5240 3969 5302 Medio-

2412 5343 2602 5402 lancn.
2648 5361 2745 5401 scu
2768 5341 3174 5402 Alexandrina
3219 5336 3539 5399 Concursus
3578 5338 3678 5395 28.
3724 5333 3969 5396 Novem-

2414 5436 2531 5495 bris
2578 5439 2751 5496 1693.
2804 5435 2902 5494 lib.
2935 5438 3034 5495 43.
3068 5433 3268 5495 decret.
3305 5430 3405 5508 fol.
3446 5432 3584 5490 586.
3626 5438 3677 5489 ct
3724 5433 3821 5490 13.
3865 5427 3969 5490 Fe-
