4393 6299
971 500 1075 567 aro

792 669 902 732 pro
929 669 1134 714 annuo
1164 648 1405 711 Canone
1430 665 1730 708 summam
1758 644 2109 708 ducatorum
2144 652 2245 707 73.
2278 655 2337 708 et

788 744 969 806 unica
1016 743 1148 806 vice
1198 742 1380 803 aliam
1435 759 1731 801 summam
1787 739 2141 801 ducatorum
2195 744 2334 801 600.

787 858 970 919 quam
1000 837 1256 899 subinde
1285 835 1454 897 auxit
1480 833 1558 896 ad
1591 834 1835 895 ducatos
1866 839 2038 895 1000.
2077 853 2338 914 cumque

788 951 898 1012 pro
918 933 1096 1013 hujus
1116 930 1467 993 Contractus
1489 928 1942 1010 approbatione,
1966 935 2147 1007 atque
2172 948 2337 1007 prae-

786 1025 1013 1086 latione
1055 1024 1131 1087 ad
1176 1024 1366 1086 alium
1407 1022 1631 1082 initum
1667 1041 1703 1082 a
1746 1022 2029 1102 Cajetano
2074 1020 2148 1082 de
2190 1023 2337 1081 Leto

784 1119 1140 1181 Cantisanus
1180 1136 1486 1179 recursum
1529 1116 1836 1177 habuisset
1869 1116 1945 1176 ad
1994 1115 2125 1177 Sac.
2179 1116 2332 1177 Con·

785 1213 1192 1295 gregationem
1224 1212 1659 1292 Episcoporum
1681 1257 1697 1283 ,
1727 1219 1787 1272 et
1813 1209 2207 1291 Regularium
2227 1257 2242 1283 ,
2276 1220 2335 1272 et

782 1308 1074 1387 quosdam
1121 1316 1288 1368 actus
1335 1305 1567 1368 fecisset
1611 1314 1738 1367 tum
1793 1324 1992 1366 coram
2043 1305 2334 1386 Episcopo

784 1400 1034 1461 Cavensi
1058 1446 1074 1474 ,
1124 1408 1251 1462 tum
1295 1420 1496 1461 coram
1542 1399 1979 1460 Tribunalibus
2020 1399 2332 1480 Arcbiepi·

781 1496 939 1575 scopi
961 1495 1337 1575 Neapolitani
1360 1540 1377 1567 ,
1406 1503 1464 1555 et
1492 1494 1701 1554 Nuntii
1734 1494 1998 1575 ejusdem
2021 1494 2294 1555 Civitatis
2315 1540 2331 1566 ,

784 1598 992 1650 exorta
1022 1609 1096 1650 ex
1120 1588 1216 1649 his
1251 1596 1339 1650 est
1363 1588 1769 1649 controversia
1796 1633 1812 1657 ,
1850 1607 2006 1668 quae
2033 1589 2111 1648 ab
2146 1588 2335 1653 Andi-

785 1689 914 1743 tore
957 1682 1327 1744 Sanctissimi
1355 1681 1471 1742 suit
1498 1680 1572 1742 ad
1600 1682 1758 1743 hanc
1784 1680 2026 1742 Sacram
2069 1682 2331 1763 Congre-

785 1777 1089 1858 gationem
1122 1776 1365 1838 remissa
1390 1795 1526 1837 cum
1549 1774 1831 1836 facultate
1855 1775 2037 1837 etiam
2066 1764 2331 1857 purgan-

782 1870 844 1931 di
870 1864 1166 1933 'attentata
1193 1917 1211 1944 ,
1248 1878 1307 1931 et
1350 1871 1494 1949 quia
1525 1888 1635 1950 pro
1661 1876 1821 1930 recta
1856 1889 2069 1933 musae
2112 1870 2332 1932 resolu-

785 1964 949 2025 tione
979 1965 1386 2044 maximopere
1412 1963 1654 2025 videtur
1678 1963 2010 2025 conducere
2033 1983 2203 2045 posse
2226 2011 2243 2039 ,
2280 1966 2329 2027 si

742 2084 755 2097 ·
781 2058 985 2119 omnia
1029 2057 1174 2119 hinc
1214 2057 1358 2119 inde
1382 2065 1545 2138 gesta
1585 2058 1761 2137 juxta
1803 2059 2017 2119 seriem
2048 2059 2333 2139 temporis

781 2161 1184 2229 exponantur,
1215 2170 1313 2210 res
1337 2150 1560 2211 idcirco
1583 2151 1661 2211 ab
1690 2169 1834 2223 una,
1864 2159 1925 2212 et
1951 2150 2137 2214 altera
2161 2161 2332 2232 parte

782 2254 979 2325 gestae
1018 2264 1137 2306 una
1172 2264 1307 2306 cum
1339 2244 1622 2324 temporis
1649 2244 2034 2307 adnotatione
2060 2246 2123 2306 in
2155 2265 2331 2328 prae—

782 2338 935 2399 senti
955 2342 1364 2418 exponuntur.

900 2433 1011 2493 Die
1037 2434 1243 2512 itaque
1264 2436 1362 2492 23.
1403 2430 1562 2509 Μιηϊ
1594 2437 1768 2492 1722.
1800 2433 2041 2512 praevia
2082 2430 2323 2495 licentia

782 2526 1058 2608 Episcopi
1093 2525 1402 2599 Cavensis,
1434 2545 1555 2586 una
1585 2544 1721 2586 cum
1744 2528 2146 2589 reservatione
2168 2531 2329 2609 Apo-

782 2620 974 2682 stolici
1002 2618 1366 2699 Beneplaciti
1405 2612 1728 2681 deventum
1758 2619 1928 2682 suita
1962 2622 2326 2685 Monasterio

782 2716 855 2775 ad
887 2714 1337 2794 stipulationem
1365 2714 1757 2776 Instrumenti
1787 2735 1923 2775 cum
1944 2716 2226 2797 Cajetano
2251 2719 2325 2780 de

784 2811 930 2869 Leto
957 2852 973 2866 .

898 2900 1087 2961 Paulo
1114 2909 1245 2981 post
1267 2900 1624 2962 Cantisanus
1646 2921 1816 2964 suam
1838 2902 1977 2965 fecit
2024 2906 2324 2967 Monaste-

779 2994 873 3057 rio
902 2995 1293 3068 oblationem,
1318 3014 1475 3075 quae
1500 2997 1744 3075 praevio
1783 2997 2018 3058 decreto
2045 3000 2320 3082 Episcopi

778 3089 1060 3152 Cavensis
1117 3086 1488 3149 Monialibus
1556 3089 1856 3152 notificata
1911 3092 2028 3154 fuit
2075 3095 2165 3154 dic
2221 3100 2317 3157 30.

778 3186 1022 3261 ejusdem
1043 3187 1245 3243 mensis
1269 3182 1448 3261 maji,
1478 3183 1950 3265 interpositaque
1979 3186 2054 3248 ad
2080 3186 2193 3250 hoc
2223 3189 2322 3252 ‹le-

780 3284 942 3337 creto
969 3295 1075 3356 per
1120 3276 1472 3356 Cajetauum
1515 3277 1589 3336 de
1624 3279 1766 3340 Leto
1789 3280 2190 3360 appellatione
2239 3284 2314 3345 ad

778 3368 1207 3430 Nuntiatur-am
1251 3368 1707 3448 Neapolitanam
1734 3419 1749 3441 ‚
1804 3372 1953 3434 haec
2000 3374 2088 3433 dic
2122 3378 2315 3455 priona

777 3462 952 3524 Junii
983 3465 1225 3541 ejusdcm
1273 3465 1418 3523 anni
1448 3468 1621 3524 1722.
1658 3464 1950 3540 decrevit,
1989 3476 2057 3529 ut
2102 3478 2232 3531 acta
2282 3488 2318 3532 a

777 3555 958 3617 Curia
987 3555 1235 3616 Cavensi
1267 3557 1341 3616 ad
1370 3574 1434 3616 se
1462 3557 2031 3634 transmitterentur,
2054 3570 2111 3623 et
2140 3564 2231 3623 dic
2258 3569 2315 3624 9.

778 3652 1020 3727 ejusdcm
1049 3652 1251 3710 mensis
1270 3647 1445 3709 Iunii
1470 3652 1806 3730 appositum
1823 3664 1910 3714 est
1930 3672 1965 3716 a
1999 3655 2321 3719 Cantisano

781 3746 935 3804 nihil
969 3752 1220 3804 transeat
1264 3743 1326 3803 in
1354 3745 1500 3804 actis
1541 3743 1756 3806 Curiae
1782 3747 2320 3832 Archiepiscopalis

782 3837 1237 3918 Neapolitanae,
1261 3843 1321 3897 et
1345 3837 1511 3898 aliud
1556 3838 1753 3900 simile
1772 3843 1924 3901 nihil
1948 3853 2195 3905 transcat
2226 3847 2315 3906 dic

790 3939 885 3994 10.
932 3930 1106 3992 June·
1159 3930 1224 3990 in
1278 3929 1424 3991 actis
1478 3931 1876 3995 Nuntiaturae
1918 3937 2110 3999 dictae
2151 3938 2312 3999 Civi-

774 4025 946 4087 tatis.

770 4153 779 4160 ·
886 4118 1025 4192 Quo
1071 4125 1338 4196 tempore
1391 4117 1657 4196 praeciso
1704 4119 2021 4202 Cajetanus
2045 4125 2117 4186 de
2160 4117 2308 4188 Leto

776 4211 922 4272 huic
969 4211 1185 4272 Sacrae
1243 4210 1701 4291 Congregationi
1751 4216 2176 4295 supplicaverit
2202 4239 2312 4302 pro

771 4305 1209 4387 approbatione
1264 4304 1617 4366 Contractus
1668 4307 1981 4388 ignoratur
2004 4360 2019 4384 ,
2078 4314 2264 4394 idque
2293 4361 2310 4389 ,

768 4401 935 4481 quod
969 4409 1099 4459 tuto
1123 4397 1305 4460 asseri
1334 4407 1545 4477 potest,
1570 4408 1681 4472 est,
1710 4404 1870 4481 quod
1898 4405 2310 4470 Eminentissi-

768 4511 907 4556 mus
956 4492 1452 4574 Archiepiscopus
1506 4491 1932 4573 Neapolitanus
1986 4503 2313 4580 requisitus

764 4607 881 4669 pro
902 4587 1354 4660 informatione,
1384 4597 1444 4648 et
1466 4595 1628 4658 voto,
1665 4608 1834 4650 suam
1863 4592 2025 4654 dedit
2053 4596 2125 4656 ad
2156 4596 2318 4659 hanc

764 4685 899 4744 Sac.
951 4681 1485 4762 Congregationem
1535 4681 1848 4762 epistolam
1894 4689 1981 4747 die
2009 4691 2066 4748 4.
2100 4690 2304 4770 Aequ-

768 4780 845 4837 stt‘
872 4780 1048 4836 1722.

762 4893 769 4896 ’
884 4871 1021 4945 Quo
1064 4877 1334 4948 tempore
1373 4869 1599 4948 pariter
1634 4872 1897 4950 praeciso
1946 4875 2311 4942 Cantisanus

1980 492 2425 561 Qunsrionrs
2466 495 2823 549 cuvomcffi,

2447 647 2899 728 praeferendam
2915 647 3220 710 Cantisani
3249 646 3618 710 oblationem
3630 646 3803 710 alteri
3824 646 3991 712 obla-

2450 743 2595 803 tioni
2611 744 2736 824 jam
2759 741 2973 815 factae,
2997 751 3058 804 et
3076 742 3142 803 in
3170 750 3545 804 contractum
3581 743 3869 805 deductae
3892 742 3991 804 in·

2450 845 2537 897 ter
2573 836 3000 898 Monasterium
3022 883 3039 907 ,
3070 842 3131 899 et
3172 835 3527 917 Cajetanum
3561 836 3635 897 de
3667 838 3834 911 Leto,
3886 856 3990 900 ea·

2445 932 2701 1012 demque
2722 932 3151 1011 Episcoporum
3177 930 3575 1012 Congregatio
3608 931 3696 991 dic
3726 936 3825 991 21.
3849 932 3991 1009 ojus·

2446 1029 2568 1085 dem
2600 1028 2801 1087 mensis
2828 1025 3114 1094 decrevit,
3141 1026 3305 1105 quod
3327 1026 3572 1105 utrique
3592 1025 3754 1086 Parti
3783 1024 3990 1087 termi-

2447 1139 2559 1179 nus
2587 1117 3022 1199 praefigeretur
3051 1119 3125 1179 ad
3147 1137 3255 1179 sua
3282 1118 3424 1198 jura
3453 1137 3653 1179 coram
3696 1137 3760 1179 se
3806 1117 3990 1179 dedu·

2445 1215 2654 1283 conda,
2702 1222 2760 1274 et
2814 1214 2902 1272 dic
2956 1217 3047 1274 10.
3081 1210 3422 1291 Septembris
3442 1211 3724 1274 Cavensis
3744 1211 3990 1291 Episco-

2447 1328 2555 1386 pus
2604 1308 2934 1380 mandavit,
2978 1313 3047 1367 ut
3082 1305 3252 1367 fieret
3300 1306 3540 1367 termini
3585 1305 3899 1386 praefixio,
3923 1312 3986 1369 et

2443 1401 2664 1462 Cursor
2703 1399 3069 1462 Ordinarins
3107 1401 3196 1460 dio
3248 1401 3344 1461 24.
3378 1400 3609 1472 retulit,
3647 1420 3710 1461 se
3743 1400 3984 1462 termini

2442 1494 2872 1573 praefixionem
2897 1494 3381 1575 Collitigantibus
3409 1513 3575 1556 more
3596 1502 3876 1557 consueto
3896 1494 3985 1557 fe-

2445 1607 2592 1651 cisse
2616 1634 2632 1649 .

2558 1683 2636 1744 Et
2681 1670 2988 1763 posthaec
3011 1728 3028 1757 ,
3084 1681 3505 1762 prosequendo
3537 1683 3984 1745 enarrationem

2441 1785 2812 1838 caeterorum
2843 1783 3174 1859 gestorum,
3199 1775 3381 1838 Sacra
3408 1775 3557 1838 haec
3590 1775 3987 1859 Congregatio

2442 1871 2530 1929 die
2556 1874 2648 1930 19.
2686 1869 3025 1950 Septembris
3068 1874 3244 1930 1722.
3279 1887 3569 1953 perpensa
3593 1870 3859 1953 Cajetani
3889 1870 3987 1932 in·

2441 1962 2658 2024 stantia
2683 1963 2987 2043 rescripsit
3020 1982 3128 2043 pro
3152 1965 3371 2041 qratia,
3408 1970 3469 2024 et
3493 1963 3794 2043 expeditio
3826 1963 3987 2027 litte-

2441 2076 2646 2118 rarum
2676 2055 3138 2137 apostolicarum
3161 2076 3296 2116 cum
3325 2054 3595 2117 clausula
3613 2059 3666 2117 si
3688 2060 3755 2118 in
3770 2059 3987 2119 eviden-

2443 2164 2549 2211 tem
2592 2148 2748 2213 facta
2795 2159 2882 2213 est
2931 2153 3092 2215 nonis
3138 2148 3392 2211 Octobris
3425 2155 3597 2211 1722.
3621 2152 3987 2233 eaedemque

2443 2244 2688 2306 fuerunt
2711 2244 3045 2306 executioni
3079 2243 3397 2305 mandatae
3416 2263 3452 2304 a
3483 2243 3726 2306 vicario
3751 2245 3985 2325 Neapo-

2441 2338 2650 2408 litan0,
2702 2339 2774 2399 ad
2808 2356 2991 2417 quem
3037 2335 3286 2397 fuerant
3313 2337 3574 2398 directae
3596 2338 3684 2397 dic
3718 2343 3812 2398 11.
3875 2338 3985 2400 Dc·

2437 2434 2666 2491 remoris
2693 2437 2864 2491 1722.
2898 2429 3175 2511 factaque
3201 2449 3235 2491 a
3261 2430 3655 2493 procuratore
3675 2431 3980 2494 Cantisani

2441 2526 2536 2587 hic
2556 2526 2615 2586 in
2645 2526 2810 2587 Urbe
2829 2535 3114 2586 consueta
3149 2523 3431 2585 citatione
3455 2543 3656 2586 coram
3689 2525 3981 2591 Auditore

2436 2619 2801 2682 Sanctissimi
2824 2621 2914 2679 dic
2959 2624 3052 2679 18.
3088 2619 3400 2680 Decembris
3452 2624 3624 2678 1722.
3651 2639 3763 2699 pro
3790 2620 3981 2700 impe·

2433 2714 2648 2776 dienda
2683 2733 2791 2773 suo
2820 2712 3213 2793 Competitori
3248 2712 3612 2792 possessione
3654 2713 3977 2789 bonorum,

2431 2808 2637 2869 eadem
2663 2807 2779 2868 hoc
2804 2805 3062 2866 minime
3110 2807 3386 2867 obstante
3412 2814 3580 2884 capta
3613 2807 3976 2887 supponitur

2431 2902 2520 2961 dic
2540 2904 2596 2961 4.
2630 2901 2830 2960 mensis
2859 2898 3148 2961 Ianuarii
3170 2901 3449 2959 currcmis
3471 2905 3615 2959 anni
3642 2905 3816 2962 1723.

2548 2995 2643 3055 Ab
2668 2992 2939 3073 exposita
2970 2992 3111 3055 facti
3146 2992 3302 3053 serie
3322 3041 3337 3063 ‚
3383 2991 3737 3054 Cantisanus
3764 2994 3970 3069 infert,

2429 3087 2869 3149 concessionem
2915 3086 2980 3148 in
3026 3086 3495 3168 Empbyteusim
3528 3086 3743 3152 factam
3769 3089 3978 3153 favore

2431 3183 2720 3265 Cajetani,
2755 3189 2815 3246 et
2863 3181 3305 3262 expeditionem
3335 3181 3653 3262 Apostolici
3686 3183 3979 3264 Benepla-

2429 3278 2531 3338 citi
2562 3296 2681 3339 non
2725 3274 3013 3339 sustineri
3037 3321 3054 3349 ,
3103 3294 3243 3337 cum
3279 3275 3426 3337 haec
3463 3277 3666 3338 omnia
3720 3288 3976 3358 sequuta

2429 3373 2587 3446 sint,
2625 3367 2853 3452 absque
2892 3389 2964 3431 eo
3017 3369 3179 3450 quod
3220 3369 3364 3431 huic
3393 3370 3608 3433 Sacrae
3635 3370 3974 3454 Congrega-

2431 3466 2674 3539 tioni,et
2692 3467 2941 3526 Summo
2970 3461 3245 3524 Pontifici
3266 3480 3371 3525 sua
3387 3465 3580 3545 major
3603 3463 3831 3527 oblatio
3849 3465 3975 3528 fue-

2429 3560 2510 3622 rit
2532 3558 2821 3640 exposita,
2840 3556 3137 3621 licethaec
3153 3565 3303 3619 emet
3328 3558 3480 3619 bene
3501 3565 3638 3620 nota
3659 3559 3974 3641 Cajetan03

2428 3654 2569 3715 item
2620 3652 3030 3715 executionem
3077 3650 3439 3730 Beneplaciti
3481 3671 3602 3713 non
3654 3654 3972 3730 sustineri,

2427 3769 2563 3812 cum
2585 3748 2646 3809 in
2692 3746 3070 3826 Beneplacito
3098 3746 3324 3807 adesset
3351 3744 3618 3808 clausula
3647 3751 3856 3810 vocatis
3899 3749 3978 3811 ad

2426 3846 2510 3914 id,
2535 3845 2635 3921 qui
2666 3844 2894 3922 fucrant
2916 3842 3174 3910 vocandi,
3198 3848 3257 3901 et
3278 3840 3404 3919 ipse
3421 3850 3667 3901 vocatus
3688 3859 3808 3902 non
3841 3840 3975 3903 fue·

2428 3937 2529 4007 rit,
2554 3937 2695 4017 qui,
2723 3935 2772 3996 si
2799 3942 3045 3996 vocatus
3070 3933 3299 4006 suisset,
3315 3952 3421 3994 sua
3439 3935 3580 4014 jura
3599 3933 3964 4010 deduxiaeet,

2426 4049 2718 4111 suamque
2779 4031 3073 4111 majorem
3124 4026 3491 4088 oblationem
3543 4029 3622 4089 ab
3674 4028 3970 4111 Episcopo

2426 4124 2675 4186 Cavensi
2717 4123 3118 4204 approbatam
3145 4120 3477 4202 allegasset,
3507 4139 3629 4183 una
3654 4141 3790 4184 cum
3821 4143 3972 4204 pen-

2426 4217 2628 4279 dentia
2656 4217 2780 4279 litis
2802 4217 2865 4276 in
2896 4217 3080 4278 Sacra
3125 4214 3598 4296 Congregatione
3645 4216 3971 4298 Episcopo·

2430 4329 2589 4383 rum,
2610 4321 2667 4372 et
2692 4309 3083 4391 Regularium
3105 4330 3122 4382 ;
3145 4308 3374 4369 nullam
3398 4307 3974 4390 deniquesuperesse

2426 4406 2835 4466 difficultatem
2870 4404 3071 4485 quoad
3094 4421 3237 4465 suae
3257 4403 3579 4464 oblationis
3612 4405 3970 4485 acceptatio-

2428 4519 2589 4570 nem,
2621 4508 2846 4560 attenta
2881 4493 3326 4568 evidentissima
3368 4498 3631 4578 ejusdem
3664 4499 3925 4564 utilitate
3946 4547 3966 4576 ,

2424 4604 2480 4654 et
2510 4594 2708 4674 quoad
2740 4593 3157 4675 purgationem
3186 4598 3641 4666 attentatorum,
3670 4613 3808 4654 cum
3832 4614 3968 4676 pos-

2424 4691 2604 4749 sessio
2630 4696 2801 4767 capta
2821 4685 3006 4747 fuerit
3030 4695 3156 4765 post
3182 4692 3616 4765 praesentatam
3639 4689 3965 4768 personali·

2424 4794 2514 4845 ter
2542 4782 2882 4843 citationem
2910 4778 3219 4841 Auditoris
3240 4779 3605 4840 sanctissimi
3631 4825 3647 4841 .

2541 4875 2834 4956 Excipite
2875 4883 3082 4935 contra
3111 4871 3428 4952 Cajetanus
3450 4872 3525 4934 de
3556 4873 3650 4934 his
3683 4875 3967 4938 omnibus

761 4973 1074 5028 recursum
1099 4961 1381 5024 habuerit
1409 4962 1484 5023 ad
1502 4963 1745 5025 Sacram
1768 4965 2301 5050 congregationem·
2418 4969 2649 5030 nullam
2672 4986 2797 5028 esse
2811 4966 3153 5028 habendam
3180 4967 3648 5038 rationem,cum
3668 4986 3774 5031 sua
3792 4969 3966 5032 obla-

762 5059 1196 5139 Episroporum
1221 5101 1237 5127 ‚
1270 5064 1329 5116 et
1362 5056 1752 5138 Regularium
1801 5061 2150 5142 ignoratur,
2203 5069 2306 5130 sed
2419 5063 2500 5125 tio
2520 5065 2683 5146 justa
2711 5063 2810 5133 sit,
2841 5071 2902 5122 et
2921 5059 3092 5122 utilis
3115 5059 3498 5132 Monasterio‚
3533 5080 3640 5123 nec
3668 5062 3924 5125 Ecclesia
3944 5110 3962 5138 ,

761 5154 878 5215 huc
917 5169 1108 5210 unum
1167 5159 1363 5209 tutum
1413 5159 1501 5210 est
1523 5196 1539 5224 ,
1589 5152 1752 5231 quod
1802 5154 1956 5216 datis
1989 5157 2068 5218 ab
2095 5161 2303 5223 eadem
2415 5168 2620 5239 utpote
2639 5157 2962 5232 cultrix,et
2986 5155 3178 5222 Mater
3195 5155 3473 5215 Justitiae
3492 5155 3728 5217 deferre
3749 5157 3966 5221 debeat

763 5243 1237 5324 tloogregatione
1303 5242 1519 5304 litteris
1574 5264 1686 5323 pro
1745 5246 2174 5312 informatione
2231 5257 2305 5315 ad
2413 5253 2586 5315 alteri
2644 5251 2780 5312 licet
2830 5249 3040 5330 majori
3108 5247 3397 5309 oblationi
3423 5293 3440 5322 ,
3510 5257 3715 5329 utpote
3777 5249 3970 5315 sactae

761 5338 1120 5418 Episcopum
1141 5334 1487 5408 Cavensem,
1502 5338 1779 5419 Episcopi
1801 5341 2149 5406 informatio
2165 5351 2305 5409 scri.

758 5443 863 5513 pta
907 5431 1019 5491 fuit
1061 5431 1149 5489 dic
1202 5435 1295 5489 11.
1330 5428 1576 5510 Anqusti
1614 5439 1793 5493 1722.
1851 5454 1971 5515 qua
2022 5442 2250 5502 censuit
2280 5488 2297 5510 .

2414 5349 2485 5407 ad
2543 5345 3003 5408 aemulationem
3033 5389 3049 5415 ,
3071 5360 3229 5423 quae
3265 5342 3601 5422 specialiter
3628 5345 3966 5408 desumitur

2410 5452 2537 5503 tum
2567 5461 2641 5501 ex
2670 5448 2990 5520 augmento
3028 5456 3060 5498 a
3092 5454 3325 5498 summa
3356 5444 3660 5498 scutorum
3706 5444 3842 5499 600.
3887 5441 3966 5503 ad
