4393 6299
894 461 998 515 mo

710 612 946 687 nirent,
996 612 1102 694 qui
1137 609 1501 674 Beneficium
1550 617 1923 691 acceptaret;
1959 607 2263 670 devolutio

710 706 1009 788 siquidem
1060 705 1346 786 supponit
1384 704 1621 783 culpam
1655 749 1672 776 ,
1712 712 1770 764 et
1835 701 2260 783 negligentiam

709 800 1182 864 inexcusabilem
1201 798 1469 870 Patroni,
1494 799 1567 859 M
1575 818 1713 876 urqa
1733 798 1796 857 de
1824 796 2016 874 Bonos.
2040 805 2253 874 quaest.

712 902 770 958 3.
805 896 871 978 S.
905 901 997 957 10.
1030 908 1157 957 sect.
1192 901 1247 956 1.
1281 915 1437 955 num.
1462 898 1600 955 480.
1626 902 1686 954 et
1712 911 1821 974 pro
1846 892 2051 973 regula
2083 891 2263 952 datur

706 1011 742 1054 a
768 994 1125 1055 Doctoribus
1148 1038 1164 1065 ,
1193 1001 1253 1053 et
1278 1011 1313 1052 a
1341 988 1806 1059 TribunalibuS‚
1839 987 2000 1068 quod
2042 1005 2263 1046 unum-

707 1086 993 1167 quodque
1015 1105 1134 1148 non
1158 1084 1563 1164 improbabile
1578 1083 2072 1162 impedimentum
2096 1100 2258 1159 prae-

704 1190 903 1243 servat
923 1182 1065 1263 jura
1103 1180 1350 1240 Patroni
1381 1198 1418 1242 a
1448 1178 1833 1241 devolutione
1868 1177 1944 1238 ad
1973 1177 2256 1255 Superio-

705 1295 858 1346 rem,
879 1275 1080 1336 Faber.
1108 1277 1171 1334 in
1197 1273 1337 1335 Cod.
1363 1277 1452 1334 tit.
1481 1275 1545 1333 de
1564 1293 1768 1334 sacros.
1799 1272 2010 1332 Eccles.
2040 1273 2255 1351 definit.

704 1377 803 1433 35.
840 1390 981 1432 vers.
1020 1372 1168 1450 quod
1194 1391 1345 1431 secus
1380 1380 1489 1439 est,
1527 1368 1757 1446 Pir-inq.
1796 1370 1871 1429 ad
1912 1370 2007 1428 lib.
2051 1374 2107 1429 3.
2150 1368 2256 1426 De·

701 1469 899 1529 cretal.
936 1469 1027 1527 tit.
1056 1472 1153 1528 38.
1176 1478 1304 1527 sect.
1335 1470 1392 1527 [ι.
1417 1466 1480 1548 S.
1518 1469 1575 1527 4.
1602 1485 1759 1525 num.
1800 1470 1933 1525 106.
1978 1463 2251 1540 Ventriql.

702 1566 768 1623 in
784 1564 968 1642 praxi
989 1572 1139 1642 part.
1172 1568 1230 1622 2.
1263 1571 1458 1623 annot.
1490 1566 1543 1621 1.
1565 1560 1631 1642 S.
1664 1566 1723 1622 3.
1752 1580 1888 1621 num
1911 1567 2008 1621 28.
2035 1572 2249 1637 etseqq.

700 1656 860 1718 Ricc.
891 1658 1103 1717 collect.
1157 1660 1291 1716 119.
1326 1676 1467 1717 vers.
1514 1658 1575 1715 in
1603 1675 1712 1734 quo
1737 1700 1754 1726 ,
1791 1666 1843 1715 et
1870 1656 1985 1733 ipso
2007 1698 2024 1715 .
2080 1653 2257 1714 Perez

702 1752 769 1812 do
789 1749 951 1813 Lara
979 1752 1044 1812 de
1070 1754 1353 1812 annivers.
1385 1753 1483 1811 tib.
1515 1756 1574 1812 2.
1612 1770 1736 1831 cap.
1765 1755 1822 1811 9.
1851 1770 2010 1809 num.
2046 1755 2142 1810 35.

820 1845 1066 1926 Aliique
1100 1845 1353 1920 docent,
1409 1846 1645 1907 nullum
1701 1845 1967 1927 Regibus
2010 1864 2258 1907 currere

699 1948 938 2022 tempus
958 1940 1034 2001 ad
1060 1941 1584 2019 praesentandum,
1611 1941 1755 2022 quia
1783 1959 2018 2019 semper
2040 1959 2257 2019 suppo-

698 2038 868 2099 nitur
892 2056 993 2099 eos
1012 2057 1137 2099 esse
1160 2037 1456 2117 probabili
1489 2038 1759 2102 detentos
1781 2034 2214 2113 impedimento
2231 2083 2247 2108 ,

699 2129 1004 2193 Solorzan.
1029 2133 1238 2211 dejure
1256 2131 1481 2193 Indiar.
1520 2134 1617 2192 lib.
1644 2138 1701 2194 3.
1729 2153 1854 2213 cap.
1884 2138 1941 2194 3.
1963 2151 2124 2191 num.
2150 2135 2248 2191 49.

696 2236 750 2288 ct
776 2233 875 2288 50.
925 2224 1169 2306 Salqad.
1200 2228 1266 2288 de
1294 2227 1470 2305 Καρία
1496 2237 1723 2308 protect.
1768 2247 1898 2308 par.
1940 2232 1999 2288 3.
2033 2247 2157 2304 cap.
2190 2231 2250 2286 8.

694 2340 854 2380 num.
895 2324 996 2381 43.
1023 2331 1075 2381 et
1101 2324 1199 2382 Μ.
1227 2321 1511 2381 Antumz.
1544 2322 1609 2384 clo
1635 2323 1818 2383 denot.
1860 2321 1994 2400 Req.
2046 2322 2144 2381 lib.
2191 2325 2249 2380 3.

695 2435 821 2495 cap.
843 2420 943 2476 28.
970 2435 1131 2478 num.
1165 2420 1298 2477 124.
1328 2415 1595 2496 Laqunez
1639 2417 1702 2476 de
1729 2416 2007 2493 fructibus
2031 2434 2162 2495 par.
2194 2418 2249 2474 1.
2287 2454 2294 2461 -

692 2531 818 2590 cap.
849 2516 946 2573 31.
979 2512 1042 2595 S.
1069 2519 1128 2574 2.
1160 2534 1319 2573 num.
1354 2517 1487 2573 122.
1514 2522 1567 2573 ot
1588 2532 1737 2592 seqq.

811 2605 926 2668 His
950 2606 1280 2678 stantibus,
1306 2607 1621 2688 quaeritur
1645 2627 1661 2667 ε

806 2700 903 2763 An
930 2705 1007 2763 sit
1024 2703 1376 2765 admittenda
1401 2703 1798 2782 praesentatio,
1822 2703 1888 2761 in
1913 2720 2050 2762 casu
2077 2710 2178 2762 etc.

798 2909 951 2961 Sacra
978 2909 1176 2975 Conps.
1203 2908 1509 2974 respondit:

870 2994 1254 3066 Affirmaeive‚
1277 3008 1330 3049 ee
1356 2995 1607 3061 amplius.

1152 3205 1516 3283 QUAESTIO
1567 3204 1775 3269 CXLI.

730 3450 798 3511 In
823 3450 1014 3514 causa
1037 3450 1381 3515 Novar-ioasi
1397 3501 1412 3524 ,
1440 3452 1529 3512 die
1550 3455 1651 3514 24.
1687 3449 1990 3514 Februarii
2020 3455 2198 3512 1720.

690 3565 979 3687 Joannes
1005 3625 1359 3688 Jeannonus
1384 3646 1535 3687 anno
1563 3631 1737 3686 1711.
1788 3624 2241 3688 matrimonium

687 3740 798 3800 per
841 3720 1027 3782 verba
1073 3720 1149 3782 de
1192 3720 1489 3799 praesenti
1529 3721 1831 3782 contraxit
1883 3740 2022 3783 cnm
2066 3723 2242 3783 Anna

685 3812 1002 3876 Ghinzona
1028 3860 1044 3887 ,
1099 3833 1238 3875 cum
1301 3816 1727 3891 protestatione
1779 3824 1977 3876 tamen
2004 3862 2020 3889 ,
2076 3814 2240 3896 quod

687 3926 865 3968 suum
896 3909 1235 3987 praestabat
1261 3928 1592 3982 assensum,
1619 3910 1733 3971 sub
1762 3909 2139 3981 conditione,
2186 3917 2246 3971 et

688 4003 1138 4083 praesupposito
1155 4048 1171 4076 ,
1200 4002 1362 4083 quod
1389 4004 1561 4065 Anna
1593 4011 1747 4064 esset
1770 4002 1962 4085 virgo.

805 4095 925 4155 Nec
957 4095 1149 4174 prima
1168 4141 1184 4166 ,
1214 4114 1321 4157 nec
1347 4096 1607 4158 secunda
1634 4105 1806 4158 nocte
1830 4097 2094 4158 Joannes
2115 4117 2240 4158 rem

687 4186 905 4249 habuit
926 4207 1063 4249 cum
1093 4190 1264 4251 Anna
1286 4235 1301 4260 ,
1332 4197 1460 4251 tum
1489 4189 1634 4271 quia
1657 4190 1718 4251 in
1749 4191 1957 4253 eodem
1982 4192 2240 4254 Cubicu-

688 4281 783 4355 lo‚
814 4282 947 4343 liret
976 4282 1037 4342 in
1071 4282 1191 4344 alio
1220 4281 1372 4345 lecto
1391 4285 1696 4347 cubabant
1728 4287 1953 4360 Mater,
1976 4297 2035 4348 et
2063 4287 2245 4348 Soror

686 4377 1027 4457 praedictae
1049 4378 1291 4451 Annae,
1317 4385 1446 4439 tum
1482 4378 1626 4459 quia
1661 4380 1735 4441 de
1765 4382 1895 4460 ejus
1923 4381 2238 4462 virginita-

685 4479 746 4531 te
769 4469 1026 4531 dubium
1058 4468 1355 4544 babebat;
1392 4473 1491 4533 sed
1528 4492 1664 4533 cum
1714 4473 2059 4535 admonitus
2090 4474 2240 4536 fuis—

686 4571 776 4626 set
799 4613 815 4635 ,
843 4565 1005 4645 quod
1042 4566 1215 4630 Anna
1244 4575 1375 4628 erat
1394 4568 1644 4643 gravida
1669 4613 1684 4637 .
1707 4586 1840 4629 eam
1866 4569 2039 4631 tertia
2071 4579 2242 4632 nocte

685 4659 843 4721 serio
873 4659 947 4720 de
982 4663 1372 4743 praegnantia
1424 4662 1862 4743 interpellavit,
1912 4663 2243 4746 eademque

686 4752 954 4814 confessa
980 4762 1070 4815 est
1087 4774 1149 4816 se
1175 4775 1300 4816 esse
1324 4766 1753 4837 praegnantem
1779 4804 1793 4826 ,
1824 4764 1884 4819 et
1911 4776 1974 4818 se
2000 4755 2184 4819 fuisse
2207 4776 2242 4820 a

685 4866 796 4908 suo
830 4845 1116 4908 Genitore
1137 4855 1491 4924 stupratam.

805 4941 935 5003 Hoc
951 4940 1191 5014 audito,
1216 4942 1477 5004 Joannes
1499 4943 1719 5005 nedum
1743 4943 1900 5008 dicta
1924 4944 2099 5007 tertia
2130 4964 2241 5006 no-

685 5044 778 5098 cte
810 5055 845 5096 a
869 5035 1085 5115 copula
1112 5035 1437 5110 abstinuit,
1479 5038 1582 5099 sed
1611 5038 1866 5101 ulterius
1894 5038 2090 5102 noluit
2117 5058 2241 5102 am-

686 5127 849 5209 plius
872 5146 1007 5189 cum
1038 5129 1214 5190 Anna
1236 5128 1503 5192 dormire
1525 5179 1541 5202 ‚
1576 5130 1715 5195 licet
1739 5132 1806 5193 iu
1829 5132 2038 5195 eadem
2060 5134 2241 5196 domo

684 5241 821 5283 cum
845 5219 971 5300 ipsa
988 5220 1426 5285 cohabitaverit
1440 5270 1456 5297 ‚
1480 5243 1556 5285 ne
1578 5224 1798 5287 factum
1818 5226 2236 5302 innotesceret,

684 5314 845 5395 quod
878 5323 1074 5376 tamen
1107 5314 1410 5390 innotuit,
1433 5317 1635 5379 statim
1663 5337 1733 5381 ac
1757 5321 1934 5385 Anna
1962 5320 2232 5401 peperit,

685 5408 789 5469 vix
819 5406 1038 5489 clapsis
1060 5407 1338 5489 quinque
1357 5409 1661 5474 mensibus
1679 5430 1716 5474 a
1746 5412 1845 5475 die
1873 5413 2007 5476 initi
2035 5413 2232 5477 matri·

1903 455 2348 524 QUAEsTtoflEs
2389 456 2752 508 CANONICAE

2373 607 2559 667 monii
2583 653 2601 680 ,
2635 607 2789 669 itaut
2818 606 2990 669 Pater
3016 605 3080 667 in
3116 604 3342 669 alienas
3363 607 3663 690 'Regiones
3689 627 3753 669 se
3778 629 3923 671 eon-

2373 701 2619 771 tulerit,
2647 702 2965 782 eidemque
2996 702 3254 763 subinde
3288 703 3426 764 data
3457 701 3640 764 fuerit
3670 701 3924 766 facultas

2372 799 2447 859 ad
2477 796 2741 858 Patriam
2772 795 3084 870 redeundi,
3110 797 3433 858 exbursata
3460 797 3710 859 notabili
3745 817 3922 878 pecu-

2372 890 2507 952 niae
2527 890 2884 971 quantitate.

2488 985 2559 1046 In
2588 984 2703 1046 hoc
2729 1004 2932 1047 rerum
2960 990 3117 1046 statu
3135 1029 3152 1057 ,
3188 983 3452 1045 Joannes
3490 985 3729 1046 Annam
3749 985 3922 1048 dere-

2369 1080 2551 1160 liquit
2575 1126 2592 1155 ,
2638 1100 2744 1141 nec
2765 1079 3027 1160 amplius
3053 1078 3248 1140 voluit
3273 1098 3410 1140 cum
3444 1078 3571 1159 ipsa
3598 1078 3876 1142 babitare
3896 1124 3915 1153 ,

2371 1193 2691 1254 precesque
2737 1173 2879 1234 huic
2905 1174 3121 1235 Sacrae
3148 1172 3604 1255 congregationi
3642 1173 3923 1237 exhibuit

2371 1288 2479 1349 pro
2501 1267 2904 1330 declaratione
2934 1268 3229 1329 nullitatis
3264 1267 3656 1328 matrimonii.

2487 1361 2788 1442 Scriptum
2826 1360 2941 1422 fuit
2967 1360 3457 1422 Eminentissimo
3488 1361 3779 1443 Episcopo
3809 1382 3919 1441 pro

2365 1458 2793 1519 informatione
2809 1501 2827 1529 ,
2850 1464 2911 1517 et
2930 1464 3090 1528 voto,
3114 1475 3373 1537 cumque
3398 1476 3751 1520 consensum
3774 1477 3920 1519 con·

2364 1554 2726 1616 ditionatum
2759 1570 2796 1614 a
2837 1551 3070 1612 Joanne
3135 1551 3487 1630 praestitum
3513 1598 3532 1626 ,
3594 1571 3715 1615 una
3780 1572 3921 1615 cum

2364 1647 2709 1710 exclusione
2760 1645 3012 1726 copulae
3036 1693 3053 1716 ,
3113 1646 3460 1709 Eminentia
3510 1646 3634 1710 Sua
3692 1653 3920 1709 asserat

2369 1741 2611 1821 probari
2643 1760 2716 1802 ex
2740 1740 2900 1803 dicto
2922 1739 3243 1820 utriusque
3266 1739 3550 1823 Conjugis
3570 1786 3588 1816 ,
3615 1741 3918 1823 proposita

2365 1836 2479 1898 fuit
2506 1835 2756 1898 Joannis
2786 1835 3067 1897 instantia
3094 1833 3251 1898 inter
3279 1835 3625 1899 Summaria
3646 1856 3914 1917 precum,

2362 1940 2420 1993 et
2446 1931 2673 1993 dictum
2708 1929 2859 2003 fuit,
2886 1932 3046 2011 quod
3074 1940 3507 2012 proponeretur
3535 1929 3597 1992 in
3630 1930 3809 2005 folio,
3857 1939 3919 1993 et

2365 2027 2527 2105 qnod
2553 2031 2764 2087 Annae
2784 2025 3214 2108 praefigeretur
3239 2025 3534 2088 terminus
3558 2025 3634 2088 ad
3654 2045 3764 2090 sua
3775 2027 3920 2108 jura

2362 2122 2709 2183 deducenda
2741 2123 2802 2182 in
2831 2121 3011 2183 Sacra
3057 2120 3531 2203 Congregatione
3555 2166 3571 2192 ,
3602 2140 3762 2201 quae
3808 2128 3921 2183 ter-

2363 2215 2510 2275 mini
2554 2214 2847 2296 praefixio
2872 2215 2987 2277 fuit
3020 2214 3357 2278 executioni
3391 2217 3691 2277 mandata.

2481 2310 2670 2371 Error
2706 2309 3016 2389 qualitatis
3047 2330 3166 2370 non
3213 2308 3355 2372 facit
3396 2309 3742 2390 conjugium
3775 2309 3915 2371 irri-

2362 2410 2516 2472 tum,
2538 2405 2716 2485 juxta
2744 2403 3014 2466 Canones
3038 2424 3072 2465 a
3102 2403 3392 2465 Gratiano
3408 2402 3683 2464 collectos
3700 2405 3763 2464 in
3784 2425 3919 2465 cau·

2360 2518 2421 2559 sa
2448 2503 2545 2558 29.
2580 2509 2794 2577 quaest.
2833 2502 2888 2559 1.
2922 2499 3024 2559 sed
3069 2497 3128 2558 id
3160 2496 3458 2558 limitatur
3495 2497 3557 2558 in
3580 2516 3721 2559 casu
3742 2543 3759 2569 ‚
3792 2517 3917 2578 quo

2360 2593 2499 2673 quis
2553 2612 2833 2674 expresse
2882 2600 3239 2672 protestetur
3283 2610 3347 2653 se
3397 2591 3753 2654 contrahere
3798 2593 3915 2654 sub

2359 2685 2734 2759 conditione,
2768 2687 2929 2767 quod
2970 2685 3103 2749 talis
3126 2685 3390 2767 qualitas
3412 2685 3558 2748 insit
3586 2705 3910 2767 personae,

2358 2798 2496 2841 cum
2529 2798 2651 2859 qua
2683 2779 2799 2841 init
2827 2779 3279 2842 matrimonium
3302 2826 3319 2852 ,
3360 2788 3502 2841 tunc
3535 2779 3759 2841 etenim
3787 2799 3912 2841 ees-

2357 2882 2526 2934 sante
2554 2872 2898 2935 conditione
2920 2919 2937 2946 ,
2958 2874 3052 2935 cui
3077 2889 3399 2936 consensus
3432 2873 3740 2947 innititur,
3772 2872 3917 2935 defi-

2355 2966 2438 3028 cit
2464 2974 2523 3028 et
2555 2967 2680 3048 ipse
2713 2987 3033 3029 consensus
3059 2966 3455 3030 essentialiter
3489 2967 3564 3030 ad
3596 2966 3909 3029 matrimo-

2358 3060 2531 3122 nium
2573 3061 2918 3141 requisitus,
2949 3063 3120 3145 juxta
3148 3060 3268 3124 late
3297 3061 3517 3124 tradita
3558 3081 3665 3141 per
3695 3061 3912 3123 Caban-

2354 3167 2466 3216 sut.
2492 3158 2554 3215 in
2580 3154 2776 3218 Thoar.
2808 3166 2859 3218 ot
2880 3159 3064 3237 praxi
3092 3155 3259 3218 Juriz
3285 3156 3509 3219 Canon.
3544 3159 3646 3219 lib.
3677 3163 3735 3219 3.
3775 3176 3903 3239 cap.

2350 3252 2449 3309 22.
2481 3269 2639 3309 num.
2665 3253 2725 3310 2.

2470 3343 2539 3403 Iu
2570 3363 2658 3416 re,
2690 3342 2767 3405 de
2786 3362 2908 3425 qua
2935 3363 3098 3406 nunc
3120 3342 3358 3425 agitur,
3389 3342 3652 3406 defectus
3704 3342 3907 3424 quali·

2353 3436 2491 3500 tatis
2516 3436 2712 3517 plene,
2741 3446 2801 3501 et
2820 3437 3182 3501 sufficienter
3203 3437 3415 3500 deduci
3450 3457 3572 3499 non
3603 3444 3796 3518 potest
3826 3457 3906 3499 ex

2350 3531 2614 3594 editione
2670 3533 2858 3612 prolis
2910 3543 3043 3614 post
3089 3542 3323 3596 sextum
3394 3551 3655 3595 mensem
3706 3551 3744 3593 a
3803 3530 3909 3594 die

2351 3623 2484 3686 initi
2514 3626 2907 3701 matrimonii,
2938 3646 3075 3689 cum
3098 3626 3423 3708 legitimus,
3452 3635 3511 3687 et
3529 3625 3733 3688 vitalis
3759 3644 3903 3686 cen·

2348 3728 2549 3780 seatur
2575 3729 2815 3799 partus,
2863 3720 3085 3781 nedum
3129 3720 3324 3782 editus
3348 3728 3538 3789 sexto,
3567 3718 3672 3781 md
3717 3716 3904 3780 etiam

2352 3812 2567 3892 quinto
2614 3833 2845 3887 mense,
2884 3814 2971 3876 uti
3023 3815 3164 3881 late,
3197 3816 3456 3894 probant
3513 3812 3795 3875 Cau-anza
3836 3813 3901 3871 do

2344 3918 2525 3987 partu
2551 3911 2814 3970 naturali
2833 3930 2957 3989 cap.
2988 3915 3045 3970 9.
3073 3910 3175 3989 [οἱ.
3216 3913 3353 3971 432.
3378 3929 3540 3969 num.
3569 3912 3629 3969 2.
3661 3919 3713 3969 et
3741 3928 3900 3968 nuni.

2352 4004 2450 4062 46.
2479 4047 2496 4075 ,
2529 4000 2810 4083 Carpzov.
2841 4006 3082 4082 injuris
3127 4005 3300 4085 prud.
3331 4004 3552 4065 Ecclos.
3593 4004 3690 4064 lib.
3725 4007 3785 4063 2.
3818 4004 3907 4063 de-

2351 4096 2500 4177 finit.
2519 4101 2616 4157 22.
2640 4117 2799 4159 num.
2828 4103 2886 4159 3.
2920 4096 3249 4159 Ανὶηαηηιιε
3273 4100 3336 4158 in
3356 4097 3655 4160 Medicina
3679 4096 3905 4158 Critica

2352 4210 2486 4250 casu
2512 4192 2686 4269 1401.
2717 4197 2809 4254 13.
2835 4194 3014 4263 ‚Rota
3038 4193 3463 4254 inAvenionen.
3507 4192 3826 4252 Dotaticmis
3841 4197 3897 4252 3.

2349 4284 2566 4346 Martii
2600 4291 2773 4347 1692.
2801 4286 2868 4370 S.
2901 4289 2993 4348 sod
3016 4309 3143 4347 cum
3167 4288 3326 4348 hodio
3345 4308 3536 4349 coram
3559 4288 3704 4348 clar.
3735 4307 3894 4346 nient.

2353 4378 2661 4441 cardinali
2680 4379 2970 4462 Capram,
2994 4383 3094 4443 sed
3126 4383 3279 4444 bene
3306 4381 3622 4444 deducitur
3641 4401 3715 4442 ex
3754 4377 3901 4440 actis

2341 4472 2682 4553 judiciariis
2717 4495 2821 4555 per
2846 4474 3094 4537 localem
3124 4476 3466 4538 Praetorem
3495 4474 3664 4535 factis
3690 4482 3898 4534 contra
3950 4460 3966 4470 ’

2352 4567 2590 4628 Patrem
2623 4571 2836 4631 Annae
2867 4579 3152 4650 tanquam
3185 4589 3354 4632 reum
3387 4567 3601 4630 nefarii
3631 4565 3893 4637 sceleris,

2350 4658 2503 4720 itaut
2534 4661 3058 4724 Eminentissimus
3078 4661 3446 4725 Ordinarius
3476 4661 3536 4721 in
3582 4677 3691 4721 sua
3738 4656 3896 4720 rela-

2350 4753 2512 4815 tione
2543 4755 2735 4829 dicat,
2783 4757 2947 4838 quod
2998 4757 3352 4820 concubitus
3392 4762 3675 4837 paternus
3698 4759 3897 4814 certus

2348 4856 2457 4921 est,
2484 4859 2667 4928 atque
2705 4853 2976 4914 notorius
3000 4895 3016 4913 .

2469 4941 2608 5004 Sola
2634 4963 2780 5026 ergo
2799 4944 3117 5008 difficultas
3142 4952 3260 5008 stat
3288 4943 3351 5005 in
3379 4938 3841 5024 probationibus
3870 4982 3890 5011 ,

2347 5055 2484 5096 cum
2507 5037 2772 5099 conditio
2799 5038 3068 5119 apposita
3106 5040 3170 5100 in
3222 5044 3533 5099 contractu
3577 5032 3893 5095 matrimo-

2351 5129 2496 5193 niali
2517 5131 2716 5213 quoad
2744 5131 3150 5213 virginitatem
3188 5133 3420 5203 Annae,
3440 5137 3501 5190 et
3529 5125 3896 5190 abstinentia

2344 5244 2381 5285 a
2402 5224 2641 5305 copula,
2670 5244 2829 5307 quae
2863 5224 3047 5289 fuisse
3074 5226 3295 5288 dicitur
3342 5224 3405 5285 in
3460 5223 3622 5284 hisce
3674 5220 3893 5301 Coniu-

2341 5318 2547 5400 gibus,
2600 5340 2810 5382 eorum
2866 5320 3278 5382 tantummodo
3329 5317 3503 5380 dictis
3551 5315 3847 5379 innitatur
3871 5359 3889 5389 ,

2342 5414 2505 5495 quod
2536 5433 2656 5476 non
2689 5414 2928 5478 videtur
2959 5435 3085 5479 esse
3113 5412 3435 5488 sufficiens,
3467 5412 3646 5496 juxta
3675 5412 3892 5475 Decre-
