4393 6299
906 479 977 531 sa
1913 479 2356 548 QUAEsTloNES
2396 476 2758 532 cmomce

731 631 913 697 hodie
945 633 1203 696 reddunt
1228 642 1388 695 scuta
1419 635 1533 693 tria
1580 631 1816 693 circiter
1855 641 2129 695 monetae
2158 633 2280 693 Ro·
2325 627 2335 706 }
2389 648 2495 711 pro
2524 630 2724 692 anima
2752 627 3028 709 propria,
3055 614 3356 709 jubendo,
3391 635 3458 689 ut
3485 629 3790 695 Sacerdoti
3818 624 3942 694 sol-

731 748 969 793 manae.
999 728 1323 792 Sciendum
1351 735 1441 789 est
1465 727 1757 799 secundo,
1790 728 1953 808 quod
1982 726 2044 788 in
2070 728 2281 789 eadem

732 822 955 886 tabella
983 823 1334 885 adnotatum
1374 829 1461 882 est
1494 841 1649 882 onus
1683 822 2003 884 Missarum
2039 826 2137 883 84.
2170 842 2282 883 an-

735 936 999 979 nuarum
1040 916 1116 978 ad
1146 915 1354 978 Altare
1390 915 1451 977 S.
1487 916 1717 977 Mariae
1746 916 2123 981 Lauretanae
2168 937 2280 997 pro

734 1012 936 1074 anima
961 1009 1231 1090 Philippi
1268 1011 1606 1081 Fontanae,
1640 1011 1746 1091 qui
1788 1011 1953 1072 dedit
1980 1012 2284 1074 Monaste-

738 1105 831 1168 rio
872 1105 1062 1167 libras
1109 1110 1246 1165 670.
1299 1103 1692 1185 Imperiales,
1737 1114 1797 1166 et
1843 1106 2007 1186 quod
2055 1105 2171 1167 hae
2220 1109 2285 1168 in

738 1220 916 1263 censu
947 1200 1264 1261 investitae
1298 1199 1479 1261 hodie
1512 1200 1775 1261 reddunt
1811 1210 1977 1264 scuta
2005 1201 2287 1263 octo'cir-

739 1296 907 1357 citer.
939 1294 1257 1356 Sciendum
1300 1303 1389 1356 est
1415 1294 1625 1368 tertio,
1656 1296 1817 1375 quod
1850 1296 1912 1356 in
1950 1297 2164 1359 'eadem
2194 1306 2287 1359 ta·-

739 1389 901 1452 bella
944 1389 1296 1449 adnotatum
1339 1394 1429 1448 est
1470 1407 1626 1448 onus
1669 1386 1990 1450 Missarum
2036 1395 2132 1450 30.
2181 1410 2292 1471 pro

745 1482 948 1546 anima
976 1480 1212 1543 Camilli
1248 1480 1494 1542 Cribelli
1526 1481 1800 1563 quolibet
1826 1503 2022 1558 anno,
2057 1484 2162 1565 qui
2202 1504 2293 1546 re-

743 1578 927 1660 liquit
957 1578 1148 1639 libras
1174 1579 1312 1638 wo.
1344 1596 1502 1657 quae
1535 1578 1596 1638 in
1626 1596 1808 1639 censu
1836 1578 2155 1640 investitae
2182 1580 2294 1641 bo-

742 1673 842 1735 die
868 1672 1130 1734 reddunt
1168 1678 1334 1734 scuta
1365 1675 1480 1733 tria
1506 1672 1745 1733 circiter
1774 1681 2048 1734 monetae
2075 1675 2295 1736 Roma-

744 1786 880 1829 nae.
928 1765 1249 1828 Sciendum
1290 1772 1381 1826 est
1419 1764 1721 1845 denique,
1763 1764 1927 1846 quod
1970 1766 2032 1825 in
2081 1766 2290 1828 eadem

746 1858 968 1923 tabella
1002 1858 1365 1939 descriptum
1396 1866 1485 1919 est
1509 1877 1664 1919 onus
1691 1859 1873 1919 unius
1900 1859 2117 1921 Missae
2143 1879 2292 1939 qua-

744 1954 894 2016 libet
923 1953 1303 2015 hebdomada
1345 1972 1456 2033 pro
1495 1954 1697 2015 anima
1724 1954 2036 2017 Elisabeth
2080 1955 2155 2016 de
2184 1955 2293 2017 Fa-

746 2047 915 2110 conis
943 2066 1054 2128 pro
1083 2047 1257 2109 libris
1295 2048 1721 2127 Imperialibus
1762 2054 1901 2111 700.
1948 2068 2024 2110 ex
2068 2051 2294 2129 quibus

748 2141 811 2202 in
839 2141 1117 2204 censibus
1141 2140 1467 2212 investitiS,
1497 2139 1678 2202 hodie
1703 2129 2017 2205 habentur'
2032 2154 2198 2205 scuta
2229 2151 2287 2205 5.

747 2236 1021 2317 quolibet
1046 2254 1209 2298 anno
1232 2244 1506 2297 monetae
1532 2238 1867 2310 Romanam
1896 2258 2158 2318 euinque
2185 2258 2294 2300 nec

748 2349 1034 2404 onerum,
1065 2349 1175 2391 nec
1199 2349 1442 2402 eorum,
1475 2348 1630 2409 quae
1670 2330 1877 2393 relicta
1905 2331 2155 2392 fuerunt
2186 2351 2295 2411 pro

748 2424 1016 2506 ipsorum
1044 2424 1542 2505 adimplcmento‚
1571 2425 1694 2488 alia
1725 2426 2023 2488 habeatur
2051 2427 2291 2499 notitia,

748 2538 932 2599 quam
975 2539 1083 2593 ea,
1125 2538 1282 2599 quae
1320 2520 1638 2582 deducitur
1680 2540 1755 2582 ex
1792 2521 2191 2601 descriptione
2232 2523 2296 2582 in

751 2612 973 2675 tabella
988 2660 1005 2682 ,
1029 2624 1087 2675 et
1112 2614 1518 2701 praesumptio
1537 2614 1644 2686 sit,
1665 2616 1830 2694 quod
1854 2615 2045 2677 librae
2068 2615 2299 2676 fuerint

752 2706 996 2770 relictae
1033 2707 1096 2768 in
1138 2709 1433 2770 censibus·
1458 2709 1804 2782 investitae,
1841 2709 1922 2772 ex‘
1951 2725 2073 2790 quo
2118 2710 2299 2771 hodie

752 2798 901 2862 haec
926 2800 1206 2880 capitalia
1233 2812 1376 2863 sunt
1402 2802 1629 2882 paritet·
1657 2802 1719 2862 in
1748 2802 2025 2864 censibus
2057 2803 2299 2865 investi-

754 2900 848 2966 ta,
880 2913 990 2956 nec
1014 2913 1224 2955 eorum
1258 2894 1483 2957 reditus
1507 2896 1806 2958 sufficiant
1840 2916 1949 2978 pro
1976 2898 2297 2959 Missurum

755 2987 1187 3062 celebratione,
1220 2996 1281 3050 et
1314 2988 1559 3050 illorum
1592 2991 2036 3052 decrementum
2075 3011 2191 3052 non
2223 3011 2298 3054 ex

756 3083 935 3164 culpa
966 3082 1437 3159 canonicorum,
1465 3085 1567 3146 sed
1595 3105 1668 3146 ex
1709 3104 1997 3147 censuum
2031 3085 2300 3151 diminu-

757 3178 922 3241 tione
947 3179 1329 3260 processerit,
1359 3179 1521 3241 hisce
1553 3180 1640 3242 -de
1673 3182 1867 3244 causis
1893 3181 2076 3243 iidem
2105 3181 2301 3244 Cano-

758 3273 878 3335 nici
907 3274 1254 3336 existimant
1295 3274 1408 3335 sibi
1438 3294 1563 3337 esse
1595 3275 1858 3338 debitam
1889 3276 2302 3338 reductionem

758 3366 979 3523 lffitln
1011 3368 1195 3431 etiam
1237 3388 1524 3444 onerum,
1554 3389 1711 3452 quae
1739 3380 1881 3433 sunt
1913 3370 2210 3453 descripta
2237 3371 2305 3435 in

945 3480 1003 3522 a.

876 3555 1162 3636 Adeoque
1189 3575 1352 3618 nunc
1377 3557 1728 3637 quaeritur:

877 3647 974 3709 Aa
998 3660 1050 3709 st
1088 3652 1358 3728 quomodo
1383 3653 1458 3711 sit
1494 3653 1790 3723 standum,
1834 3655 1920 3713 vcl
1944 3655 2305 3716 recedendum

759 3763 798 3805 a
823 3744 1018 3805 decisis
1044 3745 1110 3803 in
1135 3763 1293 3805 casu.

867 3937 1007 3989 Sacr-
1033 3936 1230 4006 congr.
1258 3936 1571 4005 respondit:

943 4022 1203 4075 &andum
1254 4023 1311 4074 in
1339 4023 1553 4089 Decii-is
1586 4024 1772 4091 quoad
1792 4027 2052 4093 Legatum
2082 4025 2310 4093 sactum

761 4126 907 4160 anno
935 4110 1092 4162 1032.
1120 4110 1307 4180 quoad
1340 4124 1679 4167 contractum
1706 4130 1840 4167 vero
1867 4115 2004 4166 anni
2026 4115 2180 4167 ¹⁶28.
2206 4134 2310 4182 pro

761 4212 902 4247 nova
935 4194 1327 4264 informatione
1346 4196 1513 4265 iuxta
1552 4200 2000 4268 Ins-eructionem,
2028 4214 2079 4255 et
2127 4203 2315 4271 quoad

762 4284 975 4354 reliqua
1003 4284 1060 4335 in
1089 4285 1318 4338 Decisis.

1180 4481 1541 4556 QUAESTIO
1585 4484 1896 4546 LXXXV.

881 4683 952 4744 In
982 4684 1175 4748 Causa
1212 4685 1417 4749 Veneta
1448 4688 1805 4750 Reductiom's
1830 4689 2183 4763 Missurum,

1173 4781 1263 4841 dis
1290 4784 1349 4843 4.
1381 4781 1685 4844 Γοὸννανίἰ
1714 4786 1889 4844 1719.

761 4913 1050 5033 Joanaes
1076 4969 1444 5050 Delphinus,
1474 4971 1540 5033 in
1580 4972 1831 5047 ultimo,
1876 4993 2012 5034 cum
2054 4991 2176 5052 quo
2204 4972 2301 5033 de-

761 5063 963 5137 cessit,
994 5066 1404 5140 Testamento,
1439 5068 1682 5130 condito
1713 5068 1787 5130 de
1812 5087 1974 5129 anno
2012 5072 2185 5128 1539.
2220 5066 2311 5127 in-

762 5165 854 5219 ter
878 5167 1110 5222 caetera
1126 5205 1142 5233 ,
1172 5160 1324 5223 duas
1351 5161 1543 5223 voluit
1567 5163 1779 5225 Missas
1805 5162 2190 5243 quotidianas
2213 5181 2311 5222 ce-

763 5251 985 5315 lebrari
1034 5254 1097 5316 in
1145 5255 1410 5320 Ecclesia
1457 5255 1518 5318 S.
1556 5256 1866 5330 Cantiani,
1900 5257 2154 5318 alteram
2201 5273 2313 5336 pro

760 5345 963 5410 anima
1009 5347 1429 5413 Horisdelisae
1469 5350 1722 5425 sororiS,
1753 5352 2055 5433 jubend0‚
2086 5359 2157 5412 ut
2201 5351 2310 5412 Sa-

2391 732 2677 784 verentur
2698 723 2897 786 ducati
2922 719 3035 783 20.
3053 724 3122 784 In
3149 723 3357 783 eodem
3378 724 3758 786 Testamenta
3779 725 3943 786 idem

2389 821 2660 880 'l'estator
2702 816 3069 899 praelegavit
3093 816 3318 878 Elenae
3353 836 3497 877 suae
3533 817 3943 879 Consobrinae

2391 912 2645 1002 Campos
2672 919 2772 972 55.
2805 912 2944 971 Item
2977 914 3147 971 luscio
3173 930 3210 971 α
3238 911 3537 971 Meduana
3570 911 3753 973 Elcna
3782 914 3946 993 fiqlia

2391 1009 2480 1066 del
2510 1009 2793 1085 quondam
2822 1007 3039 1068 Messer
3072 1005 3391 1084 Cristosaro
3421 1003 3684 1067 Soranzo
3707 1009 3826 1066 mia
3852 1021 3948 1068 cu·

2391 1105 2561 1181 qiua,
2592 1104 2715 1162 alla
2757 1104 2925 1179 quale
2957 1102 3026 1161 ho
3071 1103 3237 1161 molto
3278 1101 3693 1181 obbliqazioni,
3729 1121 3758 1160 c
3791 1110 3944 1161 mas-

2391 1197 2527 1255 simc
2566 1214 2670 1274 per
2710 1198 2925 1256 acermi
2972 1213 3182 1274 compro
3229 1205 3568 1273 yovcrnoto,
3614 1196 3798 1273 campi
3841 1201 3941 1255 55.

2393 1291 2535 1350 delle
2563 1292 2670 1350 mic
2695 1292 3026 1371 possessioni
3057 1301 3159 1350 clc.
3194 1289 3368 1351 Hanc
3410 1290 3663 1351 eandem
3692 1288 3947 1350 Elenam

2339 1461 2342 1466 .
2395 1384 2657 1445 loannes
2696 1385 2956 1447 subinde
2993 1385 3232 1464 scripsit
3279 1383 3634 1454 haeredem,
3668 1384 3948 1463 imposito

2399 1499 2583 1542 onere
2609 1478 3011 1542 satisfaciendi
3051 1479 3263 1561 legatis
3287 1498 3323 1541 a
3351 1498 3414 1540 se
3441 1479 3695 1551 relictis,
3724 1481 3772 1540 il
3803 1491 3951 1539 resto

2397 1586 2708 1636 veramente
2735 1576 2797 1635 di
2824 1577 2962 1635 tutti
2987 1577 3012 1634 i
3036 1576 3170 1635 mici
3199 1576 3324 1634 beni
3354 1575 3553 1652 d'oqni
3575 1581 3720 1634 sorte
3752 1575 3945 1645 lamia,

2401 1690 2428 1732 e
2457 1673 2640 1749 voqlio
2661 1671 2758 1731 chc
2787 1672 2876 1731 sia
2902 1670 3050 1731 della
3085 1671 3238 1730 detta
3266 1669 3324 1729 E
3330 1671 3455 1730 lena
3481 1666 3747 1731 Soranzo
3776 1688 3876 1747 per
3906 1670 3951 1727 ti

2399 1766 2658 1845 bencfizj,
2692 1766 2787 1825 che
2822 1766 2891 1823 ho
2937 1774 3108 1825 avuto
3151 1765 3227 1824 da
3272 1766 3379 1834 lei,
3408 1782 3510 1824 con
3538 1773 3726 1842 questo
3750 1762 3847 1822 che
3892 1763 3951 1822 Ια

2398 1862 2545 1938 sacci
2589 1862 2725 1921 tuni
2751 1862 2788 1920 -i
2829 1858 3226 1938 micilLeqati,
3270 1866 3330 1920 et
3371 1857 3434 1919 iu
3475 1856 3779 1918 Codicillis
3820 1862 3956 1935 post

2399 1956 2848 2015 Testamentum
2889 1951 3154 2018 exaratis
3190 1951 3410 2013 iterum
3444 1952 3816 2013 voluntatem
3844 1968 3952 2011 ex·

2402 2048 2648 2129 pressit,
2697 2047 2861 2128 quod
2903 2048 2980 2109 ad
3015 2046 3266 2126 Elenam
3309 2046 3518 2125 Campi
3559 2051 3659 2106 55.
3705 2041 3952 2106 deveni-

2400 2152 2569 2204 rent:
2603 2143 2744 2202 Item
2773 2144 2986 2220 voqliO,
3014 2115 3228 2232 cml
3261 2152 3407 2201 tuno
3431 2141 3734 2202 Maaomm
3762 2139 3820 2199 E
3826 2141 3956 2200 lena

2400 2236 2662 2297 Soranzo
2711 2239 2827 2297 mia
2878 2237 3085 2314 cuqina
3112 2282 3127 2306 ,
3174 2237 3338 2317 fiqlt'a
3383 2236 3447 2294 di
3497 2233 3819 2311 Cristofaro
3863 2236 3954 2294 sia

2401 2333 2785 2392 commissario
2809 2351 2912 2410 pcr-
2940 2332 2999 2391 la
3026 2332 3281 2408 maqqior
3305 2340 3466 2409 parte
3483 2373 3500 2400 ,
3538 2349 3565 2388 c
3592 2330 3687 2389 che
3712 2329 3881 2389 abbia
3905 2329 3956 2388 it

2405 2436 2549 2485 tutto
2569 2473 2584 2496 ,
2615 2445 2642 2484 c
2673 2444 2842 2504 sopra
2879 2434 3022 2484 tutto
3056 2426 3100 2484 ti
3129 2425 3262 2484 mici
3291 2425 3476 2503 campi
3504 2429 3602 2482 55.
3637 2433 3740 2483 ac.

2522 2520 2684 2580 Bona
2715 2518 2941 2581 Elenae
2972 2519 3047 2579 ad
3076 2518 3226 2579 duas
3253 2517 3627 2579 devenerunt
3656 2515 3952 2588 familias,

2403 2615 2481 2675 ad
2523 2614 2820 2676 familiam
2857 2613 3139 2675 videlicet
3181 2612 3373 2684 Mori,
3421 2614 3518 2675 cui
3559 2612 3625 2673 in
3658 2611 3956 2673 divisione

2405 2694 2703 2770 bonorum
2754 2709 3008 2792 contigit
3063 2728 3217 2770 onus
3269 2707 3690 2771 celebrationis
3737 2706 3959 2767 Missae

2404 2823 2514 2883 pro
2543 2804 2747 2865 anima
2783 2803 3232 2877 Testatorisset
3261 2803 3336 2865 ad
3377 2803 3672 2865 familiam
3703 2799 3957 2882 Delphi-

2405 2917 2581 2973 nam,
2611 2916 2767 2977 quae
2806 2898 2870 2968 in
2899 2917 2963 2960 se
2989 2897 3247 2976 suscepit
3276 2916 3431 2957 onus
3460 2895 3829 2976 adimplendi
3857 2905 3958 2956 ce-'

2405 2990 2800 3056 lebrationem
2831 2991 3046 3052 Missae
3074 2990 3499 3070 quotidianae,
3533 2991 3608 3052 de
3654 3009 3778 3069 qua
3825 2998 3958 3050 tan-

2409 3084 2718 3146 tummodo
2740 3104 2902 3146 nunc
2921 3084 3121 3166 agitur
3143 3103 3254 3165 pro
3273 3083 3478 3145 anima
3499 3081 3956 3156 Florisdelisae3

2407 3199 2668 3260 cumque
2689 3179 2970 3262 Aloysius
2991 3180 3366 3261 Barbadigus
3394 3199 3633 3241 causam
3663 3179 3893 3241 habens
3920 3196 3959 3240 a

2408 3273 2755 3354 Delphinis,
2792 3275 2935 3336 huic
2960 3274 3125 3336 Sacr.
3159 3275 3617 3357 Congregationi
3655 3272 3962 3354 supplica-

2405 3368 2563 3429 ⁴verit
2586 3388 2697 3448 pro
2716 3368 3064 3430 reductione
3083 3369 3284 3430 oneris
3305 3370 3523 3433 Missae
3543 3367 3957 3450 quotidianae,

2409 3481 2484 3523 ex
2514 3481 2638 3542 quo
2666 3463 2965 3524 sexdecim
2992 3464 3194 3525 ducati
3218 3483 3256 3526 a
3277 3465 3582 3525 Testatore
3602 3459 3829 3533 relicti,
3853 3459 3966 3521 ho-

2411 3557 2507 3618 die
2535 3577 2657 3619 non
2684 3566 2825 3620 sunt
2852 3557 3245 3632 sufficientes,
3275 3557 3561 3637 scriptum
3586 3555 3703 3616 fuit
3728 3572 3840 3635 pro
3863 3553 3960 3613 in-

2409 3648 2804 3725 formatione,
2842 3662 2901 3715 et
2937 3663 3076 3715 voto
3116 3652 3500 3714 Patriarcbae
3526 3648 3960 3721 venetiarum,

2409 3746 2516 3826 qui
2543 3747 2762 3821 sensit,
2794 3766 2920 3809 esse
2946 3746 3144 3808 locum
3174 3744 3531 3808 reductioni.
3579 3772 3582 3777 ·
3625 3774 3626 3795 2

2531 3841 2590 3902 Si
2623 3842 2697 3904 de
2739 3842 3086 3904 reductione
3129 3841 3427 3923 agendum
3466 3845 3555 3900 est
3583 3838 3660 3900 ad
3689 3836 3966 3899 tramit-

2411 3934 2757 3997 ordinariae
2779 3935 2985 4016 praxis
3007 3934 3189 4015 hujus
3204 3933 3424 3996 Sacrae
3440 3929 3956 4013 Congregationis,

2413 4050 2534 4090 non
2564 4029 3028 4109 videtur,·quod
3055 4028 3246 4090 eidem
3274 4046 3399 4089 esse
3418 4026 3617 4089 valeat
3637 4026 3835 4098 locuS,
3857 4023 3961 4086 sed

2412 4126 2574 4206 quod
2618 4126 2697 4185 ab
2729 4124 3089 4186 haeredibus
3127 4121 3528 4202 supplendum
3557 4122 3636 4183 sit
3670 4121 3763 4194 id,
3797 4118 3959 4200 quod

2393 4218 2749 4299 requiritur
2788 4238 2900 4298 pro
2940 4218 3298 4278 celebranda
3343 4217 3524 4278 Missa
3567 4215 3959 4297 quotidiana3

2412 4314 2682 4373 Testator
2732 4311 2894 4371 enim
2943 4310 3204 4390 incoepit
3245 4310 3325 4370 ab
3370 4324 3592 4382 onere,
3645 4316 3707 4370 et
3744 4307 3963 4369 deinde

2415 4405 2691 4465 meminit
2721 4404 3166 4485 eleemosynae:
3197 4403 3336 4463 Item
3363 4405 3544 4481 voqlio
3580 4405 3668 4462 sia
3695 4402 3965 4462 celebrato

2412 4502 2543 4577 oym'
2578 4520 2729 4561 anno
2761 4520 2880 4560 una
2909 4498 3102 4560 Messa
3126 4500 3283 4559 mlta
3318 4499 3470 4558 dena
3505 4495 3706 4558 chiesa
3734 4497 3797 4555 di
3834 4494 3964 4556 Sao

2417 4592 2714 4653 Caneziano
2742 4614 2841 4673 per
2885 4595 3128 4654 l'anima
3168 4593 3320 4653 della
3350 4593 3502 4653 detta
3529 4591 3832 4651 Fiordelisc
3861 4609 3964 4670 per

2413 4708 2494 4746 un
2517 4687 2822 4750 Sacerdote
2854 4689 2932 4748 da
2952 4700 3095 4747 οων
3134 4689 3296 4751 otono
3317 4705 3423 4768 ρον
3449 4688 3496 4745 li
3525 4686 3656 4744 mici
3683 4683 3961 4744 Commis-

2373 4842 2374 4845 ,
2414 4783 2567 4860 sanj,
2599 4783 2764 4860 quale
2790 4783 2918 4843 abbi
2961 4784 3251 4861 oqn'anno
3289 4781 3484 4842 ducati
3530 4784 3624 4839 16.
3671 4778 3821 4840 etin
3848 4775 3964 4840 hac

2414 4877 2595 4938 Sacra
2622 4876 3127 4958 congregatione,
3159 4876 3477 4956 reprobata
3505 4872 3799 4935 sententia
3822 4873 3970 4933 Boe-v

2416 4972 2493 5032 rii
2528 4974 2590 5031 in
2630 4992 2755 5051 cap.
2786 4990 2953 5051 super
2998 4973 3204 5031 litteris
3246 4971 3311 5029 dc
3339 4970 3660 5048 rescriptis,
3690 4963 3966 5047 negantis

2415 5067 2736 5129 haeredem
2770 5085 2936 5146 posse
2963 5065 3092 5147 cogi
3140 5065 3217 5128 ad
3251 5062 3686 5143 supplendum,
3719 5061 3976 5140 qnando*

2415 5164 2684 5223 Testator
2702 5161 2992 5240 expressit
3008 5159 3406 5241 quantitatem
3424 5156 3836 5236 eleemosynae
3854 5173 3967 5233 pro

2418 5256 2616 5318 Missis
2634 5254 3008 5317 celebrandis
3024 5300 3041 5327 ,
3065 5253 3327 5315 invaluit
3351 5250 3557 5331 opinio
3579 5249 3774 5310 Felini
3800 5252 3866 5309 in
3884 5268 3972 5309 co-

2417 5353 2540 5412 dem
2578 5370 2704 5430 cap.
2747 5370 2917 5431 snper
2958 5350 3162 5409 littoris
3193 5349 3258 5408 dc
3298 5347 3616 5425 rescriptis,
3649 5344 3756 5424 qui
3784 5343 3964 5414 dicit,

760 5442 984 5504 cerdati
1012 5441 1337 5506 celebranti
1364 5445 1743 5507 solverentur
1768 5445 1970 5509 ducati
1997 5450 2094 5507 16.
2122 5444 2306 5508 aliam
2357 5446 2371 5525 1
2416 5463 2542 5506 esse
2600 5444 2797 5506 locum
2847 5443 3304 5524 supplementa,
3361 5438 3607 5520 qnando
3659 5437 3972 5519 quantitas
