4393 6299
901 485 1012 542 m
1038 514 1050 519 ,.

724 640 803 705 ad
829 638 1176 719 ”sectiomn
1205 634 1544 699 morum
1565 679 1582 705 ,
1604 647 1987 712 expensarum
2012 676 2029 699 ,
2056 639 2108 689 et
2128 629 2275 689 inte·

722 746 867 797 resse
883 732 1142 815 praelato
1168 729 1498 810 Praeposito
1524 728 1589 787 in
1614 744 1752 787 casn
1776 732 1884 785 etc.

832 926 986 978 Sacra
1007 923 1202 991 Congr.
1231 918 1323 974 die
1346 919 1397 973 ἢ.
1422 915 1731 972 Decembris
1761 912 1917 967 172³.
1948 910 2253 980 respondit:

907 1011 1103 1064 Dilata
1118 1048 1137 1076 ,
1166 1019 1220 1061 et
1242 1017 1561 1073 expectetur
1582 1022 1751 1057 novus
1776 999 2083 1070 Episcopus·
2100 1036 2115 1063 ,
2153 1017 2279 1052 con·

723 1118 873 1154 cessa
897 1097 1113 1150 interim
1142 1094 1490 1149 relaxatione
1510 1089 1897 1157 suspensionis,
1924 1101 1977 1142 et
2003 1086 2279 1154 dispensa·

723 1188 873 1242 tione
898 1186 966 1238 ab
993 1183 1401 1256 irregularitate
1427 1181 1504 1234 ad
1523 1181 1805 1234 cautelam
1842 1195 2009 1246 usque
2046 1175 2125 1229 ad
2158 1175 2278 1228 exi·

727 1287 843 1331 tum
873 1277 1108 1331 Causae.
1166 1284 1171 1285 ’

1107 1503 1497 1603 ,ουΕετιο
1538 1501 1871 1591 cchxn.

848 1725 923 1805 ιη
964 1741 1159 1806 caum
1193 1737 1433 1802 oraine
1461 1735 1531 1798 s,
1576 1720 1901 1810 araneae,
1942 1734 2031 1795 aco
2059 1722 2158 1794 20.

1246 1831 1574 1897 Novembris
1605 1835 1778 1892 1723.

735 1996 913 2117 Post
932 2052 1280 2114 Institutum
1299 2068 1335 2111 a
1352 2047 1415 2109 S.
1449 2045 1767 2111 Francisco
1787 2062 1964 2106 suum
1986 2038 2280 2104 Ordinem

738 2146 1094 2230 negatarum
1116 2190 1134 2217 ‚
1162 2162 1298 2206 cum
1325 2141 1527 2224 plures
1549 2140 1846 2202 Personae
1865 2137 2278 2199 desiderarent

736 2241 793 2305 ei
825 2259 1040 2304 nomen
1069 2240 1247 2309 dare,
1283 2236 1469 2317 idque
1510 2240 1665 2297 esset
1714 2230 2124 2313 impossibile,
2182 2228 2279 2291 vel

735 2335 947 2400 saltem
978 2333 1301 2395 admodum
1324 2328 1566 2392 difficile
1588 2373 1606 2400 ,
1635 2345 1713 2389 ex
1740 2344 1864 2407 quo
1893 2344 2005 2387 nec
2032 2324 2281 2389 domum

738 2438 941 2511 aptam
967 2473 986 2503 ,
1010 2444 1118 2489 nec
1143 2425 1466 2490 Ecclesiam
1494 2422 1756 2484 habebat
1781 2466 1799 2492 ,
1845 2419 2094 2481 fuerunt
2122 2437 2157 2479 a
2186 2416 2281 2478 di-

738 2533 835 2587 cto
855 2525 1071 2585 Sancto
1093 2519 1407 2583 exhibitae
1422 2535 1623 2598 preces
1649 2515 1870 2578 Abbati
1898 2510 2199 2576 Benedicti
2208 2528 2286 2572 no

738 2617 964 2681 Montis
1009 2614 1246 2678 Subasii
1277 2658 1295 2686 ‚
1322 2612 1429 2693 qui
1480 2610 1673 2673 eidem
1714 2607 2001 2671 concessit
2033 2618 2282 2687 parvam

737 2709 1065 2775 Ecclesiam
1091 2710 1307 2787 Beatae
1330 2703 1602 2786 Virginis
1631 2700 2000 2783 Angelorum
2043 2700 2111 2759 de
2135 2697 2284 2758 Por-

742 2805 1005 2867 tinncnla
1049 2799 1409 2881 appellatam
1433 2841 1451 2869 ‚
1503 2795 1591 2857 uti
1639 2794 1896 2855 babetur
1949 2792 2012 2854 in
2064 2790 2283 2855 celebri

738 2918 954 2981 opere,
980 2894 1077 2958 cui
1103 2893 1344 2956 titulum
1369 2890 1674 2970 Speculum
1710 2888 1869 2948 Vitae
1893 2886 1978 2948 S.»
1995 2884 2289 2955 Francisci

739 3011 866 3072 cap.
901 2990 999 3051 55.
1026 2988 1138 3050 ibi:
1165 2988 1275 3065 suit
1302 3004 1431 3064 erqo
1457 2984 1537 3043 act
1564 2982 1907 3061 Episcopum
1935 2980 2162 3052 Annii,
2186 2980 2285 3040 cui

742 3086 899 3156 dixit
923 3083 1271 3165 Episcopus:
1303 3077 1532 3139 Fratres
1549 3124 1566 3147 ,
1598 3075 1823 3137 nullam
1845 3074 2159 3136 Ecclesiam
2182 3074 2288 3134 lta-

746 3181 1075 3257 beo,qnam
1100 3174 1495 3237 cauamwbis
1540 3172 1707 3241 dare,
1737 3180 1789 3231 et
1830 3170 1976 3230 wem
2013 3167 2292 3230 Canonici

737 3272 1144 3354 responderunt
1165 3287 1186 3328 .·
1220 3277 1355 3328 tunc
1397 3266 1503 3325 ivit
1533 3265 1611 3327 ad
1630 3259 1899 3324 Abbatem
1929 3253 2136 3323 Sancti
2176 3260 2290 3321 Be-

743 3368 954 3441 nedicti
992 3366 1060 3425 de
1088 3361 1286 3426 Monte
1319 3358 1568 3422 Subasio
1590 3402 1608 3419 .
1662 3357 1847 3417 Abbas
1889 3375 2011 3416 cero
2038 3401 2056 3426 ,
2101 3355 2293 3416 habito

744 3460 977 3521 consilio
996 3477 1127 3518 cnm
1147 3455 1471 3522 Menochia,
1491 3461 1753 3532 operante
1772 3451 1986 3530 qratia,
2010 3457 2063 3509 et
2087 3450 2290 3509 volun·

749 3563 863 3615 tate
894 3553 1091 3622 divina
1112 3594 1129 3623 ,
1170 3547 1430 3609 masec
1470 3545 1648 3604 Beato
1681 3542 1978 3606 Francisco
2008 3590 2023 3612 ,
2067 3553 2119 3603 et
2145 3540 2292 3602 Fra-

749 3649 930 3710 tribus
950 3645 1066 3705 sais
1099 3643 1407 3703 Ecclesiam
1433 3639 1501 3699 S.
1538 3638 1770 3700 Mariae
1793 3639 1857 3697 de
1879 3634 2281 3696 Fortiancula.

866 3736 1173 3818 Anquisita
1199 3754 1234 3796 a
1267 3733 1483 3794 Sancto
1508 3728 1823 3794 Francisco
1851 3726 2152 3807 praedicta·
2177 3727 2292 3789 Ec-

747 3831 949 3902 clesia,
973 3830 1132 3891 idem
1164 3828 1416 3888 Sanctus
1448 3822 1791 3885 humillime
1813 3840 1847 3883 a
1878 3822 2002 3882 Deo
2028 3815 2292 3901 postula·

747 3925 838 3989 vit
861 3922 1191 4006 plenariam
1217 3916 1660 4002 Indulgentiam
1691 3935 1800 3996 pro
1823 3913 1946 3975 illis
1969 3958 1986 3987 ,
2016 3913 2124 3994 qui
2147 3932 2290 3975 suoe

749 4039 887 4082 rum
918 4024 1387 4098 peccator-umes
1418 4009 1597 4072 corde
1625 4009 2016 4089 poenitentes,
2049 4007 2294 4087 praevia

749 4111 1118 4175 confessione
1140 4102 1589 4175 sacramentali,
1613 4121 1744 4164 eam
1776 4100 2145 4174 visitassent,
2167 4109 2225 4162 et
2256 4119 2294 4163 a

747 4208 876 4270 Deo
904 4204 1151 4266 fuerunt
1182 4200 1274 4262 sui
1323 4197 1493 4261 Servi
1530 4189 1750 4278 'preces
1795 4194 2153 4268 exauditae,
2209 4194 2297 4257 ita

753 4309 976 4372 tamen,
1007 4306 1076 4359 ut
1103 4291 1550 4376 Indulgentiam
1570 4287 1900 4371 postularet
1917 4287 1997 4349 ab
2021 4286 2296 4349 Honorio

749 4392 956 4473 'nertio
980 4392 1228 4453 Summo
1255 4384 1544 4448 Pontifice
1569 4429 1584 4453 ,
1617 4382 1724 4463 qui
1757 4399 1918 4442 anno
1950 4384 2125 4441 1223.
2159 4399 2296 4459 per·

748 4493 992 4569 petuam
1027 4480 1316 4545 concessit
1344 4475 1786 4559 indulgentiam
1812 4472 1937 4535 illis
1959 4517 1978 4545 ,
2006 4473 2115 4553 qui
2167 4483 2299 4553 post

752 4578 1196 4644 contessionem
1219 4571 1721 4636 Sacramentalem
1750 4586 1997 4648 parvam
2022 4585 2152 4629 eam
2183 4567 2297 4629 Ec-

752 4673 994 4738 clesiam
1017 4670 1354 4736 visitassent
1373 4687 1409 4729 a
1429 4662 1710 4745 vesperis
1732 4661 1913 4744 primi
1936 4660 2054 4723 diei
2080 4659 2299 4722 mensis

752 4766 1007 4850 Augusti
1038 4783 1230 4844 usque
1254 4762 1329 4824 ad
1351 4760 1646 4839 vesperes
1681 4754 1797 4820 diei
1835 4752 2176 4835 sequentis,
2209 4754 2301 4815 uti

753 4863 977 4945 legitur
1000 4860 1064 4921 in
1084 4855 1358 4920 aecundis
1382 4849 1766 4915 Lectionibus
1785 4846 2079 4911 Breviarii
2103 4846 2298 4908 Fran-

756 4953 974 5018 ciscaai
1009 4969 1119 5031 pro
1143 4949 1241 5011 die
1265 4952 1325 5008 2.
1359 4942 1610 5027 Augusti
1636 4990 1652 5013 ,
1691 4940 1801 5003 ibi:
1835 4939 2085 5002 Tandem
2126 4940 2298 5000 intel·

758 5052 933 5130 liqe‘ns
978 5044 1247 5121 Pontifex
1299 5041 1553 5102 divium
1592 5038 1936 5096 volantatem
1965 5079 1986 5108 ‚
2042 5034 2304 5095 concessit

757 5164 880 5205 eam
897 5141 975 5200 B.
994 5137 1305 5200 -Francisco
1326 5133 1649 5213 plenarian·
1673 5128 1897 5209 quidem
1918 5171 1936 5198 ,
1959 5137 2010 5187 et
2045 5128 2301 5199 liberam,

758 5258 826 5300 ac
849 5244 1175 5319 perpetuam
1202 5278 1217 5299 ,
1241 5230 1334 5290 sed
1361 5228 1533 5287 anias
1554 5225 1861 5285 dumtaxat
1884 5222 1999 5282 diei
2014 5221 2304 5304 naturalis

758 5332 1154 5408 cujuscumque
1190 5322 1374 5394 anni,
1408 5320 1506 5379 hoc
1535 5328 1613 5377 est
1650 5336 1688 5378 a
1723 5314 1971 5396 Vesper-is
2012 5312 2307 5392 Kalenda—

759 5443 894 5486 rum
935 5420 1180 5501 Augusti
1208 5434 1383 5496 usque
1410 5412 1488 5476 ad
1535 5409 1797 5492 Vespera-s
1837 5409 2127 5496 sequentis
2155 5406 2306 5480 diei,

1924 476 2368 546 omasi-*tonas
2405 476 2761 537 csnomca

2384 632 2488 709 qui
2513 640 2591 690 est
2611 628 3037 691 anniversarius
3053 627 3168 690 dies
3192 624 3642 691 Consecrats‘onis
3659 632 3933 713 eumedi-

2386 735 2508 784 ctae
2549 722 2835 785 Ecclesiae
2853 764 2870 782 .
3285 744 3290 749 ·
3808 772 3814 783 .
3909 746 3912 749 ·

2502 819 2701 897 Atque
2726 815 3014 878 latissime
3044 816 3471 897 comprobetur
3494 836 3572 880 ex
3593 819 3937 893 testimonio

2386 910 2545 972 Petri
2576 908 2850 972 Calfanni
2869 909 3018 991 ,qui
3045 910 3331 971 Sanctum
3353 909 3744 974 franciscum
3763 934 3936 994 prae-

2385 1006 2680 1068 dicantem
2707 1004 2983 1076 audivit,
3007 1014 3068 1067 et
3093 1004 3312 1067 dictam
3343 1005 3790 1086 Indulgentiam
3817 1029 3933 1089 pu·-

2386 1099 2706 1161 blicantem
2734 1144 2751 1172 ,
2781 1107 2840 1160 et
2866 1098 3126 1160 duorum
3161 1097 3419 1161 aliorum
3458 1100 3918 1182 Religiosorum‚

2386 1193 2689 1256 Benedicti
2721 1192 3031 1265 videlicet,
3068 1194 3422 1256 etRainerii
3442 1195 3517 1256 de
3544 1197 3750 1259 Aretio
3772 1245 3789 1269 ,
3825 1198 3936 1280 qui

2386 1286 2727 1349 retulerunt
2747 1306 2909 1349 anno
2933 1291 3107 1348 1277.
3130 1307 3193 1350 se
3210 1308 3335 1350 rem
3357 1297 3542 1351 totam
3565 1290 3933 1355 intellexisse

2388 1401 2423 1443 a
2458 1383 2631 1443 Patre
2657 1380 2961 1443 Mattbaeo
3004 1381 3078 1443 de
3128 1381 3485 1463 Marigna‘no
3514 1384 3689 1448 Socio
3725 1386 3924 1450 Sancti

2389 1474 2727 1549 Francisci;
2756 1493 2914 1555 quae
2938 1476 3143 1538 omnia
3170 1477 3554 1541 eontinentur
3589 1479 3654 1541 in
3683 1480 3937 1563 antiqno

2394 1575 2783 1631 monumento
2810 1567 3217 1631 Bibliothecae
3259 1571 3643 1635 colbertinae
3684 1574 3849 1636 edito
3896 1594 3935 1637 a

2373 1662 2679 1742 ‚Stephano
2713 1660 2956 1723 Balatio
2976 1664 3041 1722 in
3069 1663 3318 1726 Miscell.
3361 1667 3461 1727 lib.
3509 1670 3568 1728 4.
3598 1685 3734 1748 paq.
3788 1672 3938 1731 491.

2391 1763 2448 1817 et
2470 1754 2833 1819 concordant
2851 1753 3058 1817 Sancti
3069 1755 3468 1820 Bernardinas
3488 1759 3752 1822 Senemis
3765 1781 3936 1823 serm.

2393 1855 2450 1910 9.
2489 1850 2555 1910 ds
2579 1850 2740 1910 cultu
2767 1848 3171 1912 Sanctissimae
3207 1851 3513 1914 Trinitatis
3539 1857 3605 1914 in
3629 1853 3937 1919 Densinica

2393 1941 2872 2020 Quadrayesimae
2897 1953 3013 2005 art.
3060 1949 3118 2006 3.
3147 1964 3294 2024 ¹cap.
3337 1949 3406 2006 ¹1.
3432 1956 3484 2007 et
3509 1947 3836 2011 Antoninus
3878 1954 3939 2011 3.

2388 2046 2545 2117 part.
2578 2037 2716 2098 bist.
2756 2038 2849 2098 tit.
2880 2040 2981 2098 24.
3014 2057 3139 2119 cap.
3167 2043 3233 2099 7.
3267 2038 3335 2121 §-
3371 2043 3431 2101 4.
3461 2059 3598 2103 cum
3633 2040 3771 2104 aliis
3798 2062 3940 2123 pro·

2391 2130 2549 2192 batis
2570 2129 2924 2202 Histoi-icis,
2941 2150 3095 2211 quos
3116 2132 3292 2213 plena
3323 2152 3508 2196 manu
3535 2135 3841 2199 cumulavi
3868 2136 3935 2200 in

2392 2223 2665 2285 discursu
2709 2244 2745 2285 a
2796 2244 2893 2286 me
2928 2224 3217 2305 impresso
3260 2227 3524 2307 primum
3576 2231 3843 2304 Romae.
3879 2238 3942 2294 et

2392 2317 2608 2379 deinde
2639 2316 2916 2400 Fulginei
2940 2363 2959 2391 ,
2998 2326 3070 2381 et=
3095 2316 3478 2400 ‘postmodum
3506 2323 3775 2387 Venetiis
3829 2344 3943 2387 an-

2394 2432 2478 2474 no
2506 2417 2679 2474 1720.

2508 2507 2729 2568 Tractu
2758 2506 3045 2587 temporis
3074 2506 3169 2588 pia
3200 2509 3496 2589 quaedam
3532 2510 3791 2575 invaluit
3813 2513 3940 2592 opi·

2393 2598 2495 2661 nio
2516 2645 2532 2673 ‚
2556 2600 2718 2681 quod
2749 2600 3049 2680 praedicta
3068 2601 3461 2685 *Indulgentia
3493 2624 3612 2666 non
3662 2615 3814 2669 esset
3843 2626 3941 2669 re·

2392 2694 2595 2757 stricta
2624 2694 2699 2757 ad
2738 2714 2924 2757 unam
2952 2695 3111 2757 diem
3141 2694 3477 2759 naturalem
3508 2701 3942 2782 cujuscumque

2392 2789 2562 2859 anniz
2585 2807 2622 2852 a
2647 2788 2927 2869 Vesperis
2954 2789 3229 2852 videlicet
3249 2790 3664 2855 Kalendarum
3687 2795 3942 2877 Augusti

2394 2883 2471 2944 ad
2495 2883 2790 2962 vesperas
2809 2883 3115 2963 sequentis
3141 2883 3286 2957 diei;
3306 2905 3383 2946 ex
3402 2886 3751 2949 authentico
3767 2889 3944 2969 quip-

2398 2996 2470 3056 pe
2491 2976 2829 3038 testimonio
2856 2976 3067 3041 Μυσοί
3099 2977 3273 3039 Bardi
3299 2978 3576 3060 Episcopi
3595 2980 3823 3045 ,Closini
3847 2981 3947 3045 de-

2397 3071 2778 3141 sumebatur,
2807 3071 3122 3141 Summum
3158 3072 3504 3135 Pontificem
3544 3073 3808 3137 Paulum
3828 3076 3945 3140 Pa-

2399 3183 2535 3244 pam
2556 3164 2829 3225 Tertium
2866 3180 3027 3226 anno
3063 3169 3237 3234 1544.
3264 3167 3411 3229 dum
3439 3166 3505 3230 in
3531 3166 3789 3232 Civitate
3822 3171 3933 3233 Pe·

2401 3258 2604 3320 rusina
2622 3259 3110 3321 commorabatur
3132 3305 3153 3334 ‚
3181 3260 3512 3324 declarasse
3529 3308 3547 3335 ‚
3578 3263 3742 3344 quod
3763 3262 3946 3327 Chri·

2398 3350 2682 3413 stitideles
2706 3350 3051 3433 Cappellam
3081 3353 3506 3417 portiunculae
3539 3354 3942 3438 ingredientes

2399 3444 2670 3526 qnalibet
2690 3445 2789 3507 die
2811 3446 3252 3529 Indulgentiam
3280 3450 3825 3531 consequebantur,
3854 3450 3948 3514 uti

2399 3538 2920 3618 consequebantur
2960 3538 3250 3606 Kaleridi‘s
3297 3541 3552 3624 Augusti
3578 3587 3596 3616 ,
3654 3543 3949 3623 quemad·-

2403 3630 2645 3691 modum
2669 3629 2842 3710 plene
2860 3631 3120 3694 habetur
3137 3632 3202 3694 in
3218 3653 3400 3712 opere
3416 3634 3653 3698 Octavii
3672 3636 3952 3719 Episcopi

2400 3721 2746 3784 Assisiensis
2768 3767 2786 3795 ‚
2829 3722 2925 3784 cui
2955 3722 3207 3786 titulus:
3237 3723 3410 3787 Lami
3448 3725 3693 3810 Ser-afim·
3714 3730 3776 3789 di
3797 3729 3949 3792 Por·-

2399 3817 2697 3878 ziuncula:
2719 3816 3003 3897 quocirca
3022 3818 3291 3899 apposita
3321 3819 3438 3882 fuit
3462 3840 3645 3901 super
3665 3822 3956 3905 Cappella

2398 3929 2654 3991 sequens
2681 3910 3020 3991 inscriptio:
3046 3912 3295 3993 Anqusti
3333 3915 3423 3975 hic
3461 3918 3803 3979 vertiamdat
3847 3920 3957 3979 tibi

2398 4024 2650 4085 quaeqae
2678 4006 2816 4067 dies.
2849 4010 2927 4068 At
2951 4006 3224 4068 instituta
3271 4007 3508 4070 formali
3537 4010 3952 4091 disputatione

2400 4097 2466 4158 in
2509 4096 2982 4179 congregatione
3019 4099 3440 4164 Sanctissimae
3485 4103 3907 4184 Inquisitionis
3931 4151 3953 4180 ,

2400 4207 2479 4252 an
2502 4209 2679 4271 saepe
2700 4202 3025 4255 memorata
3044 4193 3430 4276 Indulgentia
3454 4206 3605 4260 emet
3622 4216 3832 4261 revera
3864 4193 3961 4262 re*

2400 4282 2605 4346 stricta
2631 4285 2708 4346 ad
2730 4285 2889 4347 diem
2910 4305 3094 4366 snpra
3116 4286 3366 4350 relatam
3386 4333 3403 4361 ‚
3433 4289 3524 4352 vel
3555 4299 3708 4353 esset
3753 4293 3959 4373 potius

2401 4378 2759 4460 quotidiana
2781 4424 2798 4452 ‚
2843 4381 2933 4444 die
2971 4385 3028 4442 3.
3066 4380 3320 4443 Octobris
3346 4387 3705 4447 annalem.
3734 4387 3821 4447 sic
3859 4407 3960 4450 re·

2400 4488 2686 4551 sponsum
2725 4472 2861 4545 fuit:
2889 4474 3043 4552 facta
3073 4477 3344 4558 relatione
3370 4496 3472 4556 per
3499 4476 3733 4540 Patrem
3753 4479 3958 4560 Μαρί-

2401 4573 2586 4626 strum
2618 4563 3046 4628 Bernardinam
3094 4566 3333 4630 Ordinis
3379 4569 3848 4644 Praedicator-um
3891 4573 3959 4636 de

2394 4657 2626 4735 juribus
2672 4659 2805 4722 binc
2854 4661 2985 4721 inde
3013 4663 3274 4736 'deductis
3318 4683 3356 4725 a
3396 4663 3668 4726 Patribus
3716 4664 3958 4732 Ordinis

2405 4749 2708 4812 Minorem
2734 4751 3232 4827 conventualium,
3257 4766 3309 4817 et
3336 4756 3640 4830 Mineruam
3662 4760 3728 4821 de
3751 4759 3957 4823 Obser-

2404 4846 2605 4907 vantia
2655 4849 2980 4927 respective,
3030 4868 3199 4929 super
3250 4860 3546 4931 praetensa
3588 4852 3958 4934 Indulqentia

2405 4949 2697 5018 perpetua,
2716 4949 2768 4999 et
2786 4943 3121 5019 quotidiana
3141 4953 3415 5022 tanquam
3431 4964 3684 5009 concessa
3703 4966 3743 5009 a
3766 4948 3960 5010 Paulo

2411 5030 2598 5104 Tertio
2621 5032 2906 5095 Ecclesiae
2927 5033 3174 5098 Sanctae
3192 5036 3427 5099 Mariae
3445 5039 3790 5120 Anqelorum
3808 5040 3961 5103 Fra-

2411 5132 2566 5186 trum
2601 5122 2841 5187 Ordinis
2870 5126 3172 5189 Minor-um
3214 5130 3280 5190 de
3335 5127 3741 5204 Obseruantia,
3794 5133 3967 5196 Enni-

2409 5220 2725 5280 nentissimi
2743 5219 2977 5281 Domini
2999 5224 3303 5303 praedictis
3312 5224 3547 5302 juribus
3567 5227 3702 5286 visis
3720 5270 3739 5299 ,
3765 5238 3817 5288 et
3843 5247 3958 5290 aa·

2413 5313 2548 5373 ditis
2571 5357 2588 5386 ,
2614 5315 2910 5385 dixerunt,
2945 5335 3019 5376 ex
3046 5317 3308 5390 munus
3328 5319 3577 5380 deductis
3600 5340 3712 5380 non
3738 5332 3964 5384 comta-

2416 5425 2477 5468 re
2509 5408 2573 5467 cle
2599 5408 2751 5469 dicta
2785 5407 3154 5490 Indulqentia
3184 5413 3522 5491 quotidiana
3560 5426 3832 5497 perpetua
3853 5463 3875 5489 ‚
3898 5428 3961 5481 st
