4393 6299
1418 544 1570 611 QUAE
1607 543 1680 599 IN
1718 546 1919 599 ToTo
1955 547 2167 600 OPERE
2205 549 2724 604 CONTlNEflTUR.

483 704 692 772 Quaen.
720 700 876 755 ccu.
906 704 971 753 In
1024 715 1191 751 causa
1254 699 1548 752 Viennensi
1594 700 1888 755 Nullitatis

594 789 986 858 professionis,
1016 788 1104 840 die
1127 788 1217 841 23.
1246 789 1517 846 Januarii
1543 789 1698 841 1721.

478 879 691 947 Quaen.
718 877 913 930 cem.
968 880 1034 929 In
1089 894 1257 928 causa
1318 876 1737 943 caputaquensi,
1764 893 1880 928 ·seu

588 968 962 1034 Neapolitana
998 964 1408 1029 ordinacionis,
1437 964 1527 1015 die
1550 965 1636 1017 23.
1665 968 1882 1018 lanua-

581 1057 657 1108 rii
684 1055 838 1108 1721.
1917 1054 2026 1107 200

472 1145 681 1213 Quaest.
710 1143 886 1197 GCW.
920 1144 983 1193 In
1012 1159 1178 1193 causa
1208 1140 1567 1209 Hydruntina
1595 1143 1881 1194 Matrimo-

582 1230 683 1296 nii,
713 1229 802 1281 die
824 1230 912 1281 28.
943 1230 1217 1282 Ianuarii
1244 1231 1397 1280 1721.

475 1319 683 1385 Quaest.
713 1317 864 1370 CCV.
921 1320 987 1370 In
1020 1334 1185 1368 causa
1213 1316 1442 1369 Nullius
1461 1356 1479 1382 ,
1503 1334 1596 1368 seu
1621 1314 1887 1382 Farfinsi

584 1405 975 1472 Beaptationis
1000 1406 1320 1470 Ecclesiae,
1373 1403 1461 1456 die
1486 1406 1537 1457 8.
1590 1403 1885 1457 Februarii

1918 1231 2024 1282 207

579 1494 734 1547 1721.
1915 1493 2024 1545 208

468 1585 680 1651 Quaen.
702 1582 881 1637 CCVI.
910 1587 974 1635 In
997 1600 1162 1633 causa
1192 1584 1465 1645 Romana,
1484 1598 1579 1633 seu
1602 1581 1884 1634 Januensi

575 1671 788 1741 Legati,
801 1671 889 1722 die
915 1672 967 1723 8.
994 1669 1295 1724 Februarii
1321 1671 1475 1722 1721.

465 1761 673 1827 Quaest.
706 1760 911 1812 ccvn.
946 1762 1008 1810 ln
1032 1775 1199 1810 causa
1226 1758 1569 1812 Ariminensi
1591 1757 1878 1810 Matrimo-

577 1847 677 1911 nii,
714 1847 802 1898 die
828 1848 881 1898 8.
912 1846 1113 1898 Martii
1138 1846 1293 1898 1721.

469 1935 678 2003 Quaen.
705 1936 935 1988 ccvm.
965 1939 1031 1987 In
1056 1952 1224 1986 causa
1249 1933 1653 2002 Fulginatensi,
1674 1932 1762 1985 die
1785 1930 1871 1984 31.

576 2022 725 2092 Maji
746 2022 902 2074 1721.

471 2109 681 2178 Quaest.
710 2109 887 2163 CCIX.
918 2113 979 2161 In
1008 2127 1173 2162 causa
1201 2111 1457 2161 Romana
1482 2107 1878 2177 Expeditionis

573 2199 910 2252 Litterarum
940 2198 1386 2268 Apostolicarum
1403 2237 1423 2263 ,
1478 2197 1567 2249 die
1614 2199 1699 2248 31.
1728 2196 1880 2265 Haji

1916 1669 2022 1721 269

1912 1843 2020 1896 270

1910 2019 2016 2073 271

572 2286 736 2336 1721.
1904 2283 2011 2336 272

470 2374 676 2442 Quaeso.
705 2372 853 2426 CCX.
885 2376 947 2425 In
976 2389 1142 2425 causa
1166 2372 1469 2426 Ferentino
1495 2370 1869 2436 Matrimonii,

581 2460 672 2512 die
696 2460 782 2511 21.
812 2459 1151 2512 Junii1721.

481 2549 673 2617 Quaest
704 2548 878 2602 ccxl.
916 2551 983 2600 In
1011 2565 1177 2601 causa
1214 2547 1429 2601 Astensi
1459 2544 1874 2615 01]ἳοίὶῖαόνί-

575 2638 728 2704 cerii,
747 2637 835 2688 die
857 2637 948 2689 21.
976 2636 1146 2690 Junii
1170 2637 1330 2689 1721.

468 2727 677 2795 Quaen.
705 2726 907 2778 ccxu.
949 2728 1015 2778 In
1044 2742 1213 2776 causa
1249 2724 1624 2777 Camerinensi
1645 2726 1874 2793 Legato-

575 2830 717 2878 rum,
746 2813 833 2864 die
857 2813 943 2866 21.
974 2813 1146 2867 Junii
1173 2812 1326 2865 1721.

479 2900 686 2968 Quaen.
714 2899 938 2953 ccxm.
966 2904 1032 2953 In
1058 2918 1228 2952 causa
1255 2900 1564 2953 parisiensi
1585 2898 1876 2969 Dispensa-

577 2986 763 3053 tionis,
793 2986 883 3039 die
913 2988 996 3040 12.
1026 2986 1366 3041 Julii1721.

447 3074 654 3143 Quaest.
680 3076 901 3129 CCXIV.
930 3077 996 3126 In
1027 3091 1192 3127 causa
1220 3075 1665 3137 Auximana,seu
1692 3075 1872 3127 Came·

583 3163 792 3217 rinensi
817 3162 1269 3229 Jurisdiotionis,
1312 3163 1401 3215 die
1428 3165 1510 3216 12,
1540 3163 1694 3217 Julii
1719 3163 1872 3215 1721.
1910 3163 2019 3216 270

470 3255 682 3322 Quaest.
733 3249 926 3304 CCXV.
980 3254 1049 3303 In
1100 3269 1268 3304 causa
1294 3253 1551 3303 Romana
1589 3252 1872 3320 cappella·

587 3342 732 3403 niae,
762 3337 851 3389 die
874 3336 927 3391 2.
958 3339 1111 3391 Julii
1136 3339 1290 3390 1721.
1854 3403 1859 3408 Ι

480 3430 689 3497 Quaen.
720 3427 942 3481 CCXVI.
971 3429 1035 3480 ln
1064 3444 1232 3478 causa
1266 3427 1575 3496 Compsana
1602 3428 1872 3495 Aggrega·

575 3514 746 3567 tionis
764 3552 777 3577 ,
807 3514 896 3565 die
925 3513 1006 3565 12.
1032 3513 1188 3566 Julii
1214 3513 1366 3564 1721.

475 3603 682 3670 Quaest.
730 3601 979 3654 CCXVII.
1031 3605 1098 3655 In
1127 3619 1294 3654 causa
1321 3600 1644 3663 Hexicana,
1671 3600 1760 3652 die
1787 3599 1869 3652 12.

577 3688 731 3742 Julii
756 3689 914 3741 1721.

480 3777 688 3843 Quaen.
715 3776 985 3830 ccxvnl.
1016 3778 1080 3828 In
1136 3793 1301 3826 causa
1360 3775 1734 3828 Camerinensi
1768 3777 1873 3828 Re-

584 3864 974 3927 nunciationis,
1006 3862 1093 3914 die
1122 3863 1204 3913 12.
1233 3864 1389 3915 Julii
1415 3863 1568 3914 1721.

482 3953 691 4018 Qua-est.
739 3951 955 4005 CCXIX.
990 3954 1056 4003 In
1083 3967 1250 4002 causa
1279 3948 1626 4014 Pistoriensi,
1653 3961 1706 4001 et
1733 3952 1870 4001 Pra-

577 4038 742 4101 tensi,
769 4037 855 4089 die
880 4038 934 4088 2.
963 4037 1202 4106 Augusti
1227 4038 1359 4089 1721
1370 4076 1383 4090 .

470 4126 682 4194 Quaen.
710 4124 902 4179 CCXX.
941 4129 1007 4178 In
1035 4144 1201 4178 causa
1229 4124 1522 4178 leodiensi
1566 4123 1869 4193 professio-

578 4212 665 4264 nis
691 4210 777 4263 die
802 4213 852 4263 2.
881 4214 1120 4280 Augusti
1145 4213 1299 4264 1721.

474 4301 681 4367 Quaen.
710 4300 927 4354 CCXXI.
960 4304 1025 4352 In
1053 4318 1220 4355 causa
1250 4301 1601 4361 Cremonensi
1621 4300 1868 4353 Erectio·

580 4387 667 4441 nis
697 4388 1047 4455 Collegiatae,
1075 4387 1162 4439 die
1186 4388 1237 4439 2.
1266 4389 1506 4457 Augusti
1530 4390 1687 4440 1721.

475 4475 683 4543 Quaest.
711 4475 951 4531 ccxxu.
1004 4479 1069 4528 In
1099 4494 1265 4529 causa
1293 4474 1681 4530 Ratisbonensi
1712 4476 1866 4530 Vica-

581 4561 716 4624 riac,
747 4560 834 4612 die
859 4561 915 4612 2.
944 4562 1183 4628 Augusti
1208 4563 1362 4614 1721.

474 4651 687 4717 Quaen.
735 4648 1004 4701 ccxxln.
1038 4650 1098 4699 In
1129 4666 1293 4700 causa
1343 4648 1643 4701 Elborensi
1665 4649 1869 4702 Dubio·

580 4754 720 4803 rum,
751 4736 838 4787 die
862 4737 916 4787 2.
944 4736 1184 4803 Augusti
1212 4736 1367 4788 1721.

475 4827 683 4895 Quaen.
713 4824 983 4878 CCXXIV.
1012 4828 1077 4877 In
1107 4842 1271 4877 causa
1304 4825 1548 4887 Cavensi,
1574 4843 1668 4876 seu
1701 4825 1872 4892 Capu·

580 4913 831 4982 taquensi
879 4912 1301 4967 Jurisdictionis
1325 4954 1342 4979 ,
1397 4913 1487 4965 die
1533 4915 1584 4964 2.
1639 4913 1877 4981 Augusti

585 5000 745 5053 1721.

474 5090 684 5157 Quaest.
712 5088 951 5142 CCXXV.
1000 5092 1065 5140 In
1094 5106 1260 5142 causa
1313 5088 1645 5141 Taurinensi
1667 5088 1861 5140 Matri-

1877 2457 2015 2510 ibid.

1908 2635 2015 2688 273

1882 2811 2015 2864 ibid.

1910 2985 2019 3039 274

1910 3338 2017 3390 278

1878 3511 2012 3563 ibid.

1908 3686 2014 3739 279

1907 3863 2014 3914 280

1903 4035 2010 4089 282

1905 4213 2011 4265 288

1906 4388 2012 4440 287

1907 4562 2014 4615 288

1908 4737 2014 4789 290

1908 4998 2013 5051 292

582 5176 774 5237 monii,
803 5175 892 5227 die
918 5176 1004 5228 23.
1031 5176 1269 5243 Augusti
1286 5177 1445 5230 1721.
1905 5178 2013 5231 293

476 5265 685 5332 Quaesk.
712 5263 976 5316 ccxxvl.
1016 5267 1081 5316 In
1111 5282 1277 5315 causa
1306 5265 1713 5318 Ravennatensi
1759 5284 1868 5317 ma-

581 5350 847 5417 trimonii,
879 5349 967 5401 die
990 5351 1081 5401 23.
1109 5352 1349 5419 Augusti
1373 5354 1530 5405 1721.
1908 5354 2015 5407 294

477 5437 684 5504 Quaest.
738 5437 1034 5490 ccxxvn.
1074 5441 1137 5488 Ia
1167 5456 1333 5490 causa
1368 5440 1640 5493 Tlteatina
1675 5441 1867 5493 Matri-

581 5523 778 5588 monii,
810 5523 897 5575 die
922 5524 1012 5577 23.
1045 5525 1284 5594 Augusti
1311 5526 1465 5578 1721.

1918 790 2029 843 205

1910 5529 2014 5582 295
2060 5527 2065 5566 3

3395 549 3503 601 489

2131 708 2340 776 Quaest.
2368 706 2690 760 ccxxvm.
2741 709 2808 758 In
2836 703 3022 756 Dubio
3059 704 3425 768 Visitationis,
3453 704 3541 757 die

2243 794 2328 844 13.
2362 793 2688 861 Septembris
2728 793 2881 845 1721.

2131 882 2341 948 Quaen.
2395 880 2659 934 ccxxlx.
2712 883 2778 932 In
2808 897 2974 930 causa
3029 879 3285 930 Romana
3314 879 3533 947 Legati,

2237 966 2327 1018 die
2356 969 2437 1018 13.
2470 966 2796 1033 Septembris
2824 965 2978 1017 1721.

2135 1057 2342 1123 Quaest.
2373 1056 2610 1109 CCXXX.
2642 1059 2706 1107 In
2736 1072 2903 1106 causa
2935 1053 3251 1116 illeletensi,
3305 1054 3394 1105 die
3451 1055 3534 1105 13.

2241 1142 2564 1215 Septembris
2592 1143 2748 1194 1721.
3575 1141 3682 1193 299

2131 1233 2341 1299 Quaest.
2391 1230 2657 1284 CCXXXI.
2686 1233 2751 1282 In
2781 1247 2946 1282 causa
2972 1228 3248 1281 Fundana
3275 1229 3534 1295 Applica-
3603 1254 3610 1261 ·

2241 1317 2413 1370 tionis
2437 1318 2753 1382 Missurum,
2785 1315 2872 1368 die
2901 1317 2985 1367 13.
3017 1313 3341 1381 Septembris
3370 1316 3525 1367 1721.
3576 1316 3680 1367 300

2134 1408 2341 1475 Quaest.
2373 1406 2664 1459 ccxxxn.
2703 1409 2769 1458 In
2796 1422 2964 1457 causa
2992 1403 3337 1456 Bononiensi
3377 1404 3540 1456 Juris

2236 1494 2526 1557 visitandi,
2555 1493 2644 1546 die
2666 1493 2720 1544 2.
2758 1492 3013 1547 Octobris
3040 1493 3198 1543 1721.

2128 1585 2338 1653 Quaest.
2403 1582 2718 1637 ccxxxlu.
2786 1584 2854 1633 In
2920 1598 3088 1632 causa
3149 1580 3536 1647 Fulginatensi

2237 1673 2559 1733 Prioratus,
2590 1668 2737 1737 quod
2758 1686 2947 1720 curam
2974 1668 3326 1733 Animarum,
3365 1668 3454 1721 die
3477 1671 3528 1719 2.

2243 1760 2497 1814 Octobris
2536 1759 2689 1811 1721.

2123 1847 2335 1914 Quaen.
2362 1845 2677 1899 ccxxxw.
2730 1849 2798 1898 In
2825 1861 2990 1897 causa
3024 1843 3387 1912 Trajectensi,
3440 1843 3530 1895 die

2229 1933 2318 1985 22.
2347 1932 2668 1986 Novembris
2695 1932 2852 1984 1721.

2122 2021 2332 2089 Quaest.
2359 2022 2647 2075 CCXXXV.
2677 2024 2743 2072 In
2771 2038 2938 2073 causa
2971 2018 3292 2083 Bitectensi,
3322 2019 3409 2070 die
3433 2019 3536 2071 22.,

2228 2110 2552 2163 Novembris
2575 2109 2729 2160 1721.

2122 2197 2333 2265 Quaen.
2391 2196 2706 2250 CCXX-XVI.
2759 2198 2824 2248 In
2850 2193 3037 2247 Dubio
3059 2190 3417 2262 professionis
3441 2193 3528 2245 die

2225 2283 2316 2335 22.
2347 2284 2671 2338 Novembris
2699 2283 2859 2336 1721.

2119 2372 2329 2439 Quaest.
2362 2372 2694 2426 ccxxxvn.
2726 2376 2790 2424 In
2821 2371 2995 2424 Causa
3025 2369 3404 2438 Praenestina,
3435 2370 3522 2422 die

2228 2459 2317 2510 22.
2350 2460 2676 2513 Novembris
2703 2460 2858 2512 1721.

2120 2547 2330 2615 Quaest.
2356 2549 2721 2602 ccxxxvul.
2751 2552 2816 2600 In
2849 2549 3023 2600 Causa
3061 2547 3404 2600 Visitationis
3429 2549 3518 2601 Sa·

2233 2654 2450 2688 crorum
2479 2636 2779 2701 liminum,
2794 2635 2882 2687 die
2907 2636 2992 2685 22.
3027 2635 3347 2688 Novembris
3368 2636 3523 2687 1721.
3563 2636 3669 2688 310

3577 792 3686 846 290

3575 966 3684 1018 298

3574 1495 3673 1544 301

3569 1759 3673 1809 302

3566 1933 3671 1984 304

3564 2108 3671 2161 300

3562 2283 3668 2335 307

3562 2460 3666 2511 308

2082 2741 2094 2751 ·
2122 2724 2332 2791 Quaest.
2362 2725 2670 2778 CCXXXlX.
2722 2729 2789 2778 In
2817 2741 2984 2775 causa
3014 2725 3395 2792 [slya-ponens?
3425 2727 3524 2779 Oc·

2228 2811 2514 2878 cidentali,
2552 2811 2642 2864 die
2667 2811 2755 2863 22.
2783 2811 3108 2866 Novembris
3136 2812 3291 2863 1721.
3561 2811 3665 2862 312

2120 2900 2330 2967 Quaen.
2358 2899 2552 2953 CCXL.
2582 2904 2648 2953 In
2681 2902 2859 2952 Causa
2886 2901 3097 2953 Sorana
3123 2898 3433 2965 Nullitatis,
3473 2911 3525 2951 et

2237 2989 2620 3054 censurarum,
2651 2987 2739 3039 die
2763 2989 2850 3039 20.
2882 2985 3202 3041 Decembris
3226 2986 3383 3040 1721.

2120 3077 2332 3145 Quaest.
2360 3077 2578 3130 CCXLI.
2608 3079 2676 3128 In
2705 3093 2876 3129 causa
2899 3073 3257 3141 Florentina,
3308 3074 3397 3128 die
3434 3076 3522 3127 17.

2229 3162 2505 3217 Januarii
2532 3164 2687 3216 1722.

2120 3252 2332 3318 Quaest.
2369 3251 2616 3305 CCXLH.
2660 3255 2723 3303 ln
2767 3269 2932 3304 causa
2969 3249 3384 3316 Meclaliniensi,
3435 3250 3524 3302 die

2230 3338 2315 3390 17.
2347 3338 2626 3391 Januarii
2652 3339 2804 3390 1722.

2118 3427 2334 3494 Quaen.
2360 3427 2627 3480 ccxmu.
2658 3429 2724 3478 In
2752 3444 2917 3477 causa
2960 3426 3361 3494 Caputaquensi
3391 3425 3527 3479 Visi-

2230 3513 2460 3567 tationis
2481 3532 2767 3566 sacrorum
2819 3514 3120 3577 liminum,
3167 3514 3255 3566 die
3301 3515 3385 3566 17.
3420 3517 3525 3567 Ja-

2226 3601 2417 3653 nuarii
2442 3601 2598 3652 1722.

2118 3688 2327 3754 Quaest.
2359 3689 2630 3741 CCXLIV.
2670 3692 2735 3740 In
2764 3706 2928 3740 causa
2958 3691 3182 3739 Lucana
3209 3689 3518 3748 Funerum,

2227 3774 2315 3827 die
2337 3778 2421 3827 17.
2449 3776 2724 3828 Januarii
2749 3775 2903 3829 1722.

2116 3865 2327 3931 Quaest.
2357 3863 2596 3915 CCXLV.
2652 3867 2717 3915 In
2770 3881 2936 3916 causa
2974 3865 3306 3932 Spoletana,
3338 3862 3427 3915 die
3466 3863 3516 3914 7.

2222 3949 2523 4004 Februarii
2547 3951 2702 4003 1722.
3395 4014 3404 4022 ·

2116 4040 2324 4107 Quaest.
2355 4039 2626 4091 CCXLVI.
2681 4043 2746 4091 In
2776 4056 2943 4091 causa
2979 4038 3354 4104 Neapolitana
3386 4040 3520 4090 Con-

2218 4144 2416 4194 gruae,
2430 4126 2517 4178 die
2541 4128 2629 4179 28.
2654 4125 2955 4180 Februarii
2982 4128 3136 4178 1722.

2114 4214 2644 4282 Quaest.CCXLV11.
2705 4218 2766 4267 In
2794 4233 2962 4267 causa
3005 4215 3381 4280 Veliternensi‚
3430 4215 3520 4266 die

2225 4303 2308 4352 14.
2337 4301 2541 4354 Martii
2564 4302 2720 4354 1722.

2116 4389 2328 4458 Quaen.
2380 4390 2700 4448 cchvm.
2751 4394 2818 4443 In
2847 4408 3012 4442 causa
3043 4391 3402 4456 Taurinensi,
3430 4391 3520 4443 die

2225 4476 2309 4530 14.
2344 4477 2545 4528 Martii
2571 4477 2726 4528 1722.

2115 4563 2323 4631 Quaen.
2352 4563 2616 4617 ccxux.
2647 4567 2710 4616 In
2740 4583 2906 4617 causa
2934 4567 3198 4619 Imolensi
3214 4565 3519 4619 parocbia·

2227 4650 2314 4717 lis,
2344 4651 2432 4703 die
2457 4653 2545 4708 28.
2576 4653 2777 4706 Martii
2803 4653 2959 4705 1722.

2115 4740 2325 4807 Quaen.
2354 4739 2500 4792 CCL.
2533 4743 2598 4791 In
2631 4756 2798 4790 causa
2826 4739 3052 4792 Nullius
3072 4779 3085 4801 ,
3118 4759 3214 4793 seu
3242 4742 3518 4794 Brictino·

2227 4825 2399 4878 riensi
2422 4825 2652 4893 Indum,
2683 4825 2772 4878 die
2807 4827 2895 4877 28.
2925 4827 3124 4879 Martii
3149 4829 3308 4880 1722.

2118 4913 2326 4981 Quaen.
2380 4915 2553 4966 cem.
2610 4917 2677 4965 In
2732 4932 2900 4967 causa
2949 4917 3268 4983 Aquilaria,
3314 4916 3403 4969 die
3426 4918 3518 4969 28.

2229 5001 2427 5053 Martii
2463 5001 2610 5052 1722.

2116 5087 2324 5156 Quaen.
2352 5090 2551 5147 CCLII.
2581 5093 2647 5141 In
2676 5106 2843 5140 causa
2875 5090 3250 5144 Camerinensi
3277 5090 3523 5144 Celebra-

2224 5175 2395 5228 tionis
2419 5177 2737 5238 Missarum,
2766 5177 2856 5228 die
2880 5177 2969 5228 28.
2997 5180 3202 5230 Martii
3226 5181 3382 5232 1722.

2121 5265 2331 5333 Quaest.
2357 5265 2584 5318 CCLlll.
2613 5269 2677 5317 ln
2710 5265 2888 5317 Causa
2913 5268 3263 5320 Ariminensi
3292 5268 3520 5322 Jurium

2225 5352 2670 5419 parochialium,
2699 5351 2788 5404 die
2817 5356 2898 5404 18.
2932 5355 3132 5406 Martii
3157 5357 3311 5407 1722.

2118 5440 2328 5506 Quaest-
2357 5441 2576 5494 CCLIV.
2607 5443 2672 5492 In
2696 5458 2862 5493 causa
2887 5442 3167 5496 Januensi
3189 5443 3278 5494 die
3295 5444 3346 5495 2.
3373 5442 3522 5510 Muji

2231 5527 2384 5579 1722.

3563 2987 3668 3038 313

3563 3163 3669 3216 315

3561 3338 3668 3389 316

3560 3600 3665 3651 319

3558 3774 3665 3824 320

3525 3948 3661 4001 ibid.

3555 4123 3660 4175 322

3556 4302 3662 4355 324

3556 4478 3663 4531 323

3554 4829 3661 4882 327

3558 5004 3666 5057 328

3529 5179 3663 5231 ibid.

3559 5356 3661 5408 329

3559 5530 3659 5582 331
