4393 6299
937 496 1009 551 82
1907 489 2353 561 QuAES'rtouEs
2391 486 2747 542 CANONIGAE

760 649 1236 735 Congregatione
1259 645 1696 727 subsequenter
1720 643 1932 708 habita
1951 644 2042 703 die
2064 647 2163 704 30.
2190 642 2314 701 Au·
2420 640 2570 704 dant
2604 639 2682 703 ad
2707 658 2913 702 annua
2938 646 3108 702 scuta
3134 644 3233 701 60.
3269 647 3544 704 monetae
3563 687 3581 718 ,
3613 662 3753 706 cum
3791 642 3971 707 addi-

759 749 914 828 qusti
941 746 1185 826 ejusdem
1213 744 1390 816 anni,
1429 740 1594 824 quod
1620 740 1804 802 etiam
1840 736 1955 800 tuit
1984 735 2310 800 confirma·

762 847 893 902 tum
944 838 1011 900 in
1041 833 1516 922 congregatione
1560 832 1770 896 habita
1814 833 1903 893 die
1950 834 2044 893 14.
2091 829 2311 891 Martii

762 938 939 996 1711.
974 932 1238 994 instante
1289 928 1559 992 Parocho
1587 946 1699 1009 pro
1728 946 1958 989 recessu
1986 944 2022 988 a
2053 923 2266 987 decisis
2291 968 2307 997 ,

759 1027 850 1089 uti
890 1023 1085 1089 videri
1121 1031 1313 1106 potest
1353 1024 1454 1084 lib.
1491 1027 1592 1084 60.
1631 1021 1916 1083 Decretor.
1949 1020 2051 1099 sol.
2091 1023 2232 1079 299.
2258 1028 2310 1079 et

757 1122 861 1201 fol.
894 1125 1032 1183 332.
1059 1130 1111 1181 et
1135 1120 1234 1181 lib.
1262 1124 1359 1180 61.
1387 1118 1489 1195 fol.
1519 1121 1656 1178 113.

880 1217 951 1279 In
989 1212 1467 1296 congregatione
1501 1211 1709 1275 habita
1749 1210 1840 1272 die
1875 1215 1971 1272 18.
2010 1208 2313 1269 Februarii

764 1315 939 1373 1713.
976 1307 1280 1393 proposita
1332 1306 1450 1370 fuit
1495 1306 1653 1368 inter
1692 1302 2034 1368 Summaria
2066 1322 2311 1385 precum

757 1402 1046 1467 instantia
1073 1403 1512 1482 Deputatorum
1535 1399 1832 1462 Ecclesiae
1857 1399 1960 1460 SS.
1978 1396 2306 1470 Ambrosii,

754 1506 816 1562 et
838 1495 1037 1562 Caroli
1056 1495 1332 1560 Nationis
1355 1494 1833 1557 Lombardorum
1858 1495 1935 1556 dc
1964 1493 2147 1567 Urbe,
2166 1511 2312 1572 sup·

757 1591 1116 1675 plicantium
1150 1610 1261 1673 pro
1282 1589 1670 1672 suspensione
1699 1588 2136 1652 nonnullorum
2164 1606 2311 1650 one-

756 1705 896 1749 rum
926 1730 944 1760 ,
977 1704 1090 1768 pro
1121 1703 1385 1767 quorum
1415 1683 1883 1764 adimplemento
1917 1682 2134 1745 Missae
2177 1678 2308 1741 fue-

759 1790 899 1844 raut
920 1779 1248 1861 anticipata
1272 1777 1629 1851 celebratae,
1658 1787 1719 1839 et
1748 1775 1988 1858 praevia
2019 1775 2311 1837 relatione

759 1873 910 1937 clar.
950 1893 1132 1937 mem.
1173 1870 1639 1935 cardinalis.de
1670 1871 1908 1943 Abdua,
1945 1869 2122 1932 Sacra
2153 1868 2312 1930 con-

760 1967 1032 2051 gregatio
1084 1966 1361 2049 indulsit·
1390 1964 1841 2046 suspensionem
1890 1961 2313 2027 celebrationis

758 2062 1082 2126 Missarum
1106 2078 1423 2141 usquequo
1455 2070 1820 2141 aequaretur
1848 2078 2136 2121 numerus
2162 2058 2311 2119 Mis·

755 2174 961 2219 sarum
991 2154 1317 2235 anticipato
1347 2153 1785 2217 celebratarum
1810 2199 1830 2229 ,
1859 2154 1949 2217 uti
1984 2152 2175 2215 videri
2212 2170 2314 2233 po·

758 2260 873 2316 test
908 2253 1008 2312 lib.
1046 2254 1146 2312 63.
1183 2249 1403 2311 Decret.
1431 2268 1565 2330 paq.
1598 2254 1700 2311 76.

880 2347 949 2409 ln
972 2343 1445 2427 congregatione
1469 2343 1676 2407 babila
1703 2343 1794 2406 die
1818 2347 1915 2405 31.
1947 2341 2107 2404 Julii
2130 2345 2309 2404 1717.

756 2439 1066 2523 proposita
1094 2436 1212 2500 t'uit
1246 2437 1310 2500 in
1340 2436 1487 2500 folio
1524 2435 1717 2500 Causa
1742 2482 1760 2512 ,
1790 2437 2052 2500 Romana
2090 2435 2312 2499 Missa·

756 2554 889 2597 rum
909 2579 927 2608 ,
956 2542 1017 2596 et
1045 2551 1185 2595 cum
1213 2530 1582 2595 instantibus
1612 2530 1890 2594 Patribus
1916 2529 2316 2615 Augustinia-

754 2627 853 2691 nis
877 2625 1249 2690 Excalceatis
1272 2669 1291 2698 ,
1337 2623 1717 2707 propositum
1762 2624 1973 2686 fuisset
2004 2623 2162 2686 inter
2190 2621 2316 2686 alia

757 2722 947 2788 dubia
971 2721 1087 2784 boc
1110 2720 1368 2783 dubium
1391 2765 1409 2793 ,
1432 2737 1512 2783 an
1531 2768 1547 2791 ,
1577 2730 1628 2782 et
1655 2720 1925 2801 quomodo
1945 2720 2020 2781 sit
2050 2721 2201 2781 locun
2225 2739 2318 2780 su-
2381 2732 2386 2737 ¹

757 2818 1042 2899 spensioni
1068 2816 1457 2877 celebrationis
1482 2814 1804 2877 Missarum
1826 2859 1845 2888 ,
1872 2816 2041 2876 donec
2066 2834 2318 2894 compen-

756 2921 915 2975 setur
939 2928 1205 2972 numerus
1231 2909 1556 2972 Missurum
1582 2909 1854 2971 excessive
1879 2910 2313 2979 celebratarum,

758 3010 826 3069 in
850 3024 989 3068 casu
1009 3052 1026 3076 ,
1056 3004 1305 3086 praevia
1345 3003 1639 3066 relatione
1669 3001 2145 3066 Eminentissimi
2176 3003 2323 3065 Car·

761 3099 984 3165 dinalis
1006 3098 1190 3175 Ruffi,
1226 3116 1583 3182 responsum
1608 3097 1726 3162 fuit
1741 3099 2076 3181 affirmative
2093 3145 2111 3172 ,
2132 3098 2318 3178 juxta

760 3195 1005 3276 quaem
1029 3204 1240 3256 votum.

880 3287 995 3351 His
1018 3287 1321 3351 stantibus
1342 3330 1362 3360 ,
1392 3284 1493 3350 die
1525 3292 1584 3348 6.
1619 3286 1766 3369 Maji
1802 3292 1976 3350 1719.
2010 3260 2336 3369 proposito⁴

761 3381 986 3445 iterum
1016 3380 1289 3461 quaesito
1316 3425 1334 3454 ‚
1370 3381 1673 3460 praedicta
1690 3381 1879 3445 dubia
1898 3388 2318 3445 remanserunt

762 3475 962 3539 adhuc
995 3475 1261 3539 indecisa
1287 3522 1305 3550 ,
1341 3482 1403 3538 et
1434 3495 1472 3539 a
1500 3476 1667 3540 Sacr.
1699 3477 1920 3560 Congr.
1957 3474 2314 3558 rescriptum

766 3570 886 3633 fuit
910 3589 927 3631 ε
952 3568 1169 3632 Iterum
1188 3583 1560 3652 proponatur.

888 3665 1079 3727 Porro
1112 3663 1251 3728 licet
1277 3665 1342 3729 in
1367 3665 1530 3729 foliis
1558 3673 2026 3728 memoratarum
2054 3664 2320 3746 congre-

770 3758 1086 3842 gationum
1111 3803 1129 3832 ,
1164 3759 1394 3822 Causae
1422 3759 1602 3822 totius
1631 3758 1855 3822 factum
1881 3757 2064 3820 fuerit
2083 3755 2323 3838 exposi-

771 3864 928 3925 tum,
959 3851 1230 3915 indicare
1261 3863 1457 3916 tamen
1486 3853 1550 3915 in
1575 3853 1880 3936 proposito
1907 3861 2323 3935 opportunum

769 3947 1205 4011 existimamus.

894 4041 1101 4105 Primo
1126 4088 1144 4116 ,
1186 4042 1349 4123 quod
1378 4042 1445 4104 in
1478 4042 1892 4105 executionem
1926 4041 2178 4104 ultimae
2217 4060 2325 4104 vo-

783 4135 1037 4199 luntatis
1062 4136 1288 4219 AEgidii
1323 4136 1525 4198 Ursini
1555 4136 1631 4200 de
1656 4136 1945 4211 Vivariis,
1969 4137 2219 4200 fuerunt
2245 4137 2325 4199 ab

772 4229 1214 4292 Executoribus
1230 4230 1719 4294 Testamentariis
1738 4250 1843 4312 per
1862 4250 2158 4314 organum
2183 4233 2324 4293 Pro·

771 4323 1070 4387 curatoris
1093 4323 1174 4386 ab
1201 4323 1348 4405 ipsis
1374 4325 1677 4405 deputati,
1716 4327 2102 4409 consignatae
2129 4329 2325 4391 Patri-

775 4419 890 4483 bus
921 4418 1270 4481 Barnabitis
1299 4417 1538 4483 litterae
1566 4421 1898 4502 patentales
1922 4423 2205 4487 tredecim
2236 4423 2326 4486 lo-

777 4532 988 4575 corum
1020 4512 1322 4576 Montium
1340 4558 1359 4587 ,
1388 4534 1528 4577 cum
1553 4535 1679 4578 uno
1710 4516 1889 4579 tertio
1915 4516 2139 4580 Montis
2173 4517 2331 4580 Salis

777 4608 991 4671 tertiae
1024 4607 1364 4682 erectionis,
1386 4610 1495 4690 qui
1527 4612 1860 4675 reddebant
1889 4631 2165 4676 annuum
2199 4615 2330 4677 fru-

778 4710 988 4766 ctuum
1011 4711 1319 4766 scutorum
1342 4709 1440 4766 60.
1467 4724 1651 4769 onere
1675 4705 1978 4789 imposito,
2002 4715 2117 4772 eta
2144 4708 2337 4772 Patri·

780 4798 896 4861 bus
919 4807 1224 4880 acceptato
1249 4798 1596 4863 celebrandi
1642 4821 1829 4867 unam
1855 4802 2101 4867 Missam
2127 4803 2334 4887 quoti-

780 4892 1047 4956 dianam.

898 4987 1176 5050 Secundo
1198 5033 1218 5063 ,
1243 4989 1409 5071 quod
1442 4988 1509 5050 in
1542 4990 1953 5055 Iusti-umento
1977 4990 2336 5076 assignatio-

781 5079 880 5143 nis
904 5090 1270 5145 conventum
1298 5081 1416 5144 fuit
1439 5128 1459 5158 ,
1494 5084 1658 5164 quod
1688 5084 1754 5147 in
1772 5105 1915 5149 casu
1946 5085 2337 5150 extractionis

783 5174 1055 5238 locorum
1096 5176 1398 5240 Montium
1429 5179 1872 5262 assignatorum
1897 5230 1916 5254 ‚
1961 5181 2094 5245 sive
2134 5181 2336 5245 totali-

787 5279 909 5341 ter,
933 5271 1063 5332 si've
1090 5271 1447 5351 partialiter,
1485 5275 1749 5354 pretium
1779 5275 2052 5340 investiri
2088 5276 2336 5341 deberet

785 5363 850 5425 in
893 5363 1033 5426 aliis
1077 5364 1225 5428 locis
1268 5366 1687 5431 Cameralibus
1735 5388 1854 5432 uon
1907 5370 2286 5434 vacabilibus
2314 5416 2332 5445 ‚

784 5456 942 5521 itaut
980 5456 1215 5522 fructus
1238 5459 1715 5525 reinvestimenti
1761 5464 2090 5552 quotannis
2126 5483 2336 5529 asceu-

2418 736 2605 809 tione,
2635 736 2797 816 quod
2817 734 2869 797 si
2896 734 3159 816 pretium
3185 735 3549 818 exigendum
3571 758 3607 802 a
3632 738 3777 802 locis
3796 740 3972 803 Mon·

2418 832 2571 893 tium
2597 829 2911 905 extractis,
2941 829 3036 893 vel
3056 831 3358 905 extinctis,
3388 852 3509 894 non
3532 833 3827 897 sufficeret
3855 856 3967 917 pro

2418 924 2698 989 habenda
2734 944 2938 988 annua
2968 926 3308 1006 quantitate
3350 936 3658 989 scutorum
3695 937 3793 992 60.
3831 942 3965 994 tunc

2420 1023 2586 1082 liceat
2612 1022 2795 1082 dietae
2832 1021 3152 1082 Venerabili
3177 1021 3485 1094 Ecclesiae,
3525 1021 3840 1086 conventui
3863 1074 3880 1098 ,
3912 1039 3966 1089 et

2416 1115 2693 1177 Patribus
2717 1136 2846 1177 cum
2870 1116 3150 1192 [ructibus
3169 1117 3529 1178 decurrendis
3556 1122 3856 1182 eorundem
3882 1124 3967 1182 lo-

2416 1231 2608 1273 corum
2636 1210 2931 1273 Montium
2955 1212 3257 1291 subroqare
3283 1213 3348 1270 in
3370 1212 3552 1273 locum
3580 1204 3970 1276 extractoriam

2419 1317 2497 1367 tot
2523 1307 2648 1368 alia
2677 1307 2798 1367 loca
2829 1305 3123 1368 Montium
3140 1353 3159 1377 ,
3205 1325 3350 1385 quae
3388 1306 3676 1387 sufficiant
3703 1329 3807 1389 pro
3832 1330 3969 1390 sup-

2412 1402 2689 1481 plemento
2706 1400 2986 1462 dictorum
3007 1419 3330 1462 annuorum
3352 1411 3639 1463 scutorum
3660 1407 3759 1465 60.
3790 1423 3973 1466 mone-

2418 1505 2540 1565 tae,
2573 1506 2624 1558 et
2665 1497 2895 1557 interim
2920 1496 3249 1576 suspendere
3284 1496 3707 1559 celebrationem
3746 1498 3971 1560 Missa-

2416 1609 2547 1651 rum
2575 1638 2593 1662 ,
2622 1590 2792 1669 idque
2821 1591 2948 1671 fieri
2976 1592 3146 1670 possit
3171 1635 3189 1663 ,
3218 1601 3269 1652 et
3296 1590 3530 1664 debeat,
3564 1595 3723 1653 toties
3756 1598 3974 1673 quoties

2416 1704 2578 1746 casus
2622 1685 2995 1745 extractionis
3021 1730 3038 1754 ,
3084 1693 3189 1745 aut
3232 1685 3600 1745 extinctionis
3646 1686 3976 1764 hujusmodi

2416 1780 2693 1849 evenerit,
2721 1798 2789 1838 ac
2830 1779 3052 1839 etiamsi
3086 1777 3231 1855 forte
3269 1776 3491 1854 fructus
3516 1779 3795 1841 dictorum
3826 1784 3978 1843 loco-

2417 1894 2548 1935 rum
2580 1872 2877 1934 Montium
2899 1916 2917 1946 ,
2961 1874 3063 1951 qui
3101 1871 3263 1933 hodie
3291 1873 3534 1932 reddunt
3575 1894 3776 1936 annua
3813 1887 3983 1940 scuta

2417 1979 2667 2049 quatuor
2701 1987 2831 2029 cum
2867 1967 3106 2029 dimidio
3150 1977 3398 2028 monetae
3431 1986 3538 2049 pro
3575 1972 3821 2047 quolibet
3853 2019 3871 2042 ,
3905 1973 3984 2033 ad

2417 2066 2687 2123 minorem
2709 2061 2955 2124 reditum
2980 2063 3329 2123 reducantur
3348 2107 3367 2135 ‚
3406 2065 3546 2143 quia
3568 2064 3749 2127 dietae
3781 2077 3980 2145 partes

2419 2158 2756 2229 intendunt,
2794 2165 2846 2216 et
2889 2157 3084 2217 volunt
3110 2203 3129 2227 ,
3168 2157 3316 2234 quod
3343 2176 3585 2235 semper,
3620 2166 3673 2219 et
3704 2170 3980 2240 perpetuo

2418 2264 2646 2313 annuus
2690 2250 2906 2311 reditus
2938 2268 3046 2330 pro
3081 2249 3358 2330 stipendio
3389 2249 3609 2312 Missae
3646 2254 3980 2332 praedictae

2421 2354 2860 2407 manuteneatur
2884 2343 2962 2405 ad
2988 2344 3142 2405 dicta
3167 2354 3329 2406 scuta
3355 2351 3454 2406 60.
3487 2356 3756 2408 monetae.

2539 2437 2743 2500 Tertio
2766 2482 2785 2511 ,
2813 2436 2979 2520 quod
3003 2436 3330 2521 assignatio
3364 2437 3636 2501 locorum
3672 2440 3984 2502 Montium

2423 2531 2581 2595 facta
2611 2531 2728 2595 fuit
2750 2551 2914 2595 anno
2944 2537 3119 2594 1653.
3154 2542 3214 2595 et
3242 2533 3406 2616 quod
3435 2552 3597 2598 anno
3627 2538 3813 2596 1656.
3852 2535 3988 2597 sru-

2427 2634 2558 2689 ctus
2591 2626 2860 2689 locorum
2885 2626 3187 2689 Montium
3215 2627 3629 2691 reductionem
3656 2629 3821 2711 passi
3844 2639 3990 2692 sunt

2423 2740 2460 2782 a
2491 2730 2757 2801 quatuor
2782 2739 2923 2782 cum
2953 2718 3206 2782 dimidio
3229 2720 3308 2782 ad
3338 2729 3602 2800 quatuor
3628 2741 3742 2804 pro
3781 2723 3989 2804 quoli-

2423 2813 2525 2877 bet
2545 2814 2701 2889 loco,
2728 2822 2792 2876 et
2816 2814 2980 2894 quod
3008 2813 3166 2876 aliae
3190 2812 3656 2889 diminutiones,
3684 2824 3747 2878 et
3781 2826 3992 2880 extra-

2422 2907 2647 2970 ctiones
2689 2906 3081 2988 sequentibus
3136 2909 3508 2988 temporibus
3543 2908 3945 2992 contigerunt
3972 2957 3992 2986 ‚
4052 2972 4056 2976 ,

2422 3000 2507 3065 ita
2541 3009 2608 3063 ut
2632 3000 2770 3063 licet
2796 3001 2971 3063 datus
2999 2998 3184 3063 fuerit
3203 3019 3397 3072 casus,
3428 3002 3593 3083 quod
3620 3003 3845 3067 Patres
3868 3024 3995 3067 non

2423 3094 2753 3161 habuerint
2793 3113 2999 3159 annua
3028 3104 3195 3158 scuta
3224 3101 3322 3158 60.
3367 3097 3471 3160 sed
3509 3105 3742 3161 tantum
3790 3119 3999 3164 annua

2424 3201 2590 3256 scuta
2615 3196 2711 3254 34.
2737 3202 2796 3255 et
2814 3190 3029 3253 obulos
3042 3196 3139 3252 80.
3161 3190 3562 3255 nibilominus
3587 3193 3998 3259 continuave-

2426 3288 2551 3350 rint
2578 3286 2642 3348 in
2671 3285 3076 3348 celebratione
3103 3286 3323 3349 Missae
3363 3288 3762 3371 quotidianae
3790 3309 3987 3372 usque

2425 3383 2503 3445 ad
2520 3400 2751 3445 annum
2783 3385 2959 3442 1715.

2546 3476 2780 3550 Quarto
2807 3475 3048 3538 tandem
3073 3522 3090 3547 ,
3136 3483 3197 3537 et
3230 3473 3444 3537 ultimo
3469 3520 3488 3549 ,
3518 3475 3682 3558 quod
3730 3477 3988 3539 Patrum

2428 3589 2711 3654 praesens
2739 3568 3077 3650 praetensio
3099 3568 3165 3631 iu
3195 3569 3309 3632 hoc
3329 3569 3446 3633 sita
3467 3582 3588 3641 est,
3618 3572 3787 3651 quod
3814 3582 3992 3634 ante·

2427 3685 2613 3747 quam
2652 3663 3117 3728 celebrationem
3153 3665 3372 3727 Missae
3396 3664 3794 3746 quotidianae
3820 3683 3990 3728 reas-

2428 3767 2674 3823 sumant
2699 3778 2810 3840 pro
2841 3758 3059 3821 Anima
3088 3758 3313 3841 AEgidii
3342 3758 3580 3832 Ursini,
3614 3777 3808 3838 quam
3836 3779 3996 3823 reas·

2430 3874 2667 3916 sumere
2715 3852 2962 3926 nolunt,
3006 3853 3123 3915 nisi
3165 3853 3546 3935 eleemosyna
3588 3855 3880 3917 ascendat
3911 3855 3995 3920 ad

2430 3966 2636 4010 annua
2663 3955 2831 4010 scuta
2871 3951 2970 4008 60.
3002 3944 3093 4009 uti
3122 3945 3239 4010 fuit
3271 3945 3604 4009 resolutum
3629 3947 3714 4010 ab
3743 3950 3860 4012 bac
3885 3949 3997 4012 Sa-

2429 4061 2534 4106 cra
2557 4040 3032 4124 Congregatione
3071 4040 3136 4102 in
3181 4041 3566 4122 responsione
3597 4043 3675 4104 ad
3723 4042 3993 4106 dubium

2430 4156 2616 4219 supra
2651 4135 3047 4214 recensitum,
3079 4134 3331 4209 volunt,
3360 4136 3526 4216 quod
3564 4156 3643 4200 ex
3688 4136 3999 4202 fructibus

2433 4231 2706 4295 locorum
2731 4229 3033 4293 Montium
3059 4228 3173 4291 sibi
3195 4228 3573 4312 persolvatur
3595 4238 3721 4295 tota
3749 4232 3862 4294 illa
3891 4252 3999 4313 pe·

2435 4326 2755 4389 cuniarum
2797 4343 3033 4388 summa
3059 4370 3077 4398 ,
3123 4343 3281 4405 quae
3322 4324 3527 4410 delicit
3569 4326 3648 4389 ad
3694 4327 3998 4391 rationem

2435 4429 2741 4484 scutorum
2774 4425 2875 4482 60.
2910 4438 3257 4483 annuorum
3282 4438 3395 4501 pro
3432 4420 3635 4484 Missis
3661 4421 3731 4484 in
3758 4430 4001 4503 praete-

2439 4515 2625 4577 ritum
2652 4512 2990 4576 celebratis.

2558 4606 2808 4671 Fiscalis
2833 4606 3211 4669 Visitationis
3243 4608 3624 4689 Apostolicae
3643 4655 3661 4680 ‚
3692 4609 3805 4690 qui
3833 4628 4002 4674 nunc

2438 4708 2528 4764 est
2552 4701 2884 4782 Episcopus
2907 4699 3411 4776 Minerbinensis,
3438 4701 3677 4782 scripsit
3703 4722 3819 4783 pro
3848 4703 4004 4766 veri·

2443 4802 2566 4859 tate
2583 4814 2766 4878 super
2790 4795 2905 4858 hoc
2931 4793 3210 4867 articulo,
3240 4804 3300 4858 et
3321 4796 3508 4859 sensit
3526 4796 3738 4858 Patres
3765 4797 4002 4858 bonum

2432 4890 2536 4972 jus
2555 4888 2782 4963 fovere,
2812 4899 2874 4952 et
2893 4889 2978 4952 sic
3004 4897 3146 4952 ante
3172 4890 3376 4953 omnia
3408 4889 3550 4971 ipsis
3570 4907 3699 4952 ene
3725 4890 4002 4955 debitam

2443 4981 2973 5065 reintegrationem
3000 5028 3019 5057 ,
3061 4983 3163 5044 sed
3194 5003 3302 5064 pro
3336 4983 3536 5046 Missis
3560 4982 3885 5046 celebratis
3918 4985 4002 5047 ab

2443 5095 2606 5140 auno
2635 5081 2811 5139 1676.
2857 5078 2938 5139 ad
2973 5096 3203 5140 annum
3250 5082 3424 5140 1715.
3471 5096 3594 5139 nou
3636 5086 3845 5140 autem
3885 5098 4003 5159 pro

2445 5171 2643 5234 Missis
2691 5171 3011 5235 celebratis
3054 5174 3133 5235 ab
3179 5192 3343 5236 anno
3399 5177 3573 5235 1653.
3625 5170 3706 5233 ad
3762 5191 4001 5235 annum

2450 5270 2622 5327 1656.
2667 5284 2746 5328 ex
2773 5283 2898 5348 quo
2944 5266 3244 5330 modicum
3286 5265 3403 5328 fuit
3448 5265 3742 5328 damnum
3763 5310 3781 5335 ‚
3828 5265 4001 5345 quod

2442 5358 2557 5421 boc
2577 5377 2765 5440 parvo
2791 5368 3057 5440 tempore
3072 5360 3276 5423 Patres
3303 5357 3458 5439 passi
3481 5364 3645 5432 sunt,
3670 5365 3733 5419 et
3758 5357 4003 5438 potissi·

2444 5471 2608 5517 mum
2636 5471 2749 5535 pro
2776 5451 2892 5517 boc
2928 5461 3153 5517 asserto
3182 5452 3645 5517 tundamentum
3665 5449 4001 5533 repositum
