<?xml version="1.0" encoding="UTF-8"?>
<!DOCTYPE html PUBLIC "-//W3C//DTD XHTML 1.0 Transitional//EN"
    "http://www.w3.org/TR/xhtml1/DTD/xhtml1-transitional.dtd">
<html xmlns="http://www.w3.org/1999/xhtml" xml:lang="en" lang="en">
 <head>
  <title>
</title>
<meta http-equiv="Content-Type" content="text/html;charset=utf-8" />
  <meta name='ocr-system' content='tesseract 3.04.00' />
  <meta name='ocr-capabilities' content='ocr_page ocr_carea ocr_par ocr_line ocrx_word'/>
</head>
<body>
  <div class='ocr_page' id='page_1' title='image "benedictixivpon01xivgoog_0180.png"; bbox 0 0 4393 6299; ppageno 0'>
   <div class='ocr_carea' id='block_1_1' title="bbox 882 491 982 543">
    <p class='ocr_par' dir='ltr' id='par_1_1' title="bbox 882 491 982 543">
     <span class='ocr_line' id='line_1_1' title="bbox 882 491 982 543; baseline 0 -1"><span class='ocrx_word' id='word_1_1' title='bbox 882 491 982 543; x_wconf 75' lang='lat'><strong><em>172</em></strong></span> 
     </span>
    </p>
   </div>
   <div class='ocr_carea' id='block_1_2' title="bbox 1876 472 2716 546">
    <p class='ocr_par' dir='ltr' id='par_1_2' title="bbox 1876 472 2716 546">
     <span class='ocr_line' id='line_1_2' title="bbox 1876 472 2716 546; baseline -0.006 -14"><span class='ocrx_word' id='word_1_2' title='bbox 1876 478 2321 546; x_wconf 58' lang='lat' dir='ltr'><strong><em>QtJAEs&#39;rtomtes</em></strong></span> <span class='ocrx_word' id='word_1_3' title='bbox 2358 472 2716 529; x_wconf 68' lang='lat' dir='ltr'><strong><em>CANONICAE</em></strong></span> 
     </span>
    </p>
   </div>
   <div class='ocr_carea' id='block_1_3' title="bbox 710 615 3915 716">
    <p class='ocr_par' dir='ltr' id='par_1_3' title="bbox 710 615 3915 716">
     <span class='ocr_line' id='line_1_3' title="bbox 710 615 3915 716; baseline -0.008 -11"><span class='ocrx_word' id='word_1_4' title='bbox 710 653 912 705; x_wconf 88' lang='lat' dir='ltr'><strong><em>cretor.</em></strong></span> <span class='ocrx_word' id='word_1_5' title='bbox 963 641 1062 715; x_wconf 72' lang='lat' dir='ltr'><strong><em>sol.</em></strong></span> <span class='ocrx_word' id='word_1_6' title='bbox 1097 643 1234 701; x_wconf 85' lang='grc'><strong>282.</strong></span> <span class='ocrx_word' id='word_1_7' title='bbox 1268 659 1306 700; x_wconf 91' lang='lat' dir='ltr'><strong><em>a</em></strong></span> <span class='ocrx_word' id='word_1_8' title='bbox 1355 649 1504 716; x_wconf 77' lang='lat' dir='ltr'><strong><em>terqo</em></strong></span> <span class='ocrx_word' id='word_1_9' title='bbox 1529 684 1543 706; x_wconf 91' lang='lat'><strong><em>,</em></strong></span> <span class='ocrx_word' id='word_1_10' title='bbox 1576 635 1682 697; x_wconf 87' lang='lat' dir='ltr'><strong><em>nbi</em></strong></span> <span class='ocrx_word' id='word_1_11' title='bbox 1725 634 1809 695; x_wconf 83' lang='lat' dir='ltr'><strong><em>sic</em></strong></span> <span class='ocrx_word' id='word_1_12' title='bbox 1851 633 2112 714; x_wconf 87' lang='lat' dir='ltr'><strong><em>legitur:</em></strong></span> <span class='ocrx_word' id='word_1_13' title='bbox 2151 629 2261 693; x_wconf 87' lang='lat' dir='ltr'><strong><em>Sa·</em></strong></span> <span class='ocrx_word' id='word_1_14' title='bbox 2365 632 2629 690; x_wconf 73' lang='lat' dir='ltr'><strong><em>universa</em></strong></span> <span class='ocrx_word' id='word_1_15' title='bbox 2651 672 2669 699; x_wconf 87' lang='lat'>‚</span> <span class='ocrx_word' id='word_1_16' title='bbox 2693 637 2743 686; x_wconf 85' lang='lat' dir='ltr'><strong><em>et</em></strong></span> <span class='ocrx_word' id='word_1_17' title='bbox 2770 623 3030 703; x_wconf 73' lang='lat' dir='ltr'><strong><em>sinqula,</em></strong></span> <span class='ocrx_word' id='word_1_18' title='bbox 3061 640 3205 701; x_wconf 81' lang='lat' dir='ltr'><strong><em>quae</em></strong></span> <span class='ocrx_word' id='word_1_19' title='bbox 3236 622 3482 683; x_wconf 82' lang='lat' dir='ltr'><strong><em>locorum</em></strong></span> <span class='ocrx_word' id='word_1_20' title='bbox 3522 617 3833 680; x_wconf 78' lang='lat' dir='ltr'><strong><em>ordinarii</em></strong></span> <span class='ocrx_word' id='word_1_21' title='bbox 3850 615 3915 679; x_wconf 83' lang='lat' dir='ltr'><strong><em>in</em></strong></span> 
     </span>
    </p>
   </div>
   <div class='ocr_carea' id='block_1_4' title="bbox 710 724 2261 810">
    <p class='ocr_par' dir='ltr' id='par_1_4' title="bbox 710 724 2261 810">
     <span class='ocr_line' id='line_1_4' title="bbox 710 724 2261 810; baseline -0.01 -10"><span class='ocrx_word' id='word_1_22' title='bbox 710 757 810 800; x_wconf 85' lang='lat' dir='ltr'><strong><em>cra</em></strong></span> <span class='ocrx_word' id='word_1_23' title='bbox 833 785 852 810; x_wconf 91' lang='lat'><strong><em>,</em></strong></span> <span class='ocrx_word' id='word_1_24' title='bbox 880 747 981 797; x_wconf 81' lang='lat' dir='ltr'><strong><em>etc.</em></strong></span> <span class='ocrx_word' id='word_1_25' title='bbox 1011 736 1210 797; x_wconf 85' lang='lat' dir='ltr'><strong><em>audito</em></strong></span> <span class='ocrx_word' id='word_1_26' title='bbox 1237 732 1615 795; x_wconf 66' lang='lat' dir='ltr'><strong><em>Procuratore</em></strong></span> <span class='ocrx_word' id='word_1_27' title='bbox 1637 730 1947 808; x_wconf 71' lang='lat' dir='ltr'><strong><em>Reliyionis</em></strong></span> <span class='ocrx_word' id='word_1_28' title='bbox 1977 724 2261 787; x_wconf 85' lang='lat' dir='ltr'><strong><em>Carmeli-</em></strong></span> 
     </span>
    </p>
   </div>
   <div class='ocr_carea' id='block_1_5' title="bbox 2368 713 3920 806">
    <p class='ocr_par' dir='ltr' id='par_1_5' title="bbox 2368 713 3920 806">
     <span class='ocr_line' id='line_1_5' title="bbox 2368 713 3920 806; baseline -0.006 -22"><span class='ocrx_word' id='word_1_29' title='bbox 2368 724 2612 806; x_wconf 80' lang='lat' dir='ltr'><strong><em>propriis</em></strong></span> <span class='ocrx_word' id='word_1_30' title='bbox 2636 721 2905 781; x_wconf 85' lang='lat' dir='ltr'><strong><em>Ecclesiis</em></strong></span> <span class='ocrx_word' id='word_1_31' title='bbox 2926 720 3107 797; x_wconf 74' lang='lat' dir='ltr'><strong><em>facere</em></strong></span> <span class='ocrx_word' id='word_1_32' title='bbox 3124 726 3377 798; x_wconf 83' lang='lat' dir='ltr'><strong><em>possunt,</em></strong></span> <span class='ocrx_word' id='word_1_33' title='bbox 3406 735 3503 777; x_wconf 81' lang='lat' dir='ltr'><strong><em>seu</em></strong></span> <span class='ocrx_word' id='word_1_34' title='bbox 3526 716 3742 784; x_wconf 78' lang='lat' dir='ltr'><strong><em>debent,</em></strong></span> <span class='ocrx_word' id='word_1_35' title='bbox 3772 713 3920 774; x_wconf 81' lang='lat' dir='ltr'><strong><em>idem</em></strong></span> 
     </span>
    </p>
   </div>
   <div class='ocr_carea' id='block_1_6' title="bbox 711 806 3920 893">
    <p class='ocr_par' dir='ltr' id='par_1_6' title="bbox 711 806 3920 893">
     <span class='ocr_line' id='line_1_6' title="bbox 711 806 3920 893; baseline -0.008 0"><span class='ocrx_word' id='word_1_36' title='bbox 711 841 903 893; x_wconf 82' lang='lat' dir='ltr'><strong><em>tarum</em></strong></span> <span class='ocrx_word' id='word_1_37' title='bbox 927 828 1409 891; x_wconf 83' lang='lat' dir='ltr'><strong><em>Discalceatorum</em></strong></span> <span class='ocrx_word' id='word_1_38' title='bbox 1449 823 1519 886; x_wconf 91' lang='lat' dir='ltr'><strong><em>S.</em></strong></span> <span class='ocrx_word' id='word_1_39' title='bbox 1571 822 1623 883; x_wconf 84' lang='lat' dir='ltr'><strong><em>T</em></strong></span> <span class='ocrx_word' id='word_1_40' title='bbox 1617 824 1821 884; x_wconf 88' lang='lat' dir='ltr'><strong><em>eresiae</em></strong></span> <span class='ocrx_word' id='word_1_41' title='bbox 1852 841 1946 882; x_wconf 84' lang='lat' dir='ltr'><strong><em>ors</em></strong></span> <span class='ocrx_word' id='word_1_42' title='bbox 1970 867 1987 890; x_wconf 85' lang='lat'>‚</span> <span class='ocrx_word' id='word_1_43' title='bbox 2029 829 2081 880; x_wconf 90' lang='lat' dir='ltr'><strong><em>et</em></strong></span> <span class='ocrx_word' id='word_1_44' title='bbox 2119 818 2266 880; x_wconf 83' lang='lat' dir='ltr'><strong><em>scri-</em></strong></span> <span class='ocrx_word' id='word_1_45' title='bbox 2370 818 2705 881; x_wconf 84' lang='lat' dir='ltr'><strong><em>Franciscus</em></strong></span> <span class='ocrx_word' id='word_1_46' title='bbox 2741 812 3077 877; x_wconf 82' lang='lat' dir='ltr'><strong><em>Cardinalis</em></strong></span> <span class='ocrx_word' id='word_1_47' title='bbox 3121 821 3224 873; x_wconf 88' lang='lat' dir='ltr'><strong><em>etc.</em></strong></span> <span class='ocrx_word' id='word_1_48' title='bbox 3251 808 3603 873; x_wconf 78' lang='lat' dir='ltr'><strong><em>Successores</em></strong></span> <span class='ocrx_word' id='word_1_49' title='bbox 3630 806 3920 871; x_wconf 76' lang='lat' dir='ltr'><strong><em>Commen-</em></strong></span> 
     </span>
    </p>
   </div>
   <div class='ocr_carea' id='block_1_7' title="bbox 705 914 2262 1006">
    <p class='ocr_par' dir='ltr' id='par_1_7' title="bbox 705 914 2262 1006">
     <span class='ocr_line' id='line_1_7' title="bbox 705 914 2262 1006; baseline -0.01 -19"><span class='ocrx_word' id='word_1_50' title='bbox 705 927 821 1006; x_wconf 83' lang='lat' dir='ltr'><strong><em>ptis</em></strong></span> <span class='ocrx_word' id='word_1_51' title='bbox 844 972 860 995; x_wconf 89' lang='lat'><em>‚</em></span> <span class='ocrx_word' id='word_1_52' title='bbox 891 944 989 986; x_wconf 81' lang='lat' dir='ltr'><strong><em>nec</em></strong></span> <span class='ocrx_word' id='word_1_53' title='bbox 1010 943 1125 983; x_wconf 86' lang='lat' dir='ltr'><strong><em>non</em></strong></span> <span class='ocrx_word' id='word_1_54' title='bbox 1152 919 1667 984; x_wconf 66' lang='lat' dir='ltr'><strong><em>communionibus</em></strong></span> <span class='ocrx_word' id='word_1_55' title='bbox 1682 917 1863 978; x_wconf 80' lang='lat' dir='ltr'><strong><em>dictae</em></strong></span> <span class='ocrx_word' id='word_1_56' title='bbox 1902 914 2218 994; x_wconf 78' lang='lat' dir='ltr'><strong><em>Reliqionis</em></strong></span> <span class='ocrx_word' id='word_1_57' title='bbox 2242 956 2262 987; x_wconf 94' lang='lat'><strong><em>,</em></strong></span> 
     </span>
    </p>
   </div>
   <div class='ocr_carea' id='block_1_8' title="bbox 2372 905 3921 988">
    <p class='ocr_par' dir='ltr' id='par_1_8' title="bbox 2372 905 3921 988">
     <span class='ocr_line' id='line_1_8' title="bbox 2372 905 3921 988; baseline -0.007 -15"><span class='ocrx_word' id='word_1_58' title='bbox 2372 913 2594 975; x_wconf 79' lang='lat' dir='ltr'><strong><em>dotarii</em></strong></span> <span class='ocrx_word' id='word_1_59' title='bbox 2627 921 2729 972; x_wconf 86' lang='lat' dir='ltr'><strong><em>etc.</em></strong></span> <span class='ocrx_word' id='word_1_60' title='bbox 2759 908 2940 988; x_wconf 71' lang='lat' dir='ltr'><strong><em>facere</em></strong></span> <span class='ocrx_word' id='word_1_61' title='bbox 2979 907 3233 987; x_wconf 82' lang='lat' dir='ltr'><strong><em>possint,</em></strong></span> <span class='ocrx_word' id='word_1_62' title='bbox 3262 915 3316 966; x_wconf 84' lang='lat' dir='ltr'><strong><em>et</em></strong></span> <span class='ocrx_word' id='word_1_63' title='bbox 3353 905 3584 965; x_wconf 82' lang='lat' dir='ltr'><strong><em>debeant</em></strong></span> <span class='ocrx_word' id='word_1_64' title='bbox 3611 947 3629 978; x_wconf 91' lang='lat'><strong><em>,</em></strong></span> <span class='ocrx_word' id='word_1_65' title='bbox 3655 912 3921 984; x_wconf 81' lang='lat' dir='ltr'><strong><em>perpetuo</em></strong></span> 
     </span>
    </p>
   </div>
   <div class='ocr_carea' id='block_1_9' title="bbox 711 1002 3241 1095">
    <p class='ocr_par' dir='ltr' id='par_1_9' title="bbox 711 1002 3241 1095">
     <span class='ocr_line' id='line_1_9' title="bbox 711 1002 3241 1095; baseline -0.008 -14"><span class='ocrx_word' id='word_1_66' title='bbox 711 1040 778 1082; x_wconf 88' lang='lat' dir='ltr'><strong><em>ac</em></strong></span> <span class='ocrx_word' id='word_1_67' title='bbox 804 1021 941 1081; x_wconf 87' lang='lat' dir='ltr'><strong><em>aliis</em></strong></span> <span class='ocrx_word' id='word_1_68' title='bbox 969 1018 1223 1080; x_wconf 82' lang='lat' dir='ltr'><strong><em>deductis</em></strong></span> <span class='ocrx_word' id='word_1_69' title='bbox 1244 1025 1466 1078; x_wconf 80' lang='lat' dir='ltr'><strong><em>mature</em></strong></span> <span class='ocrx_word' id='word_1_70' title='bbox 1491 1013 1773 1095; x_wconf 86' lang='lat' dir='ltr'><strong><em>perpensis</em></strong></span> <span class='ocrx_word' id='word_1_71' title='bbox 1796 1058 1813 1083; x_wconf 88' lang='lat'><strong><em>,</em></strong></span> <span class='ocrx_word' id='word_1_72' title='bbox 1841 1010 2056 1072; x_wconf 82' lang='lat' dir='ltr'><strong><em>censuit</em></strong></span> <span class='ocrx_word' id='word_1_73' title='bbox 2077 1008 2272 1068; x_wconf 82' lang='lat' dir='ltr'><strong><em>dimis-</em></strong></span> <span class='ocrx_word' id='word_1_74' title='bbox 2375 1007 2718 1067; x_wconf 86' lang='lat' dir='ltr'><strong><em>decernimus</em></strong></span> <span class='ocrx_word' id='word_1_75' title='bbox 2738 1048 2756 1078; x_wconf 88' lang='lat'><strong><em>,</em></strong></span> <span class='ocrx_word' id='word_1_76' title='bbox 2790 1013 2845 1065; x_wconf 88' lang='lat' dir='ltr'><strong><em>et</em></strong></span> <span class='ocrx_word' id='word_1_77' title='bbox 2866 1002 3241 1062; x_wconf 70' lang='lat' dir='ltr'><strong><em>declaramus.</em></strong></span> 
     </span>
    </p>
   </div>
   <div class='ocr_carea' id='block_1_10' title="bbox 704 1105 2276 2228">
    <p class='ocr_par' dir='ltr' id='par_1_10' title="bbox 704 1105 2276 1848">
     <span class='ocr_line' id='line_1_10' title="bbox 707 1105 2272 1189; baseline -0.008 -15"><span class='ocrx_word' id='word_1_78' title='bbox 707 1116 908 1187; x_wconf 82' lang='lat' dir='ltr'><strong><em>siones,</em></strong></span> <span class='ocrx_word' id='word_1_79' title='bbox 936 1123 986 1173; x_wconf 89' lang='lat' dir='ltr'><strong><em>et</em></strong></span> <span class='ocrx_word' id='word_1_80' title='bbox 1013 1112 1296 1189; x_wconf 68' lang='lat' dir='ltr'><strong><em>ejectiones</em></strong></span> <span class='ocrx_word' id='word_1_81' title='bbox 1316 1108 1701 1188; x_wconf 75' lang='lat' dir='ltr'><strong><em>Professorum</em></strong></span> <span class='ocrx_word' id='word_1_82' title='bbox 1721 1126 1760 1167; x_wconf 87' lang='lat' dir='ltr'><strong><em>a</em></strong></span> <span class='ocrx_word' id='word_1_83' title='bbox 1776 1105 2065 1183; x_wconf 76' lang='lat' dir='ltr'><strong><em>Reliqione</em></strong></span> <span class='ocrx_word' id='word_1_84' title='bbox 2084 1146 2100 1175; x_wconf 92' lang='lat'>‚</span> <span class='ocrx_word' id='word_1_85' title='bbox 2126 1118 2272 1180; x_wconf 74' lang='lat' dir='ltr'><strong><em>quae</em></strong></span> 
     </span>
     <span class='ocr_line' id='line_1_11' title="bbox 709 1197 2269 1286; baseline -0.009 -17"><span class='ocrx_word' id='word_1_86' title='bbox 709 1208 781 1269; x_wconf 82' lang='lat' dir='ltr'><strong><em>ab</em></strong></span> <span class='ocrx_word' id='word_1_87' title='bbox 802 1207 988 1269; x_wconf 78' lang='lat' dir='ltr'><strong><em>eadem</em></strong></span> <span class='ocrx_word' id='word_1_88' title='bbox 1010 1206 1301 1284; x_wconf 74' lang='lat' dir='ltr'><strong><em>Reliqione</em></strong></span> <span class='ocrx_word' id='word_1_89' title='bbox 1320 1204 1466 1286; x_wconf 75' lang='lat' dir='ltr'><strong><em>fiunt</em></strong></span> <span class='ocrx_word' id='word_1_90' title='bbox 1485 1221 1560 1264; x_wconf 73' lang='grc' dir='ltr'><strong><em>ιω</em></strong></span> <span class='ocrx_word' id='word_1_91' title='bbox 1588 1198 1790 1281; x_wconf 84' lang='lat' dir='ltr'><strong><em>Capite</em></strong></span> <span class='ocrx_word' id='word_1_92' title='bbox 1814 1197 2269 1276; x_wconf 74' lang='lat' dir='ltr'><strong><em>illeqitimitatis,</em></strong></span> 
     </span>
     <span class='ocr_line' id='line_1_12' title="bbox 710 1292 2276 1379; baseline -0.006 -18"><span class='ocrx_word' id='word_1_93' title='bbox 710 1303 797 1361; x_wconf 81' lang='lat' dir='ltr'><strong><em>vel</em></strong></span> <span class='ocrx_word' id='word_1_94' title='bbox 830 1321 904 1361; x_wconf 74' lang='lat' dir='ltr'><strong><em>ex</em></strong></span> <span class='ocrx_word' id='word_1_95' title='bbox 929 1301 1047 1361; x_wconf 84' lang='lat' dir='ltr'><strong><em>alio</em></strong></span> <span class='ocrx_word' id='word_1_96' title='bbox 1067 1299 1280 1376; x_wconf 75' lang='lat' dir='ltr'><strong><em>defectu</em></strong></span> <span class='ocrx_word' id='word_1_97' title='bbox 1316 1299 1444 1379; x_wconf 80' lang='lat' dir='ltr'><strong><em>fieri</em></strong></span> <span class='ocrx_word' id='word_1_98' title='bbox 1479 1298 1666 1357; x_wconf 81' lang='lat' dir='ltr'><strong><em>debere</em></strong></span> <span class='ocrx_word' id='word_1_99' title='bbox 1699 1292 2041 1371; x_wconf 83' lang='lat' dir='ltr'><strong><em>conjunctim</em></strong></span> <span class='ocrx_word' id='word_1_100' title='bbox 2086 1310 2276 1352; x_wconf 84' lang='lat' dir='ltr'><strong><em>coram</em></strong></span> 
     </span>
     <span class='ocr_line' id='line_1_13' title="bbox 717 1384 2272 1472; baseline -0.006 -18"><span class='ocrx_word' id='word_1_101' title='bbox 717 1392 1055 1463; x_wconf 78' lang='lat' dir='ltr'><strong><em>ordinario,</em></strong></span> <span class='ocrx_word' id='word_1_102' title='bbox 1076 1402 1125 1452; x_wconf 87' lang='lat' dir='ltr'><strong><em>et</em></strong></span> <span class='ocrx_word' id='word_1_103' title='bbox 1138 1390 1442 1472; x_wconf 71' lang='lat' dir='ltr'><strong><em>Super-iore</em></strong></span> <span class='ocrx_word' id='word_1_104' title='bbox 1463 1390 1738 1469; x_wconf 59' lang='grc' dir='ltr'><strong><em>Περαίαν-ἰ</em></strong></span> <span class='ocrx_word' id='word_1_105' title='bbox 1753 1386 1890 1447; x_wconf 87' lang='lat' dir='ltr'><strong><em>Loci</em></strong></span> <span class='ocrx_word' id='word_1_106' title='bbox 1903 1385 1980 1447; x_wconf 78' lang='lat' dir='ltr'><strong><em>ad</em></strong></span> <span class='ocrx_word' id='word_1_107' title='bbox 1993 1384 2272 1465; x_wconf 70' lang='lat' dir='ltr'><strong><em>praesori-</em></strong></span> 
     </span>
     <span class='ocr_line' id='line_1_14' title="bbox 707 1479 2266 1567; baseline -0.004 -21"><span class='ocrx_word' id='word_1_108' title='bbox 707 1498 871 1567; x_wconf 81' lang='lat' dir='ltr'><strong><em>ptum</em></strong></span> <span class='ocrx_word' id='word_1_109' title='bbox 890 1485 1068 1547; x_wconf 82' lang='lat' dir='ltr'><strong><em>Sacri</em></strong></span> <span class='ocrx_word' id='word_1_110' title='bbox 1087 1485 1334 1547; x_wconf 85' lang='lat' dir='ltr'><strong><em>Concilii</em></strong></span> <span class='ocrx_word' id='word_1_111' title='bbox 1353 1504 1478 1565; x_wconf 87' lang='lat' dir='ltr'><strong><em>cap.</em></strong></span> <span class='ocrx_word' id='word_1_112' title='bbox 1513 1489 1606 1545; x_wconf 83' lang='lat'><strong><em>19.</em></strong></span> <span class='ocrx_word' id='word_1_113' title='bbox 1628 1502 1756 1544; x_wconf 89' lang='lat' dir='ltr'><strong><em>sess.</em></strong></span> <span class='ocrx_word' id='word_1_114' title='bbox 1782 1487 1881 1542; x_wconf 86' lang='grc'><strong><em>25.</em></strong></span> <span class='ocrx_word' id='word_1_115' title='bbox 1908 1481 1974 1541; x_wconf 82' lang='lat' dir='ltr'><strong><em>dc</em></strong></span> <span class='ocrx_word' id='word_1_116' title='bbox 1992 1479 2266 1558; x_wconf 74' lang='lat' dir='ltr'><strong><em>Reqular.</em></strong></span> 
     </span>
     <span class='ocr_line' id='line_1_15' title="bbox 712 1574 2273 1660; baseline -0.004 -20"><span class='ocrx_word' id='word_1_117' title='bbox 712 1582 941 1660; x_wconf 79' lang='lat' dir='ltr'><strong><em>ideoque</em></strong></span> <span class='ocrx_word' id='word_1_118' title='bbox 957 1582 1289 1643; x_wconf 84' lang='lat' dir='ltr'><strong><em>sententiam</em></strong></span> <span class='ocrx_word' id='word_1_119' title='bbox 1305 1600 1431 1640; x_wconf 84' lang='lat' dir='ltr'><strong><em>cum</em></strong></span> <span class='ocrx_word' id='word_1_120' title='bbox 1454 1597 1708 1659; x_wconf 84' lang='lat' dir='ltr'><strong><em>processu</em></strong></span> <span class='ocrx_word' id='word_1_121' title='bbox 1733 1594 1899 1656; x_wconf 83' lang='lat' dir='ltr'><strong><em>super</em></strong></span> <span class='ocrx_word' id='word_1_122' title='bbox 1928 1574 2273 1647; x_wconf 74' lang='lat' dir='ltr'><strong><em>dimissione,</em></strong></span> 
     </span>
     <span class='ocr_line' id='line_1_16' title="bbox 716 1666 2272 1752; baseline -0.004 -18"><span class='ocrx_word' id='word_1_123' title='bbox 716 1685 765 1734; x_wconf 82' lang='lat' dir='ltr'><strong><em>et</em></strong></span> <span class='ocrx_word' id='word_1_124' title='bbox 788 1676 1046 1752; x_wconf 74' lang='lat' dir='ltr'><strong><em>ejectione</em></strong></span> <span class='ocrx_word' id='word_1_125' title='bbox 1067 1674 1290 1736; x_wconf 75' lang='lat' dir='ltr'><strong><em>Fran-is</em></strong></span> <span class='ocrx_word' id='word_1_126' title='bbox 1320 1672 1522 1734; x_wconf 86' lang='lat' dir='ltr'><strong><em>Caroli</em></strong></span> <span class='ocrx_word' id='word_1_127' title='bbox 1540 1671 1777 1735; x_wconf 86' lang='lat' dir='ltr'><strong><em>Mariae</em></strong></span> <span class='ocrx_word' id='word_1_128' title='bbox 1809 1690 1845 1731; x_wconf 89' lang='lat' dir='ltr'><strong><em>a</em></strong></span> <span class='ocrx_word' id='word_1_129' title='bbox 1872 1666 2012 1730; x_wconf 86' lang='lat' dir='ltr'><strong><em>Jesu</em></strong></span> <span class='ocrx_word' id='word_1_130' title='bbox 2036 1669 2110 1730; x_wconf 83' lang='lat' dir='ltr'><strong><em>ab</em></strong></span> <span class='ocrx_word' id='word_1_131' title='bbox 2134 1668 2272 1749; x_wconf 86' lang='lat' dir='ltr'><strong><em>ipsis</em></strong></span> 
     </span>
     <span class='ocr_line' id='line_1_17' title="bbox 704 1765 1870 1848; baseline -0.005 -18"><span class='ocrx_word' id='word_1_132' title='bbox 704 1768 1095 1848; x_wconf 72' lang='lat' dir='ltr'><strong><em>-Reyularibus</em></strong></span> <span class='ocrx_word' id='word_1_133' title='bbox 1124 1769 1302 1830; x_wconf 85' lang='lat' dir='ltr'><strong><em>latam</em></strong></span> <span class='ocrx_word' id='word_1_134' title='bbox 1326 1768 1557 1828; x_wconf 82' lang='lat' dir='ltr'><strong><em>minime</em></strong></span> <span class='ocrx_word' id='word_1_135' title='bbox 1581 1765 1870 1826; x_wconf 74' lang='lat' dir='ltr'><strong><em>sustineri.</em></strong></span> 
     </span>
    </p>

    <p class='ocr_par' dir='ltr' id='par_1_11' title="bbox 838 1859 1679 1941">
     <span class='ocr_line' id='line_1_18' title="bbox 838 1859 1679 1941; baseline -0.005 -18"><span class='ocrx_word' id='word_1_136' title='bbox 838 1861 950 1923; x_wconf 84' lang='lat' dir='ltr'><strong><em>His</em></strong></span> <span class='ocrx_word' id='word_1_137' title='bbox 969 1860 1267 1924; x_wconf 87' lang='lat' dir='ltr'><strong><em>stantibus</em></strong></span> <span class='ocrx_word' id='word_1_138' title='bbox 1281 1908 1297 1931; x_wconf 89' lang='lat'><em>‚</em></span> <span class='ocrx_word' id='word_1_139' title='bbox 1322 1859 1637 1941; x_wconf 85' lang='lat' dir='ltr'><strong><em>quaeritur</em></strong></span> <span class='ocrx_word' id='word_1_140' title='bbox 1663 1879 1679 1919; x_wconf 77' lang='lat' dir='ltr'>z</span> 
     </span>
    </p>

    <p class='ocr_par' dir='ltr' id='par_1_12' title="bbox 718 1951 2275 2228">
     <span class='ocr_line' id='line_1_19' title="bbox 837 1951 2275 2034; baseline -0.004 -17"><span class='ocrx_word' id='word_1_141' title='bbox 837 1958 933 2017; x_wconf 81' lang='lat' dir='ltr'><strong><em>An</em></strong></span> <span class='ocrx_word' id='word_1_142' title='bbox 959 1959 1034 2017; x_wconf 86' lang='lat' dir='ltr'><strong><em>sit</em></strong></span> <span class='ocrx_word' id='word_1_143' title='bbox 1061 1958 1402 2018; x_wconf 82' lang='lat' dir='ltr'><strong><em>concedenda</em></strong></span> <span class='ocrx_word' id='word_1_144' title='bbox 1428 1955 1717 2016; x_wconf 68' lang='lat' dir='ltr'><strong><em>relaxatio</em></strong></span> <span class='ocrx_word' id='word_1_145' title='bbox 1736 1951 2145 2034; x_wconf 64' lang='lat' dir='ltr'><strong><em>stupensionis,</em></strong></span> <span class='ocrx_word' id='word_1_146' title='bbox 2174 1969 2275 2011; x_wconf 87' lang='lat' dir='ltr'><strong><em>nec</em></strong></span> 
     </span>
     <span class='ocr_line' id='line_1_20' title="bbox 719 2044 2274 2131; baseline -0.005 -19"><span class='ocrx_word' id='word_1_147' title='bbox 719 2073 834 2112; x_wconf 84' lang='lat' dir='ltr'><strong><em>non</em></strong></span> <span class='ocrx_word' id='word_1_148' title='bbox 877 2052 1216 2131; x_wconf 77' lang='lat' dir='ltr'><strong><em>dispensatio</em></strong></span> <span class='ocrx_word' id='word_1_149' title='bbox 1252 2051 1325 2112; x_wconf 82' lang='lat' dir='ltr'><strong><em>ab</em></strong></span> <span class='ocrx_word' id='word_1_150' title='bbox 1365 2049 1794 2128; x_wconf 77' lang='lat' dir='ltr'><strong><em>irreqularitate</em></strong></span> <span class='ocrx_word' id='word_1_151' title='bbox 1816 2094 1834 2119; x_wconf 87' lang='lat'>‚</span> <span class='ocrx_word' id='word_1_152' title='bbox 1875 2047 1963 2108; x_wconf 79' lang='lat' dir='ltr'><strong><em>vel</em></strong></span> <span class='ocrx_word' id='word_1_153' title='bbox 2003 2044 2274 2126; x_wconf 69' lang='lat' dir='ltr'><strong><em>quomodo</em></strong></span> 
     </span>
     <span class='ocr_line' id='line_1_21' title="bbox 718 2146 1588 2228; baseline -0.005 -20"><span class='ocrx_word' id='word_1_154' title='bbox 718 2151 790 2209; x_wconf 80' lang='lat' dir='ltr'><strong><em>sit</em></strong></span> <span class='ocrx_word' id='word_1_155' title='bbox 818 2146 1222 2228; x_wconf 65' lang='lat' dir='ltr'><strong><em>providendum</em></strong></span> <span class='ocrx_word' id='word_1_156' title='bbox 1240 2146 1305 2205; x_wconf 82' lang='lat' dir='ltr'><strong><em>in</em></strong></span> <span class='ocrx_word' id='word_1_157' title='bbox 1329 2163 1465 2206; x_wconf 75' lang='lat' dir='ltr'><strong><em>casu</em></strong></span> <span class='ocrx_word' id='word_1_158' title='bbox 1485 2154 1588 2206; x_wconf 84' lang='lat' dir='ltr'><strong><em>etc.</em></strong></span> 
     </span>
    </p>
   </div>
   <div class='ocr_carea' id='block_1_11' title="bbox 825 2331 2278 2488">
    <p class='ocr_par' dir='ltr' id='par_1_13' title="bbox 825 2331 2278 2488">
     <span class='ocr_line' id='line_1_22' title="bbox 825 2331 1541 2406; baseline -0.007 -17"><span class='ocrx_word' id='word_1_159' title='bbox 825 2339 977 2389; x_wconf 76' lang='lat' dir='ltr'><strong><em>Sacra</em></strong></span> <span class='ocrx_word' id='word_1_160' title='bbox 1000 2336 1201 2406; x_wconf 76' lang='lat' dir='ltr'><strong><em>congr.</em></strong></span> <span class='ocrx_word' id='word_1_161' title='bbox 1231 2331 1541 2402; x_wconf 81' lang='lat' dir='ltr'><strong><em>respondit:</em></strong></span> 
     </span>
     <span class='ocr_line' id='line_1_23' title="bbox 900 2415 2278 2488; baseline -0.009 -11"><span class='ocrx_word' id='word_1_162' title='bbox 900 2423 1125 2487; x_wconf 66' lang='lat' dir='ltr'><strong><em>Dilata,</em></strong></span> <span class='ocrx_word' id='word_1_163' title='bbox 1153 2433 1206 2476; x_wconf 79' lang='lat' dir='ltr'><strong><em>ee</em></strong></span> <span class='ocrx_word' id='word_1_164' title='bbox 1228 2419 1550 2477; x_wconf 81' lang='lat' dir='ltr'><strong><em>Adelesmus</em></strong></span> <span class='ocrx_word' id='word_1_165' title='bbox 1574 2416 1760 2471; x_wconf 74' lang='lat' dir='ltr'><strong><em>redeat</em></strong></span> <span class='ocrx_word' id='word_1_166' title='bbox 1784 2415 1862 2488; x_wconf 77' lang='lat' dir='ltr'><strong><em>ad</em></strong></span> <span class='ocrx_word' id='word_1_167' title='bbox 1884 2415 2229 2484; x_wconf 72' lang='lat' dir='ltr'><strong><em>Religionem</em></strong></span> <span class='ocrx_word' id='word_1_168' title='bbox 2255 2453 2278 2482; x_wconf 84' lang='lat'><strong><em>,</em></strong></span> 
     </span>
    </p>
   </div>
   <div class='ocr_carea' id='block_1_12' title="bbox 712 2506 2278 2670">
    <p class='ocr_par' dir='ltr' id='par_1_14' title="bbox 712 2506 2278 2670">
     <span class='ocr_line' id='line_1_24' title="bbox 718 2506 2278 2580; baseline -0.005 -16"><span class='ocrx_word' id='word_1_169' title='bbox 718 2525 772 2564; x_wconf 76' lang='lat' dir='ltr'><strong><em>et</em></strong></span> <span class='ocrx_word' id='word_1_170' title='bbox 795 2510 990 2579; x_wconf 77' lang='lat' dir='ltr'><strong><em>ejectio</em></strong></span> <span class='ocrx_word' id='word_1_171' title='bbox 1001 2509 1151 2580; x_wconf 77' lang='lat' dir='ltr'><strong><em>fiat,</em></strong></span> <span class='ocrx_word' id='word_1_172' title='bbox 1180 2521 1447 2579; x_wconf 81' lang='lat' dir='ltr'><strong><em>quatenus</em></strong></span> <span class='ocrx_word' id='word_1_173' title='bbox 1460 2506 1607 2579; x_wconf 78' lang='lat' dir='ltr'><strong><em>fieri</em></strong></span> <span class='ocrx_word' id='word_1_174' title='bbox 1629 2507 1769 2561; x_wconf 74' lang='lat' dir='ltr'><strong><em>vetis</em></strong></span> <span class='ocrx_word' id='word_1_175' title='bbox 1797 2524 1934 2561; x_wconf 75' lang='lat' dir='ltr'><strong><em>serv.</em></strong></span> <span class='ocrx_word' id='word_1_176' title='bbox 1958 2521 2093 2559; x_wconf 68' lang='lat' dir='ltr'><strong><em>sero.</em></strong></span> <span class='ocrx_word' id='word_1_177' title='bbox 2124 2524 2159 2557; x_wconf 87' lang='lat' dir='ltr'><strong><em>a</em></strong></span> <span class='ocrx_word' id='word_1_178' title='bbox 2187 2506 2278 2558; x_wconf 82' lang='lat' dir='ltr'><strong><em>Su·</em></strong></span> 
     </span>
     <span class='ocr_line' id='line_1_25' title="bbox 712 2595 1564 2670; baseline -0.001 -19"><span class='ocrx_word' id='word_1_179' title='bbox 712 2599 929 2670; x_wconf 71' lang='lat' dir='ltr'><strong><em>periore</em></strong></span> <span class='ocrx_word' id='word_1_180' title='bbox 950 2616 1061 2651; x_wconf 81' lang='lat' dir='ltr'><strong><em>una</em></strong></span> <span class='ocrx_word' id='word_1_181' title='bbox 1088 2616 1208 2649; x_wconf 83' lang='lat' dir='ltr'><strong><em>cam</em></strong></span> <span class='ocrx_word' id='word_1_182' title='bbox 1244 2595 1564 2653; x_wconf 74' lang='lat' dir='ltr'><strong><em>Ordinatio.</em></strong></span> 
     </span>
    </p>
   </div>
   <div class='ocr_carea' id='block_1_13' title="bbox 1218 2788 1767 2865">
    <p class='ocr_par' dir='ltr' id='par_1_15' title="bbox 1218 2788 1767 2865">
     <span class='ocr_line' id='line_1_26' title="bbox 1218 2788 1767 2865; baseline -0.004 -12"><span class='ocrx_word' id='word_1_183' title='bbox 1218 2788 1579 2865; x_wconf 73' lang='lat' dir='ltr'>QUAESTIO</span> <span class='ocrx_word' id='word_1_184' title='bbox 1620 2788 1767 2852; x_wconf 87' lang='lat' dir='ltr'><strong><em>CLI.</em></strong></span> 
     </span>
    </p>
   </div>
   <div class='ocr_carea' id='block_1_14' title="bbox 821 2975 2156 3156">
    <p class='ocr_par' dir='ltr' id='par_1_16' title="bbox 821 2975 2156 3156">
     <span class='ocr_line' id='line_1_27' title="bbox 821 2975 2156 3051; baseline -0.002 -12"><span class='ocrx_word' id='word_1_185' title='bbox 821 2977 895 3039; x_wconf 83' lang='lat' dir='ltr'><strong><em>In</em></strong></span> <span class='ocrx_word' id='word_1_186' title='bbox 933 2975 1127 3040; x_wconf 85' lang='lat' dir='ltr'><strong><em>Causa</em></strong></span> <span class='ocrx_word' id='word_1_187' title='bbox 1145 2975 1423 3040; x_wconf 82' lang='lat' dir='ltr'><strong><em>Firmana</em></strong></span> <span class='ocrx_word' id='word_1_188' title='bbox 1445 2975 1877 3039; x_wconf 84' lang='lat' dir='ltr'><strong><em>Jurisdictionis</em></strong></span> <span class='ocrx_word' id='word_1_189' title='bbox 1898 3020 1916 3051; x_wconf 91' lang='lat'><strong><em>,</em></strong></span> <span class='ocrx_word' id='word_1_190' title='bbox 1945 2975 2035 3036; x_wconf 81' lang='lat' dir='ltr'><strong><em>die</em></strong></span> <span class='ocrx_word' id='word_1_191' title='bbox 2060 2979 2156 3036; x_wconf 81' lang='lat'><strong><em>13.</em></strong></span> 
     </span>
     <span class='ocr_line' id='line_1_28' title="bbox 1279 3072 1718 3156; baseline -0.002 -22"><span class='ocrx_word' id='word_1_192' title='bbox 1279 3072 1505 3156; x_wconf 76' lang='lat' dir='ltr'><strong><em>Aprilis</em></strong></span> <span class='ocrx_word' id='word_1_193' title='bbox 1542 3076 1718 3134; x_wconf 86' lang='grc'><strong>1720.</strong></span> 
     </span>
    </p>
   </div>
   <div class='ocr_carea' id='block_1_15' title="bbox 721 3209 2282 5510">
    <p class='ocr_par' dir='ltr' id='par_1_17' title="bbox 721 3209 2275 4190">
     <span class='ocr_line' id='line_1_29' title="bbox 721 3209 2270 3344; baseline -0.003 -17"><span class='ocrx_word' id='word_1_194' title='bbox 721 3209 943 3327; x_wconf 80' lang='lat' dir='ltr'><strong><em>Curia</em></strong></span> <span class='ocrx_word' id='word_1_195' title='bbox 963 3258 1497 3344; x_wconf 79' lang='lat' dir='ltr'><strong><em>Archiepiscopalis</em></strong></span> <span class='ocrx_word' id='word_1_196' title='bbox 1526 3260 1810 3327; x_wconf 70' lang='lat' dir='ltr'><strong><em>Firmano</em></strong></span> <span class='ocrx_word' id='word_1_197' title='bbox 1839 3260 2270 3325; x_wconf 75' lang='lat' dir='ltr'><strong><em>confectionem</em></strong></span> 
     </span>
     <span class='ocr_line' id='line_1_30' title="bbox 722 3355 2275 3439; baseline 0.001 -21"><span class='ocrx_word' id='word_1_198' title='bbox 722 3355 1040 3439; x_wconf 79' lang='lat' dir='ltr'><strong><em>assumpsit</em></strong></span> <span class='ocrx_word' id='word_1_199' title='bbox 1080 3355 1427 3422; x_wconf 78' lang='lat' dir='ltr'><strong><em>criminalis</em></strong></span> <span class='ocrx_word' id='word_1_200' title='bbox 1459 3358 1814 3432; x_wconf 86' lang='lat' dir='ltr'><strong><em>Processus,</em></strong></span> <span class='ocrx_word' id='word_1_201' title='bbox 1865 3359 1982 3420; x_wconf 86' lang='lat' dir='ltr'><strong><em>sub</em></strong></span> <span class='ocrx_word' id='word_1_202' title='bbox 2023 3359 2275 3421; x_wconf 85' lang='lat' dir='ltr'><strong><em>obtentu</em></strong></span> 
     </span>
     <span class='ocr_line' id='line_1_31' title="bbox 723 3450 2268 3534; baseline 0.001 -22"><span class='ocrx_word' id='word_1_203' title='bbox 723 3450 972 3513; x_wconf 76' lang='lat' dir='ltr'><strong><em>illicitae</em></strong></span> <span class='ocrx_word' id='word_1_204' title='bbox 992 3451 1412 3534; x_wconf 76' lang='lat' dir='ltr'><strong><em>negotiationis</em></strong></span> <span class='ocrx_word' id='word_1_205' title='bbox 1430 3459 1637 3518; x_wconf 81' lang='lat' dir='ltr'><strong><em>contra</em></strong></span> <span class='ocrx_word' id='word_1_206' title='bbox 1656 3452 1971 3515; x_wconf 77' lang='lat' dir='ltr'><strong><em>Nicolaum</em></strong></span> <span class='ocrx_word' id='word_1_207' title='bbox 1990 3452 2268 3515; x_wconf 88' lang='lat' dir='ltr'><strong><em>Picinum</em></strong></span> 
     </span>
     <span class='ocr_line' id='line_1_32' title="bbox 731 3543 2274 3629; baseline 0.002 -22"><span class='ocrx_word' id='word_1_208' title='bbox 731 3543 1098 3607; x_wconf 88' lang='lat' dir='ltr'><strong><em>Canonicum</em></strong></span> <span class='ocrx_word' id='word_1_209' title='bbox 1139 3546 1437 3608; x_wconf 77' lang='lat' dir='ltr'><strong><em>Ecclesiae</em></strong></span> <span class='ocrx_word' id='word_1_210' title='bbox 1465 3546 1526 3608; x_wconf 89' lang='lat' dir='ltr'><strong><em>S.</em></strong></span> <span class='ocrx_word' id='word_1_211' title='bbox 1558 3546 1863 3610; x_wconf 80' lang='lat' dir='ltr'><strong><em>Victoriae</em></strong></span> <span class='ocrx_word' id='word_1_212' title='bbox 1892 3595 1909 3619; x_wconf 89' lang='lat'><strong><em>,</em></strong></span> <span class='ocrx_word' id='word_1_213' title='bbox 1943 3556 2274 3629; x_wconf 82' lang='lat' dir='ltr'><strong><em>exortaque</em></strong></span> 
     </span>
     <span class='ocr_line' id='line_1_33' title="bbox 727 3638 2270 3723; baseline 0.004 -25"><span class='ocrx_word' id='word_1_214' title='bbox 727 3638 950 3701; x_wconf 89' lang='lat' dir='ltr'><strong><em>idcirco</em></strong></span> <span class='ocrx_word' id='word_1_215' title='bbox 975 3640 1380 3703; x_wconf 86' lang='lat' dir='ltr'><strong><em>controversia</em></strong></span> <span class='ocrx_word' id='word_1_216' title='bbox 1410 3640 1567 3703; x_wconf 90' lang='lat' dir='ltr'><strong><em>inter</em></strong></span> <span class='ocrx_word' id='word_1_217' title='bbox 1593 3641 1837 3704; x_wconf 89' lang='lat' dir='ltr'><strong><em>Curiam</em></strong></span> <span class='ocrx_word' id='word_1_218' title='bbox 1862 3642 2229 3723; x_wconf 80' lang='lat' dir='ltr'><strong><em>praedictam</em></strong></span> <span class='ocrx_word' id='word_1_219' title='bbox 2251 3689 2270 3718; x_wconf 90' lang='lat'><strong><em>,</em></strong></span> 
     </span>
     <span class='ocr_line' id='line_1_34' title="bbox 728 3734 2274 3799; baseline 0.004 -6"><span class='ocrx_word' id='word_1_220' title='bbox 728 3742 790 3794; x_wconf 85' lang='lat' dir='ltr'><strong><em>et</em></strong></span> <span class='ocrx_word' id='word_1_221' title='bbox 850 3734 1260 3797; x_wconf 90' lang='lat' dir='ltr'><strong><em>Promotorem</em></strong></span> <span class='ocrx_word' id='word_1_222' title='bbox 1310 3734 1604 3797; x_wconf 84' lang='lat' dir='ltr'><strong><em>Fiscalem</em></strong></span> <span class='ocrx_word' id='word_1_223' title='bbox 1655 3735 1996 3798; x_wconf 79' lang='lat' dir='ltr'><strong><em>Abbatialis</em></strong></span> <span class='ocrx_word' id='word_1_224' title='bbox 2054 3734 2274 3799; x_wconf 87' lang='lat' dir='ltr'><strong><em>Curiae</em></strong></span> 
     </span>
     <span class='ocr_line' id='line_1_35' title="bbox 731 3826 2275 3911; baseline 0.003 -22"><span class='ocrx_word' id='word_1_225' title='bbox 731 3827 779 3888; x_wconf 86' lang='lat' dir='ltr'><strong>F</strong></span> <span class='ocrx_word' id='word_1_226' title='bbox 782 3826 1034 3890; x_wconf 76' lang='lat' dir='ltr'><strong><em>ariensis</em></strong></span> <span class='ocrx_word' id='word_1_227' title='bbox 1058 3874 1078 3903; x_wconf 98' lang='lat'><strong><em>,</em></strong></span> <span class='ocrx_word' id='word_1_228' title='bbox 1107 3828 1213 3909; x_wconf 92' lang='lat' dir='ltr'><strong><em>qui</em></strong></span> <span class='ocrx_word' id='word_1_229' title='bbox 1245 3828 1551 3891; x_wconf 86' lang='lat' dir='ltr'><strong><em>contendit</em></strong></span> <span class='ocrx_word' id='word_1_230' title='bbox 1575 3829 1652 3892; x_wconf 86' lang='lat' dir='ltr'><strong><em>ad</em></strong></span> <span class='ocrx_word' id='word_1_231' title='bbox 1691 3848 1759 3892; x_wconf 84' lang='lat' dir='ltr'><strong><em>se</em></strong></span> <span class='ocrx_word' id='word_1_232' title='bbox 1781 3829 1924 3893; x_wconf 89' lang='lat' dir='ltr'><strong><em>dicti</em></strong></span> <span class='ocrx_word' id='word_1_233' title='bbox 1967 3848 2275 3911; x_wconf 80' lang='lat' dir='ltr'><strong><em>processus</em></strong></span> 
     </span>
     <span class='ocr_line' id='line_1_36' title="bbox 732 3921 2275 4006; baseline 0.003 -24"><span class='ocrx_word' id='word_1_234' title='bbox 732 3921 1163 3985; x_wconf 76' lang='lat' dir='ltr'><strong><em>coniectionem</em></strong></span> <span class='ocrx_word' id='word_1_235' title='bbox 1184 3924 1514 4004; x_wconf 86' lang='lat' dir='ltr'><strong><em>pertinere,</em></strong></span> <span class='ocrx_word' id='word_1_236' title='bbox 1542 3925 1983 3988; x_wconf 85' lang='lat' dir='ltr'><strong><em>controversiae</em></strong></span> <span class='ocrx_word' id='word_1_237' title='bbox 2008 3924 2275 4006; x_wconf 81' lang='lat' dir='ltr'><strong><em>cognitio</em></strong></span> 
     </span>
     <span class='ocr_line' id='line_1_37' title="bbox 728 4015 2273 4083; baseline 0.003 -7"><span class='ocrx_word' id='word_1_238' title='bbox 728 4015 809 4077; x_wconf 84' lang='lat' dir='ltr'><strong><em>ab</em></strong></span> <span class='ocrx_word' id='word_1_239' title='bbox 835 4015 1127 4078; x_wconf 78' lang='lat' dir='ltr'><strong><em>Auditore</em></strong></span> <span class='ocrx_word' id='word_1_240' title='bbox 1149 4017 1519 4080; x_wconf 87' lang='lat' dir='ltr'><strong><em>Sanctissimi</em></strong></span> <span class='ocrx_word' id='word_1_241' title='bbox 1548 4017 1626 4081; x_wconf 90' lang='lat' dir='ltr'><strong><em>ad</em></strong></span> <span class='ocrx_word' id='word_1_242' title='bbox 1659 4018 1817 4082; x_wconf 88' lang='lat' dir='ltr'><strong><em>hanc</em></strong></span> <span class='ocrx_word' id='word_1_243' title='bbox 1839 4019 2084 4083; x_wconf 82' lang='lat' dir='ltr'><strong><em>Sacram</em></strong></span> <span class='ocrx_word' id='word_1_244' title='bbox 2113 4018 2273 4081; x_wconf 89' lang='lat' dir='ltr'><strong><em>Con-</em></strong></span> 
     </span>
     <span class='ocr_line' id='line_1_38' title="bbox 729 4109 1561 4190; baseline 0.005 -21"><span class='ocrx_word' id='word_1_245' title='bbox 729 4109 1137 4190; x_wconf 84' lang='lat' dir='ltr'><strong><em>gregationem</em></strong></span> <span class='ocrx_word' id='word_1_246' title='bbox 1156 4111 1402 4174; x_wconf 84' lang='lat' dir='ltr'><strong><em>remissa</em></strong></span> <span class='ocrx_word' id='word_1_247' title='bbox 1424 4112 1561 4174; x_wconf 80' lang='lat' dir='ltr'><strong><em>fuit.</em></strong></span> 
     </span>
    </p>

    <p class='ocr_par' dir='ltr' id='par_1_18' title="bbox 728 4198 2282 5510">
     <span class='ocr_line' id='line_1_39' title="bbox 850 4198 2274 4269; baseline 0.005 -7"><span class='ocrx_word' id='word_1_248' title='bbox 850 4201 1335 4266; x_wconf 87' lang='lat' dir='ltr'><strong><em>Fundamentum</em></strong></span> <span class='ocrx_word' id='word_1_249' title='bbox 1362 4198 1729 4268; x_wconf 87' lang='lat' dir='ltr'><strong><em>Promotoris</em></strong></span> <span class='ocrx_word' id='word_1_250' title='bbox 1747 4204 1964 4269; x_wconf 87' lang='lat' dir='ltr'><strong><em>Curiae</em></strong></span> <span class='ocrx_word' id='word_1_251' title='bbox 1988 4206 2274 4269; x_wconf 79' lang='lat' dir='ltr'><strong><em>Abbatia-</em></strong></span> 
     </span>
     <span class='ocr_line' id='line_1_40' title="bbox 731 4292 2274 4380; baseline 0.004 -26"><span class='ocrx_word' id='word_1_252' title='bbox 731 4292 806 4354; x_wconf 89' lang='lat' dir='ltr'><strong><em>lis</em></strong></span> <span class='ocrx_word' id='word_1_253' title='bbox 828 4295 891 4354; x_wconf 89' lang='lat' dir='ltr'><strong><em>in</em></strong></span> <span class='ocrx_word' id='word_1_254' title='bbox 917 4293 1029 4357; x_wconf 86' lang='lat' dir='ltr'><strong><em>hoc</em></strong></span> <span class='ocrx_word' id='word_1_255' title='bbox 1057 4296 1429 4377; x_wconf 89' lang='lat' dir='ltr'><strong><em>potissimum</em></strong></span> <span class='ocrx_word' id='word_1_256' title='bbox 1460 4298 1723 4371; x_wconf 90' lang='lat' dir='ltr'><strong><em>residet,</em></strong></span> <span class='ocrx_word' id='word_1_257' title='bbox 1764 4299 1926 4380; x_wconf 89' lang='lat' dir='ltr'><strong><em>quod</em></strong></span> <span class='ocrx_word' id='word_1_258' title='bbox 1955 4319 1990 4362; x_wconf 90' lang='lat' dir='ltr'><strong><em>a</em></strong></span> <span class='ocrx_word' id='word_1_259' title='bbox 2023 4300 2274 4361; x_wconf 89' lang='lat' dir='ltr'><strong><em>Summo</em></strong></span> 
     </span>
     <span class='ocr_line' id='line_1_41' title="bbox 730 4388 2274 4456; baseline 0.004 -7"><span class='ocrx_word' id='word_1_260' title='bbox 730 4388 1020 4452; x_wconf 85' lang='lat' dir='ltr'><strong><em>Pontifice</em></strong></span> <span class='ocrx_word' id='word_1_261' title='bbox 1053 4390 1296 4454; x_wconf 86' lang='lat' dir='ltr'><strong><em>Urbano</em></strong></span> <span class='ocrx_word' id='word_1_262' title='bbox 1334 4388 1559 4456; x_wconf 82' lang='lat' dir='ltr'><strong><em>Octavo</em></strong></span> <span class='ocrx_word' id='word_1_263' title='bbox 1584 4393 2016 4456; x_wconf 83' lang='lat' dir='ltr'><strong><em>Monasterium</em></strong></span> <span class='ocrx_word' id='word_1_264' title='bbox 2051 4393 2113 4455; x_wconf 87' lang='lat' dir='ltr'><strong><em>S.</em></strong></span> <span class='ocrx_word' id='word_1_265' title='bbox 2164 4392 2274 4455; x_wconf 84' lang='lat' dir='ltr'><strong><em>vi-</em></strong></span> 
     </span>
     <span class='ocr_line' id='line_1_42' title="bbox 732 4482 2273 4568; baseline 0.003 -24"><span class='ocrx_word' id='word_1_266' title='bbox 732 4482 956 4546; x_wconf 81' lang='lat' dir='ltr'><strong><em>ctoriae</em></strong></span> <span class='ocrx_word' id='word_1_267' title='bbox 995 4484 1112 4546; x_wconf 84' lang='lat' dir='ltr'><strong><em>suit</em></strong></span> <span class='ocrx_word' id='word_1_268' title='bbox 1136 4485 1627 4548; x_wconf 81' lang='lat' dir='ltr'><strong><em>saecularizatum</em></strong></span> <span class='ocrx_word' id='word_1_269' title='bbox 1652 4532 1668 4561; x_wconf 91' lang='lat'>‚</span> <span class='ocrx_word' id='word_1_270' title='bbox 1704 4494 2021 4568; x_wconf 88' lang='lat' dir='ltr'><strong><em>erectaque</em></strong></span> <span class='ocrx_word' id='word_1_271' title='bbox 2059 4488 2273 4550; x_wconf 83' lang='lat' dir='ltr'><strong><em>Mona·</em></strong></span> 
     </span>
     <span class='ocr_line' id='line_1_43' title="bbox 730 4576 2280 4664; baseline 0.002 -26"><span class='ocrx_word' id='word_1_272' title='bbox 730 4576 958 4639; x_wconf 86' lang='lat' dir='ltr'><strong><em>steriali</em></strong></span> <span class='ocrx_word' id='word_1_273' title='bbox 987 4578 1248 4643; x_wconf 83' lang='lat' dir='ltr'><strong><em>Ecclesia</em></strong></span> <span class='ocrx_word' id='word_1_274' title='bbox 1278 4581 1340 4641; x_wconf 91' lang='lat' dir='ltr'><strong><em>in</em></strong></span> <span class='ocrx_word' id='word_1_275' title='bbox 1370 4580 1781 4664; x_wconf 75' lang='lat' dir='ltr'><strong><em>collegiatam,</em></strong></span> <span class='ocrx_word' id='word_1_276' title='bbox 1814 4581 1899 4645; x_wconf 85' lang='lat' dir='ltr'><strong><em>sic</em></strong></span> <span class='ocrx_word' id='word_1_277' title='bbox 1918 4580 2035 4643; x_wconf 81' lang='lat' dir='ltr'><strong><em>fuit</em></strong></span> <span class='ocrx_word' id='word_1_278' title='bbox 2061 4601 2097 4644; x_wconf 87' lang='lat' dir='ltr'><strong><em>a</em></strong></span> <span class='ocrx_word' id='word_1_279' title='bbox 2120 4580 2280 4643; x_wconf 80' lang='lat' dir='ltr'><strong><em>dicto</em></strong></span> 
     </span>
     <span class='ocr_line' id='line_1_44' title="bbox 732 4671 2277 4757; baseline 0.004 -25"><span class='ocrx_word' id='word_1_280' title='bbox 732 4671 1022 4735; x_wconf 86' lang='lat' dir='ltr'><strong><em>Pontifice</em></strong></span> <span class='ocrx_word' id='word_1_281' title='bbox 1058 4673 1452 4756; x_wconf 85' lang='lat' dir='ltr'><strong><em>dispositum:</em></strong></span> <span class='ocrx_word' id='word_1_282' title='bbox 1507 4677 1721 4738; x_wconf 81' lang='lat' dir='ltr'><strong><em>easdem</em></strong></span> <span class='ocrx_word' id='word_1_283' title='bbox 1765 4697 1892 4757; x_wconf 76' lang='lat' dir='ltr'><strong><em>vero</em></strong></span> <span class='ocrx_word' id='word_1_284' title='bbox 1932 4674 2277 4756; x_wconf 74' lang='lat' dir='ltr'><strong><em>Cotteqiatas</em></strong></span> 
     </span>
     <span class='ocr_line' id='line_1_45' title="bbox 733 4766 2277 4847; baseline 0.003 -21"><span class='ocrx_word' id='word_1_285' title='bbox 733 4766 1019 4828; x_wconf 73' lang='lat' dir='ltr'><strong><em>Ecclesiae</em></strong></span> <span class='ocrx_word' id='word_1_286' title='bbox 1043 4813 1062 4841; x_wconf 94' lang='lat'><strong><em>,</em></strong></span> <span class='ocrx_word' id='word_1_287' title='bbox 1092 4789 1160 4830; x_wconf 89' lang='lat' dir='ltr'><strong><em>ac</em></strong></span> <span class='ocrx_word' id='word_1_288' title='bbox 1204 4789 1395 4830; x_wconf 86' lang='lat' dir='ltr'><strong><em>eorum</em></strong></span> <span class='ocrx_word' id='word_1_289' title='bbox 1436 4770 1658 4847; x_wconf 72' lang='lat' dir='ltr'><strong><em>futuros</em></strong></span> <span class='ocrx_word' id='word_1_290' title='bbox 1698 4771 1928 4833; x_wconf 88' lang='lat' dir='ltr'><strong><em>Priores</em></strong></span> <span class='ocrx_word' id='word_1_291' title='bbox 1968 4819 1985 4843; x_wconf 89' lang='lat'><strong><em>,</em></strong></span> <span class='ocrx_word' id='word_1_292' title='bbox 2022 4769 2277 4833; x_wconf 85' lang='lat' dir='ltr'><strong><em>Canoni-</em></strong></span> 
     </span>
     <span class='ocr_line' id='line_1_46' title="bbox 732 4858 2278 4936; baseline 0.003 -16"><span class='ocrx_word' id='word_1_293' title='bbox 732 4880 821 4921; x_wconf 75' lang='lat' dir='ltr'><strong><em>css</em></strong></span> <span class='ocrx_word' id='word_1_294' title='bbox 843 4905 861 4933; x_wconf 91' lang='lat'><strong><em>,</em></strong></span> <span class='ocrx_word' id='word_1_295' title='bbox 897 4858 1260 4923; x_wconf 73' lang='lat' dir='ltr'><strong><em>Socristanos</em></strong></span> <span class='ocrx_word' id='word_1_296' title='bbox 1285 4909 1302 4933; x_wconf 89' lang='lat'><strong><em>,</em></strong></span> <span class='ocrx_word' id='word_1_297' title='bbox 1332 4860 1578 4925; x_wconf 86' lang='lat' dir='ltr'><strong><em>Clericos</em></strong></span> <span class='ocrx_word' id='word_1_298' title='bbox 1600 4912 1618 4936; x_wconf 88' lang='lat'><strong><em>,</em></strong></span> <span class='ocrx_word' id='word_1_299' title='bbox 1646 4875 1749 4928; x_wconf 82' lang='lat' dir='ltr'><strong><em>aut</em></strong></span> <span class='ocrx_word' id='word_1_300' title='bbox 1780 4866 1925 4928; x_wconf 88' lang='lat' dir='ltr'><strong><em>alios</em></strong></span> <span class='ocrx_word' id='word_1_301' title='bbox 1953 4866 2154 4926; x_wconf 82' lang='lat' dir='ltr'><strong><em>eisdem</em></strong></span> <span class='ocrx_word' id='word_1_302' title='bbox 2184 4867 2278 4925; x_wconf 88' lang='lat' dir='ltr'><strong><em>in-</em></strong></span> 
     </span>
     <span class='ocr_line' id='line_1_47' title="bbox 731 4957 2280 5038; baseline 0.003 -23"><span class='ocrx_word' id='word_1_303' title='bbox 731 4957 1024 5015; x_wconf 76' lang='lat' dir='ltr'><strong><em>servientes</em></strong></span> <span class='ocrx_word' id='word_1_304' title='bbox 1061 4976 1188 5017; x_wconf 85' lang='lat' dir='ltr'><strong><em>cum</em></strong></span> <span class='ocrx_word' id='word_1_305' title='bbox 1224 4977 1415 5018; x_wconf 86' lang='lat' dir='ltr'><strong><em>eorum</em></strong></span> <span class='ocrx_word' id='word_1_306' title='bbox 1457 4960 1620 5020; x_wconf 82' lang='lat' dir='ltr'><strong><em>rebus</em></strong></span> <span class='ocrx_word' id='word_1_307' title='bbox 1646 5004 1664 5035; x_wconf 91' lang='lat'><strong><em>,</em></strong></span> <span class='ocrx_word' id='word_1_308' title='bbox 1697 4960 1885 5031; x_wconf 85' lang='lat' dir='ltr'><strong><em>bonis,</em></strong></span> <span class='ocrx_word' id='word_1_309' title='bbox 1914 4960 2144 5038; x_wconf 77' lang='lat' dir='ltr'><strong><em>juribus</em></strong></span> <span class='ocrx_word' id='word_1_310' title='bbox 2170 5007 2187 5029; x_wconf 90' lang='lat'><strong><em>,</em></strong></span> <span class='ocrx_word' id='word_1_311' title='bbox 2228 4967 2280 5020; x_wconf 87' lang='lat' dir='ltr'><strong><em>et</em></strong></span> 
     </span>
     <span class='ocr_line' id='line_1_48' title="bbox 728 5049 2281 5127; baseline 0.005 -21"><span class='ocrx_word' id='word_1_312' title='bbox 728 5049 1086 5127; x_wconf 77' lang='lat' dir='ltr'><strong><em>pertinentiis</em></strong></span> <span class='ocrx_word' id='word_1_313' title='bbox 1109 5051 1385 5111; x_wconf 83' lang='lat' dir='ltr'><strong><em>universis</em></strong></span> <span class='ocrx_word' id='word_1_314' title='bbox 1411 5095 1429 5124; x_wconf 89' lang='lat'><strong><em>,</em></strong></span> <span class='ocrx_word' id='word_1_315' title='bbox 1457 5053 1775 5113; x_wconf 79' lang='lat' dir='ltr'><strong><em>visitationi</em></strong></span> <span class='ocrx_word' id='word_1_316' title='bbox 1799 5099 1816 5123; x_wconf 90' lang='lat'><strong><em>,</em></strong></span> <span class='ocrx_word' id='word_1_317' title='bbox 1845 5054 2199 5127; x_wconf 86' lang='lat' dir='ltr'><strong><em>correctioni,</em></strong></span> <span class='ocrx_word' id='word_1_318' title='bbox 2229 5062 2281 5114; x_wconf 87' lang='lat' dir='ltr'><strong><em>et</em></strong></span> 
     </span>
     <span class='ocr_line' id='line_1_49' title="bbox 731 5142 2282 5221; baseline 0.007 -21"><span class='ocrx_word' id='word_1_319' title='bbox 731 5142 1078 5203; x_wconf 82' lang='lat' dir='ltr'><strong><em>omnimodae</em></strong></span> <span class='ocrx_word' id='word_1_320' title='bbox 1089 5143 1482 5221; x_wconf 79' lang='lat' dir='ltr'><strong><em>jurisdictioni</em></strong></span> <span class='ocrx_word' id='word_1_321' title='bbox 1504 5147 1643 5207; x_wconf 81' lang='lat' dir='ltr'><strong><em>dicti</em></strong></span> <span class='ocrx_word' id='word_1_322' title='bbox 1663 5146 1956 5210; x_wconf 74' lang='lat' dir='ltr'><strong><em>Franci-sci</em></strong></span> <span class='ocrx_word' id='word_1_323' title='bbox 1990 5145 2282 5210; x_wconf 81' lang='lat' dir='ltr'><strong><em>Cardina·</em></strong></span> 
     </span>
     <span class='ocr_line' id='line_1_50' title="bbox 736 5236 2282 5318; baseline 0.008 -26"><span class='ocrx_word' id='word_1_324' title='bbox 736 5236 837 5307; x_wconf 71' lang='lat' dir='ltr'><strong><em>lis,</em></strong></span> <span class='ocrx_word' id='word_1_325' title='bbox 887 5254 955 5296; x_wconf 88' lang='lat' dir='ltr'><strong><em>ac</em></strong></span> <span class='ocrx_word' id='word_1_326' title='bbox 1002 5255 1107 5317; x_wconf 83' lang='lat' dir='ltr'><strong><em>pro</em></strong></span> <span class='ocrx_word' id='word_1_327' title='bbox 1156 5247 1391 5318; x_wconf 83' lang='lat' dir='ltr'><strong><em>tempore</em></strong></span> <span class='ocrx_word' id='word_1_328' title='bbox 1454 5242 1745 5301; x_wconf 71' lang='lat' dir='ltr'><strong><em>existentis</em></strong></span> <span class='ocrx_word' id='word_1_329' title='bbox 1797 5239 2282 5304; x_wconf 79' lang='lat' dir='ltr'><strong><em>Commendatarii</em></strong></span> 
     </span>
     <span class='ocr_line' id='line_1_51' title="bbox 733 5328 2280 5418; baseline 0.005 -30"><span class='ocrx_word' id='word_1_330' title='bbox 733 5328 965 5406; x_wconf 75' lang='lat' dir='ltr'><strong><em>Fae-fen.</em></strong></span> <span class='ocrx_word' id='word_1_331' title='bbox 1000 5341 1051 5391; x_wconf 88' lang='lat' dir='ltr'><strong><em>et</em></strong></span> <span class='ocrx_word' id='word_1_332' title='bbox 1097 5329 1169 5392; x_wconf 88' lang='lat' dir='ltr'><strong><em>S.</em></strong></span> <span class='ocrx_word' id='word_1_333' title='bbox 1200 5329 1524 5395; x_wconf 83' lang='lat' dir='ltr'><strong><em>Salvatoris</em></strong></span> <span class='ocrx_word' id='word_1_334' title='bbox 1548 5334 1969 5398; x_wconf 84' lang='lat' dir='ltr'><strong><em>Monasterium</em></strong></span> <span class='ocrx_word' id='word_1_335' title='bbox 2009 5338 2280 5418; x_wconf 81' lang='lat' dir='ltr'><strong><em>supponi-</em></strong></span> 
     </span>
     <span class='ocr_line' id='line_1_52' title="bbox 731 5425 2281 5510; baseline 0.006 -28"><span class='ocrx_word' id='word_1_336' title='bbox 731 5442 887 5497; x_wconf 87' lang='lat' dir='ltr'><strong><em>mus,</em></strong></span> <span class='ocrx_word' id='word_1_337' title='bbox 918 5433 969 5485; x_wconf 90' lang='lat' dir='ltr'><strong><em>et</em></strong></span> <span class='ocrx_word' id='word_1_338' title='bbox 1003 5425 1371 5504; x_wconf 78' lang='lat' dir='ltr'><strong><em>subjicimus,-</em></strong></span> <span class='ocrx_word' id='word_1_339' title='bbox 1405 5429 1659 5510; x_wconf 79' lang='lat' dir='ltr'><strong><em>quodque</em></strong></span> <span class='ocrx_word' id='word_1_340' title='bbox 1679 5431 1744 5492; x_wconf 86' lang='lat' dir='ltr'><strong><em>in</em></strong></span> <span class='ocrx_word' id='word_1_341' title='bbox 1770 5431 1968 5493; x_wconf 80' lang='lat' dir='ltr'><strong><em>iisdem</em></strong></span> <span class='ocrx_word' id='word_1_342' title='bbox 2012 5430 2281 5495; x_wconf 80' lang='lat' dir='ltr'><strong><em>Ecclesiis</em></strong></span> 
     </span>
    </p>
   </div>
   <div class='ocr_carea' id='block_1_16' title="bbox 2374 1088 3941 5510">
    <p class='ocr_par' dir='ltr' id='par_1_19' title="bbox 2374 1088 3940 3982">
     <span class='ocr_line' id='line_1_53' title="bbox 2492 1088 3921 1178; baseline -0.008 -17"><span class='ocrx_word' id='word_1_343' title='bbox 2492 1098 2672 1161; x_wconf 86' lang='lat' dir='ltr'><strong><em>Haud</em></strong></span> <span class='ocrx_word' id='word_1_344' title='bbox 2708 1101 2959 1178; x_wconf 83' lang='lat' dir='ltr'><strong><em>urgente</em></strong></span> <span class='ocrx_word' id='word_1_345' title='bbox 2979 1140 2997 1168; x_wconf 91' lang='lat'><strong><em>,</em></strong></span> <span class='ocrx_word' id='word_1_346' title='bbox 3025 1093 3190 1175; x_wconf 89' lang='lat' dir='ltr'><strong><em>quod</em></strong></span> <span class='ocrx_word' id='word_1_347' title='bbox 3219 1092 3319 1155; x_wconf 87' lang='lat' dir='ltr'><strong><em>hic</em></strong></span> <span class='ocrx_word' id='word_1_348' title='bbox 3339 1137 3356 1166; x_wconf 94' lang='lat'><strong><em>,</em></strong></span> <span class='ocrx_word' id='word_1_349' title='bbox 3381 1099 3440 1154; x_wconf 92' lang='lat' dir='ltr'><strong><em>et</em></strong></span> <span class='ocrx_word' id='word_1_350' title='bbox 3469 1110 3629 1178; x_wconf 84' lang='lat' dir='ltr'><strong><em>nunc</em></strong></span> <span class='ocrx_word' id='word_1_351' title='bbox 3658 1108 3776 1151; x_wconf 90' lang='lat' dir='ltr'><strong><em>non</em></strong></span> <span class='ocrx_word' id='word_1_352' title='bbox 3797 1088 3921 1170; x_wconf 85' lang='lat' dir='ltr'><strong><em>agi-</em></strong></span> 
     </span>
     <span class='ocr_line' id='line_1_54' title="bbox 2380 1184 3921 1266; baseline -0.008 -8"><span class='ocrx_word' id='word_1_353' title='bbox 2380 1206 2479 1259; x_wconf 89' lang='lat' dir='ltr'><strong><em>tur</em></strong></span> <span class='ocrx_word' id='word_1_354' title='bbox 2514 1194 2590 1257; x_wconf 90' lang='lat' dir='ltr'><strong><em>de</em></strong></span> <span class='ocrx_word' id='word_1_355' title='bbox 2626 1191 2845 1255; x_wconf 87' lang='lat' dir='ltr'><strong><em>delicto</em></strong></span> <span class='ocrx_word' id='word_1_356' title='bbox 2871 1189 3187 1254; x_wconf 87' lang='lat' dir='ltr'><strong><em>commisso</em></strong></span> <span class='ocrx_word' id='word_1_357' title='bbox 3217 1187 3377 1249; x_wconf 91' lang='lat' dir='ltr'><strong><em>intra</em></strong></span> <span class='ocrx_word' id='word_1_358' title='bbox 3419 1194 3584 1266; x_wconf 87' lang='lat' dir='ltr'><strong><em>septa</em></strong></span> <span class='ocrx_word' id='word_1_359' title='bbox 3625 1184 3921 1265; x_wconf 80' lang='lat' dir='ltr'><strong><em>Collegia-</em></strong></span> 
     </span>
     <span class='ocr_line' id='line_1_55' title="bbox 2382 1277 3924 1364; baseline -0.009 -11"><span class='ocrx_word' id='word_1_360' title='bbox 2382 1298 2515 1363; x_wconf 87' lang='lat' dir='ltr'><strong><em>tae,</em></strong></span> <span class='ocrx_word' id='word_1_361' title='bbox 2552 1288 2654 1349; x_wconf 88' lang='lat' dir='ltr'><strong><em>sed</em></strong></span> <span class='ocrx_word' id='word_1_362' title='bbox 2704 1294 2875 1348; x_wconf 80' lang='lat' dir='ltr'><strong><em>extra</em></strong></span> <span class='ocrx_word' id='word_1_363' title='bbox 2915 1280 3303 1364; x_wconf 78' lang='lat' dir='ltr'><strong><em>collegiatam</em></strong></span> <span class='ocrx_word' id='word_1_364' title='bbox 3328 1326 3347 1355; x_wconf 91' lang='lat'><strong><em>,</em></strong></span> <span class='ocrx_word' id='word_1_365' title='bbox 3374 1278 3546 1362; x_wconf 81' lang='lat' dir='ltr'><strong><em>quasi</em></strong></span> <span class='ocrx_word' id='word_1_366' title='bbox 3590 1278 3750 1360; x_wconf 90' lang='lat' dir='ltr'><strong><em>quod</em></strong></span> <span class='ocrx_word' id='word_1_367' title='bbox 3779 1277 3924 1339; x_wconf 89' lang='lat' dir='ltr'><strong><em>hinc</em></strong></span> 
     </span>
     <span class='ocr_line' id='line_1_56' title="bbox 2383 1372 3925 1462; baseline -0.008 -16"><span class='ocrx_word' id='word_1_368' title='bbox 2383 1381 2594 1446; x_wconf 80' lang='lat' dir='ltr'><strong><em>inferri</em></strong></span> <span class='ocrx_word' id='word_1_369' title='bbox 2621 1380 2838 1462; x_wconf 85' lang='lat' dir='ltr'><strong><em>possit,</em></strong></span> <span class='ocrx_word' id='word_1_370' title='bbox 2867 1376 3299 1442; x_wconf 81' lang='lat' dir='ltr'><strong><em>confectionem</em></strong></span> <span class='ocrx_word' id='word_1_371' title='bbox 3330 1392 3636 1454; x_wconf 76' lang='lat' dir='ltr'><strong><em>processus</em></strong></span> <span class='ocrx_word' id='word_1_372' title='bbox 3661 1372 3925 1453; x_wconf 87' lang='lat' dir='ltr'><strong><em>pcrtine-</em></strong></span> 
     </span>
     <span class='ocr_line' id='line_1_57' title="bbox 2380 1465 3924 1550; baseline -0.008 -10"><span class='ocrx_word' id='word_1_373' title='bbox 2380 1497 2449 1540; x_wconf 90' lang='lat' dir='ltr'><strong><em>re</em></strong></span> <span class='ocrx_word' id='word_1_374' title='bbox 2477 1478 2697 1539; x_wconf 86' lang='lat' dir='ltr'><strong><em>debere</em></strong></span> <span class='ocrx_word' id='word_1_375' title='bbox 2715 1474 2790 1537; x_wconf 86' lang='lat' dir='ltr'><strong><em>ad</em></strong></span> <span class='ocrx_word' id='word_1_376' title='bbox 2807 1472 3051 1535; x_wconf 87' lang='lat' dir='ltr'><strong><em>Curiam</em></strong></span> <span class='ocrx_word' id='word_1_377' title='bbox 3077 1467 3658 1550; x_wconf 82' lang='lat' dir='ltr'><strong><em>Archiepiscopalem</em></strong></span> <span class='ocrx_word' id='word_1_378' title='bbox 3688 1465 3924 1528; x_wconf 86' lang='lat' dir='ltr'><strong><em>Firma·</em></strong></span> 
     </span>
     <span class='ocr_line' id='line_1_58' title="bbox 2378 1561 3926 1649; baseline -0.009 -16"><span class='ocrx_word' id='word_1_379' title='bbox 2378 1592 2520 1636; x_wconf 86' lang='lat' dir='ltr'><strong><em>nam</em></strong></span> <span class='ocrx_word' id='word_1_380' title='bbox 2551 1618 2568 1642; x_wconf 89' lang='lat'><strong><em>,</em></strong></span> <span class='ocrx_word' id='word_1_381' title='bbox 2605 1580 2733 1633; x_wconf 90' lang='lat' dir='ltr'><strong><em>tum</em></strong></span> <span class='ocrx_word' id='word_1_382' title='bbox 2762 1567 2905 1649; x_wconf 90' lang='lat' dir='ltr'><strong><em>quia</em></strong></span> <span class='ocrx_word' id='word_1_383' title='bbox 2930 1569 3105 1648; x_wconf 84' lang='lat' dir='ltr'><strong><em>juxta</em></strong></span> <span class='ocrx_word' id='word_1_384' title='bbox 3132 1561 3506 1645; x_wconf 86' lang='lat' dir='ltr'><strong><em>antiquiores</em></strong></span> <span class='ocrx_word' id='word_1_385' title='bbox 3536 1561 3926 1622; x_wconf 74' lang='lat' dir='ltr'><strong><em>Summarum</em></strong></span> 
     </span>
     <span class='ocr_line' id='line_1_59' title="bbox 2380 1655 3925 1738; baseline -0.007 -11"><span class='ocrx_word' id='word_1_386' title='bbox 2380 1664 2740 1728; x_wconf 84' lang='lat' dir='ltr'><strong><em>Pontificum</em></strong></span> <span class='ocrx_word' id='word_1_387' title='bbox 2768 1659 3273 1730; x_wconf 78' lang='lat' dir='ltr'><strong><em>constitutiones,</em></strong></span> <span class='ocrx_word' id='word_1_388' title='bbox 3304 1665 3365 1719; x_wconf 90' lang='lat' dir='ltr'><strong><em>et</em></strong></span> <span class='ocrx_word' id='word_1_389' title='bbox 3407 1655 3716 1738; x_wconf 80' lang='lat' dir='ltr'><strong><em>signanter</em></strong></span> <span class='ocrx_word' id='word_1_390' title='bbox 3749 1655 3925 1736; x_wconf 80' lang='lat' dir='ltr'><strong><em>juxta</em></strong></span> 
     </span>
     <span class='ocr_line' id='line_1_60' title="bbox 2378 1749 3932 1839; baseline -0.006 -20"><span class='ocrx_word' id='word_1_391' title='bbox 2378 1759 2548 1821; x_wconf 87' lang='lat' dir='ltr'><strong><em>illam</em></strong></span> <span class='ocrx_word' id='word_1_392' title='bbox 2573 1756 2847 1839; x_wconf 82' lang='lat' dir='ltr'><strong><em>Gregorii</em></strong></span> <span class='ocrx_word' id='word_1_393' title='bbox 2878 1753 3061 1827; x_wconf 84' lang='lat' dir='ltr'><strong><em>Noni,</em></strong></span> <span class='ocrx_word' id='word_1_394' title='bbox 3083 1751 3581 1832; x_wconf 86' lang='lat' dir='ltr'><strong><em>Archiepiscopus</em></strong></span> <span class='ocrx_word' id='word_1_395' title='bbox 3608 1749 3932 1810; x_wconf 84' lang='lat' dir='ltr'><strong><em>Firmanus</em></strong></span> 
     </span>
     <span class='ocr_line' id='line_1_61' title="bbox 2378 1840 3930 1932; baseline -0.009 -17"><span class='ocrx_word' id='word_1_396' title='bbox 2378 1852 2610 1915; x_wconf 89' lang='lat' dir='ltr'><strong><em>nullam</em></strong></span> <span class='ocrx_word' id='word_1_397' title='bbox 2659 1858 2851 1932; x_wconf 81' lang='lat' dir='ltr'><strong><em>potest</em></strong></span> <span class='ocrx_word' id='word_1_398' title='bbox 2893 1866 3173 1910; x_wconf 77' lang='lat' dir='ltr'><strong><em>exercere</em></strong></span> <span class='ocrx_word' id='word_1_399' title='bbox 3195 1844 3677 1928; x_wconf 87' lang='lat' dir='ltr'><strong><em>jurisdictionem</em></strong></span> <span class='ocrx_word' id='word_1_400' title='bbox 3726 1842 3790 1902; x_wconf 90' lang='lat' dir='ltr'><strong><em>in</em></strong></span> <span class='ocrx_word' id='word_1_401' title='bbox 3816 1840 3930 1903; x_wconf 88' lang='lat' dir='ltr'><strong><em>Ec-</em></strong></span> 
     </span>
     <span class='ocr_line' id='line_1_62' title="bbox 2379 1936 3931 2018; baseline -0.009 -8"><span class='ocrx_word' id='word_1_402' title='bbox 2379 1947 2575 2009; x_wconf 84' lang='lat' dir='ltr'><strong><em>clesiis</em></strong></span> <span class='ocrx_word' id='word_1_403' title='bbox 2602 1943 2993 2008; x_wconf 81' lang='lat' dir='ltr'><strong><em>Farfensibus</em></strong></span> <span class='ocrx_word' id='word_1_404' title='bbox 3017 1990 3034 2013; x_wconf 90' lang='lat'>‚</span> <span class='ocrx_word' id='word_1_405' title='bbox 3065 1948 3126 2004; x_wconf 94' lang='lat' dir='ltr'><strong><em>et</em></strong></span> <span class='ocrx_word' id='word_1_406' title='bbox 3151 1941 3214 2003; x_wconf 90' lang='lat' dir='ltr'><strong><em>in</em></strong></span> <span class='ocrx_word' id='word_1_407' title='bbox 3238 1959 3446 2002; x_wconf 88' lang='lat' dir='ltr'><strong><em>earum</em></strong></span> <span class='ocrx_word' id='word_1_408' title='bbox 3472 1936 3744 2018; x_wconf 85' lang='lat' dir='ltr'><strong><em>personis</em></strong></span> <span class='ocrx_word' id='word_1_409' title='bbox 3760 1984 3777 2006; x_wconf 92' lang='lat'><strong><em>,</em></strong></span> <span class='ocrx_word' id='word_1_410' title='bbox 3800 1943 3931 1998; x_wconf 89' lang='lat' dir='ltr'><strong><em>tum</em></strong></span> 
     </span>
     <span class='ocr_line' id='line_1_63' title="bbox 2380 2030 3924 2124; baseline -0.008 -19"><span class='ocrx_word' id='word_1_411' title='bbox 2380 2041 2524 2124; x_wconf 91' lang='lat' dir='ltr'><strong><em>quia</em></strong></span> <span class='ocrx_word' id='word_1_412' title='bbox 2558 2038 2934 2122; x_wconf 89' lang='lat' dir='ltr'><strong><em>procedendo</em></strong></span> <span class='ocrx_word' id='word_1_413' title='bbox 2960 2037 3035 2100; x_wconf 90' lang='lat' dir='ltr'><strong><em>ad</em></strong></span> <span class='ocrx_word' id='word_1_414' title='bbox 3069 2034 3339 2099; x_wconf 85' lang='lat' dir='ltr'><strong><em>tramites</em></strong></span> <span class='ocrx_word' id='word_1_415' title='bbox 3380 2030 3699 2097; x_wconf 86' lang='lat' dir='ltr'><strong><em>erectionis</em></strong></span> <span class='ocrx_word' id='word_1_416' title='bbox 3722 2048 3924 2093; x_wconf 88' lang='lat' dir='ltr'><strong><em>mona-</em></strong></span> 
     </span>
     <span class='ocr_line' id='line_1_64' title="bbox 2376 2123 3927 2210; baseline -0.008 -11"><span class='ocrx_word' id='word_1_417' title='bbox 2376 2135 2544 2199; x_wconf 85' lang='lat' dir='ltr'><strong><em>sterii</em></strong></span> <span class='ocrx_word' id='word_1_418' title='bbox 2578 2135 2639 2197; x_wconf 91' lang='lat' dir='ltr'><strong><em>S.</em></strong></span> <span class='ocrx_word' id='word_1_419' title='bbox 2670 2133 2976 2198; x_wconf 87' lang='lat' dir='ltr'><strong><em>Victoriae</em></strong></span> <span class='ocrx_word' id='word_1_420' title='bbox 3003 2131 3065 2192; x_wconf 90' lang='lat' dir='ltr'><strong><em>in</em></strong></span> <span class='ocrx_word' id='word_1_421' title='bbox 3090 2129 3515 2210; x_wconf 82' lang='lat' dir='ltr'><strong><em>Collegiatam,</em></strong></span> <span class='ocrx_word' id='word_1_422' title='bbox 3546 2125 3598 2187; x_wconf 84' lang='lat' dir='ltr'><strong><em>si</em></strong></span> <span class='ocrx_word' id='word_1_423' title='bbox 3639 2123 3927 2188; x_wconf 87' lang='lat' dir='ltr'><strong><em>Canonici</em></strong></span> 
     </span>
     <span class='ocr_line' id='line_1_65' title="bbox 2384 2218 3936 2308; baseline -0.006 -16"><span class='ocrx_word' id='word_1_424' title='bbox 2384 2236 2699 2293; x_wconf 88' lang='lat' dir='ltr'><strong><em>remanent</em></strong></span> <span class='ocrx_word' id='word_1_425' title='bbox 2726 2226 2974 2308; x_wconf 86' lang='lat' dir='ltr'><strong><em>subjecti</em></strong></span> <span class='ocrx_word' id='word_1_426' title='bbox 3013 2223 3397 2287; x_wconf 89' lang='lat' dir='ltr'><strong><em>omnimodae</em></strong></span> <span class='ocrx_word' id='word_1_427' title='bbox 3437 2218 3836 2292; x_wconf 90' lang='lat' dir='ltr'><strong><em>correctioni,</em></strong></span> <span class='ocrx_word' id='word_1_428' title='bbox 3871 2225 3936 2282; x_wconf 84' lang='lat' dir='ltr'><strong><em>et</em></strong></span> 
     </span>
     <span class='ocr_line' id='line_1_66' title="bbox 2374 2313 3933 2406; baseline -0.009 -19"><span class='ocrx_word' id='word_1_429' title='bbox 2374 2322 2779 2406; x_wconf 87' lang='lat' dir='ltr'><strong><em>jurisdictioni</em></strong></span> <span class='ocrx_word' id='word_1_430' title='bbox 2830 2320 3084 2383; x_wconf 81' lang='lat' dir='ltr'><strong><em>Abbatis</em></strong></span> <span class='ocrx_word' id='word_1_431' title='bbox 3117 2315 3421 2380; x_wconf 79' lang='lat' dir='ltr'><strong><em>Farfensis</em></strong></span> <span class='ocrx_word' id='word_1_432' title='bbox 3445 2361 3463 2386; x_wconf 85' lang='lat'>‚</span> <span class='ocrx_word' id='word_1_433' title='bbox 3492 2315 3542 2377; x_wconf 90' lang='lat' dir='ltr'><strong><em>si</em></strong></span> <span class='ocrx_word' id='word_1_434' title='bbox 3593 2313 3774 2376; x_wconf 90' lang='lat' dir='ltr'><strong><em>iidem</em></strong></span> <span class='ocrx_word' id='word_1_435' title='bbox 3808 2332 3933 2376; x_wconf 85' lang='lat' dir='ltr'><strong><em>am·</em></strong></span> 
     </span>
     <span class='ocr_line' id='line_1_67' title="bbox 2385 2410 3934 2500; baseline -0.006 -21"><span class='ocrx_word' id='word_1_436' title='bbox 2385 2418 2650 2500; x_wconf 80' lang='lat' dir='ltr'><strong><em>plissima</em></strong></span> <span class='ocrx_word' id='word_1_437' title='bbox 2681 2417 2974 2479; x_wconf 80' lang='lat' dir='ltr'><strong><em>fruuntur</em></strong></span> <span class='ocrx_word' id='word_1_438' title='bbox 3016 2412 3311 2494; x_wconf 88' lang='lat' dir='ltr'><strong><em>personali</em></strong></span> <span class='ocrx_word' id='word_1_439' title='bbox 3339 2410 3722 2491; x_wconf 83' lang='lat' dir='ltr'><strong><em>exemptione</em></strong></span> <span class='ocrx_word' id='word_1_440' title='bbox 3742 2453 3759 2482; x_wconf 93' lang='lat'><strong><em>,</em></strong></span> <span class='ocrx_word' id='word_1_441' title='bbox 3789 2427 3934 2469; x_wconf 86' lang='lat' dir='ltr'><strong><em>con·</em></strong></span> 
     </span>
     <span class='ocr_line' id='line_1_68' title="bbox 2383 2507 3930 2592; baseline -0.008 -17"><span class='ocrx_word' id='word_1_442' title='bbox 2383 2512 2562 2575; x_wconf 79' lang='lat' dir='ltr'><strong><em>sectio</em></strong></span> <span class='ocrx_word' id='word_1_443' title='bbox 2586 2528 2896 2592; x_wconf 87' lang='lat' dir='ltr'><strong><em>processus</em></strong></span> <span class='ocrx_word' id='word_1_444' title='bbox 2925 2509 2999 2571; x_wconf 90' lang='lat' dir='ltr'><strong><em>ad</em></strong></span> <span class='ocrx_word' id='word_1_445' title='bbox 3031 2507 3219 2569; x_wconf 90' lang='lat' dir='ltr'><strong><em>alium</em></strong></span> <span class='ocrx_word' id='word_1_446' title='bbox 3250 2514 3515 2586; x_wconf 89' lang='lat' dir='ltr'><strong><em>spectare</em></strong></span> <span class='ocrx_word' id='word_1_447' title='bbox 3555 2522 3674 2565; x_wconf 91' lang='lat' dir='ltr'><strong><em>non</em></strong></span> <span class='ocrx_word' id='word_1_448' title='bbox 3701 2509 3930 2584; x_wconf 88' lang='lat' dir='ltr'><strong><em>potest,</em></strong></span> 
     </span>
     <span class='ocr_line' id='line_1_69' title="bbox 2382 2595 3935 2688; baseline -0.008 -18"><span class='ocrx_word' id='word_1_449' title='bbox 2382 2626 2568 2688; x_wconf 89' lang='lat' dir='ltr'><strong><em>quam</em></strong></span> <span class='ocrx_word' id='word_1_450' title='bbox 2598 2607 2673 2668; x_wconf 89' lang='lat' dir='ltr'><strong><em>ad</em></strong></span> <span class='ocrx_word' id='word_1_451' title='bbox 2698 2602 3256 2667; x_wconf 85' lang='lat' dir='ltr'><strong><em>Eminentissimum</em></strong></span> <span class='ocrx_word' id='word_1_452' title='bbox 3279 2600 3600 2669; x_wconf 83' lang='lat' dir='ltr'><strong><em>Abbatem,</em></strong></span> <span class='ocrx_word' id='word_1_453' title='bbox 3621 2617 3758 2658; x_wconf 90' lang='lat' dir='ltr'><strong><em>cum</em></strong></span> <span class='ocrx_word' id='word_1_454' title='bbox 3787 2595 3935 2658; x_wconf 87' lang='lat' dir='ltr'><strong><em>haec</em></strong></span> 
     </span>
     <span class='ocr_line' id='line_1_70' title="bbox 2385 2690 3935 2774; baseline -0.007 -11"><span class='ocrx_word' id='word_1_455' title='bbox 2385 2699 2715 2763; x_wconf 84' lang='lat' dir='ltr'><strong><em>intercedat</em></strong></span> <span class='ocrx_word' id='word_1_456' title='bbox 2754 2696 3093 2761; x_wconf 82' lang='lat' dir='ltr'><strong><em>differentia</em></strong></span> <span class='ocrx_word' id='word_1_457' title='bbox 3124 2695 3282 2762; x_wconf 83' lang='lat' dir='ltr'><strong><em>inter</em></strong></span> <span class='ocrx_word' id='word_1_458' title='bbox 3302 2692 3744 2774; x_wconf 85' lang='lat' dir='ltr'><strong><em>exemptionem</em></strong></span> <span class='ocrx_word' id='word_1_459' title='bbox 3775 2690 3935 2753; x_wconf 87' lang='lat' dir='ltr'><strong><em>loca-</em></strong></span> 
     </span>
     <span class='ocr_line' id='line_1_71' title="bbox 2384 2785 3934 2871; baseline -0.006 -15"><span class='ocrx_word' id='word_1_460' title='bbox 2384 2795 2502 2857; x_wconf 90' lang='lat' dir='ltr'><strong><em>lem</em></strong></span> <span class='ocrx_word' id='word_1_461' title='bbox 2527 2840 2544 2867; x_wconf 88' lang='lat'><strong><em>,</em></strong></span> <span class='ocrx_word' id='word_1_462' title='bbox 2596 2802 2658 2856; x_wconf 90' lang='lat' dir='ltr'><strong><em>et</em></strong></span> <span class='ocrx_word' id='word_1_463' title='bbox 2703 2789 3142 2871; x_wconf 85' lang='lat' dir='ltr'><strong><em>exemptionem</em></strong></span> <span class='ocrx_word' id='word_1_464' title='bbox 3193 2788 3567 2868; x_wconf 86' lang='lat' dir='ltr'><strong><em>personalem</em></strong></span> <span class='ocrx_word' id='word_1_465' title='bbox 3590 2831 3608 2861; x_wconf 88' lang='lat'><strong><em>,</em></strong></span> <span class='ocrx_word' id='word_1_466' title='bbox 3656 2786 3818 2867; x_wconf 86' lang='lat' dir='ltr'><strong><em>quod</em></strong></span> <span class='ocrx_word' id='word_1_467' title='bbox 3868 2785 3934 2848; x_wconf 88' lang='lat' dir='ltr'><strong><em>in</em></strong></span> 
     </span>
     <span class='ocr_line' id='line_1_72' title="bbox 2385 2880 3938 2972; baseline -0.006 -22"><span class='ocrx_word' id='word_1_468' title='bbox 2385 2889 2582 2972; x_wconf 90' lang='lat' dir='ltr'><strong><em>primo</em></strong></span> <span class='ocrx_word' id='word_1_469' title='bbox 2620 2907 2763 2951; x_wconf 89' lang='lat' dir='ltr'><strong><em>casu</em></strong></span> <span class='ocrx_word' id='word_1_470' title='bbox 2811 2884 3168 2964; x_wconf 83' lang='lat' dir='ltr'><strong><em>delinquens</em></strong></span> <span class='ocrx_word' id='word_1_471' title='bbox 3218 2892 3390 2945; x_wconf 83' lang='lat' dir='ltr'><strong><em>extra</em></strong></span> <span class='ocrx_word' id='word_1_472' title='bbox 3439 2882 3634 2942; x_wconf 86' lang='lat' dir='ltr'><strong><em>locum</em></strong></span> <span class='ocrx_word' id='word_1_473' title='bbox 3685 2880 3938 2961; x_wconf 85' lang='lat' dir='ltr'><strong><em>punitur</em></strong></span> 
     </span>
     <span class='ocr_line' id='line_1_73' title="bbox 2384 2974 3933 3052; baseline -0.008 -7"><span class='ocrx_word' id='word_1_474' title='bbox 2384 2983 2464 3045; x_wconf 87' lang='lat' dir='ltr'><strong><em>ab</em></strong></span> <span class='ocrx_word' id='word_1_475' title='bbox 2492 2979 2819 3044; x_wconf 80' lang='lat' dir='ltr'><strong><em>Ordinatio</em></strong></span> <span class='ocrx_word' id='word_1_476' title='bbox 2846 3027 2864 3052; x_wconf 87' lang='lat'><strong><em>,</em></strong></span> <span class='ocrx_word' id='word_1_477' title='bbox 2899 2995 3070 3041; x_wconf 84' lang='lat' dir='ltr'><strong><em>secus</em></strong></span> <span class='ocrx_word' id='word_1_478' title='bbox 3103 2988 3304 3038; x_wconf 69' lang='lat' dir='ltr'><strong><em>aunem</em></strong></span> <span class='ocrx_word' id='word_1_479' title='bbox 3333 2995 3396 3037; x_wconf 87' lang='lat' dir='ltr'><strong><em>se</em></strong></span> <span class='ocrx_word' id='word_1_480' title='bbox 3417 2975 3599 3036; x_wconf 79' lang='lat' dir='ltr'><strong><em>habet</em></strong></span> <span class='ocrx_word' id='word_1_481' title='bbox 3631 2995 3726 3036; x_wconf 85' lang='lat' dir='ltr'><strong><em>res</em></strong></span> <span class='ocrx_word' id='word_1_482' title='bbox 3759 2974 3820 3034; x_wconf 93' lang='lat' dir='ltr'><strong><em>in</em></strong></span> <span class='ocrx_word' id='word_1_483' title='bbox 3843 2992 3933 3034; x_wconf 82' lang='lat' dir='ltr'><strong><em>se-</em></strong></span> 
     </span>
     <span class='ocr_line' id='line_1_74' title="bbox 2384 3066 3935 3151; baseline -0.007 -12"><span class='ocrx_word' id='word_1_484' title='bbox 2384 3076 2584 3139; x_wconf 89' lang='lat' dir='ltr'><strong><em>cundo</em></strong></span> <span class='ocrx_word' id='word_1_485' title='bbox 2632 3094 2775 3138; x_wconf 88' lang='lat' dir='ltr'><strong><em>casu</em></strong></span> <span class='ocrx_word' id='word_1_486' title='bbox 2798 3118 2816 3148; x_wconf 89' lang='lat'><strong><em>,</em></strong></span> <span class='ocrx_word' id='word_1_487' title='bbox 2851 3092 2989 3151; x_wconf 81' lang='lat' dir='ltr'><strong><em>cum</em></strong></span> <span class='ocrx_word' id='word_1_488' title='bbox 3038 3071 3101 3132; x_wconf 90' lang='lat' dir='ltr'><strong><em>in</em></strong></span> <span class='ocrx_word' id='word_1_489' title='bbox 3155 3070 3270 3133; x_wconf 88' lang='lat' dir='ltr'><strong><em>hoc</em></strong></span> <span class='ocrx_word' id='word_1_490' title='bbox 3315 3089 3425 3130; x_wconf 90' lang='lat' dir='ltr'><strong><em>nec</em></strong></span> <span class='ocrx_word' id='word_1_491' title='bbox 3474 3068 3710 3132; x_wconf 87' lang='lat' dir='ltr'><strong><em>ratione</em></strong></span> <span class='ocrx_word' id='word_1_492' title='bbox 3735 3066 3935 3129; x_wconf 86' lang='lat' dir='ltr'><strong><em>delicti</em></strong></span> 
     </span>
     <span class='ocr_line' id='line_1_75' title="bbox 2383 3161 3940 3243; baseline -0.008 -10"><span class='ocrx_word' id='word_1_493' title='bbox 2383 3167 2728 3243; x_wconf 87' lang='lat' dir='ltr'><strong><em>commissi,</em></strong></span> <span class='ocrx_word' id='word_1_494' title='bbox 2766 3175 2875 3230; x_wconf 89' lang='lat' dir='ltr'><strong><em>aut</em></strong></span> <span class='ocrx_word' id='word_1_495' title='bbox 2906 3172 3247 3229; x_wconf 87' lang='lat' dir='ltr'><strong><em>contractus</em></strong></span> <span class='ocrx_word' id='word_1_496' title='bbox 3291 3162 3470 3237; x_wconf 89' lang='lat' dir='ltr'><strong><em>initi,</em></strong></span> <span class='ocrx_word' id='word_1_497' title='bbox 3500 3171 3608 3224; x_wconf 90' lang='lat' dir='ltr'><strong><em>aut</em></strong></span> <span class='ocrx_word' id='word_1_498' title='bbox 3651 3161 3739 3223; x_wconf 90' lang='lat' dir='ltr'><strong><em>rei</em></strong></span> <span class='ocrx_word' id='word_1_499' title='bbox 3788 3161 3940 3222; x_wconf 84' lang='lat' dir='ltr'><strong><em>sitae</em></strong></span> 
     </span>
     <span class='ocr_line' id='line_1_76' title="bbox 2386 3253 3938 3340; baseline -0.008 -13"><span class='ocrx_word' id='word_1_500' title='bbox 2386 3272 2560 3327; x_wconf 81' lang='lat' dir='ltr'><strong><em>extra</em></strong></span> <span class='ocrx_word' id='word_1_501' title='bbox 2602 3262 2801 3325; x_wconf 89' lang='lat' dir='ltr'><strong><em>locum</em></strong></span> <span class='ocrx_word' id='word_1_502' title='bbox 2849 3266 3237 3340; x_wconf 86' lang='lat' dir='ltr'><strong><em>exemptum,</em></strong></span> <span class='ocrx_word' id='word_1_503' title='bbox 3266 3262 3579 3338; x_wconf 83' lang='lat' dir='ltr'><strong><em>exemptus</em></strong></span> <span class='ocrx_word' id='word_1_504' title='bbox 3625 3253 3938 3317; x_wconf 84' lang='lat' dir='ltr'><strong><em>conveniri</em></strong></span> 
     </span>
     <span class='ocr_line' id='line_1_77' title="bbox 2383 3347 3937 3429; baseline -0.009 -8"><span class='ocrx_word' id='word_1_505' title='bbox 2383 3358 2583 3422; x_wconf 84' lang='lat' dir='ltr'><strong><em>valeat</em></strong></span> <span class='ocrx_word' id='word_1_506' title='bbox 2650 3375 2852 3419; x_wconf 88' lang='lat' dir='ltr'><strong><em>coram</em></strong></span> <span class='ocrx_word' id='word_1_507' title='bbox 2911 3352 3242 3417; x_wconf 83' lang='lat' dir='ltr'><strong><em>Ordinario</em></strong></span> <span class='ocrx_word' id='word_1_508' title='bbox 3261 3397 3279 3427; x_wconf 89' lang='lat'><strong><em>,</em></strong></span> <span class='ocrx_word' id='word_1_509' title='bbox 3334 3350 3423 3413; x_wconf 90' lang='lat' dir='ltr'><strong><em>uti</em></strong></span> <span class='ocrx_word' id='word_1_510' title='bbox 3486 3347 3937 3429; x_wconf 86' lang='lat' dir='ltr'><strong><em>interpretando</em></strong></span> 
     </span>
     <span class='ocr_line' id='line_1_78' title="bbox 2383 3441 3939 3523; baseline -0.008 -8"><span class='ocrx_word' id='word_1_511' title='bbox 2383 3454 2640 3515; x_wconf 86' lang='lat' dir='ltr'><strong><em>Textum</em></strong></span> <span class='ocrx_word' id='word_1_512' title='bbox 2674 3448 3007 3512; x_wconf 89' lang='lat' dir='ltr'><strong><em>lnnocentii</em></strong></span> <span class='ocrx_word' id='word_1_513' title='bbox 3046 3445 3263 3523; x_wconf 87' lang='lat' dir='ltr'><strong><em>Quarti</em></strong></span> <span class='ocrx_word' id='word_1_514' title='bbox 3301 3446 3366 3504; x_wconf 88' lang='lat' dir='ltr'><strong><em>in</em></strong></span> <span class='ocrx_word' id='word_1_515' title='bbox 3414 3442 3561 3523; x_wconf 84' lang='lat' dir='ltr'><strong><em>Cap.</em></strong></span> <span class='ocrx_word' id='word_1_516' title='bbox 3607 3442 3842 3502; x_wconf 77' lang='lat' dir='ltr'><strong><em>colentes</em></strong></span> <span class='ocrx_word' id='word_1_517' title='bbox 3871 3441 3939 3502; x_wconf 84' lang='lat' dir='ltr'><strong><em>de</em></strong></span> 
     </span>
     <span class='ocr_line' id='line_1_79' title="bbox 2380 3535 3938 3628; baseline -0.009 -19"><span class='ocrx_word' id='word_1_518' title='bbox 2380 3548 2697 3628; x_wconf 74' lang='lat' dir='ltr'><strong><em>pricileqiis</em></strong></span> <span class='ocrx_word' id='word_1_519' title='bbox 2727 3547 2794 3604; x_wconf 90' lang='lat' dir='ltr'><strong><em>in</em></strong></span> <span class='ocrx_word' id='word_1_520' title='bbox 2842 3550 2900 3604; x_wconf 83' lang='lat'><strong><em>6.</em></strong></span> <span class='ocrx_word' id='word_1_521' title='bbox 2938 3543 3288 3604; x_wconf 86' lang='lat' dir='ltr'><strong><em>innovatum</em></strong></span> <span class='ocrx_word' id='word_1_522' title='bbox 3311 3559 3346 3602; x_wconf 90' lang='lat' dir='ltr'><strong><em>a</em></strong></span> <span class='ocrx_word' id='word_1_523' title='bbox 3391 3536 3655 3599; x_wconf 89' lang='lat' dir='ltr'><strong><em>Concilio</em></strong></span> <span class='ocrx_word' id='word_1_524' title='bbox 3687 3535 3938 3597; x_wconf 86' lang='lat' dir='ltr'><strong><em>Triden-</em></strong></span> 
     </span>
     <span class='ocr_line' id='line_1_80' title="bbox 2386 3631 3938 3719; baseline -0.006 -16"><span class='ocrx_word' id='word_1_525' title='bbox 2386 3640 2514 3703; x_wconf 88' lang='lat' dir='ltr'><strong><em>tino</em></strong></span> <span class='ocrx_word' id='word_1_526' title='bbox 2531 3660 2660 3701; x_wconf 93' lang='lat' dir='ltr'><strong><em>sess.</em></strong></span> <span class='ocrx_word' id='word_1_527' title='bbox 2678 3645 2738 3701; x_wconf 86' lang='lat'><strong><em>7.</em></strong></span> <span class='ocrx_word' id='word_1_528' title='bbox 2756 3660 2881 3719; x_wconf 78' lang='lat' dir='ltr'><strong><em>cap.</em></strong></span> <span class='ocrx_word' id='word_1_529' title='bbox 2911 3642 3007 3698; x_wconf 62' lang='lat'><strong><em>14.</em></strong></span> <span class='ocrx_word' id='word_1_530' title='bbox 3033 3638 3099 3699; x_wconf 85' lang='lat' dir='ltr'><strong><em>de</em></strong></span> <span class='ocrx_word' id='word_1_531' title='bbox 3123 3635 3371 3714; x_wconf 70' lang='lat' dir='ltr'><strong><em>Reform.</em></strong></span> <span class='ocrx_word' id='word_1_532' title='bbox 3391 3633 3543 3694; x_wconf 88' lang='lat' dir='ltr'><strong><em>bene</em></strong></span> <span class='ocrx_word' id='word_1_533' title='bbox 3568 3631 3938 3693; x_wconf 85' lang='lat' dir='ltr'><strong><em>adnotarunt</em></strong></span> 
     </span>
     <span class='ocr_line' id='line_1_81' title="bbox 2383 3723 3940 3810; baseline -0.008 -13"><span class='ocrx_word' id='word_1_534' title='bbox 2383 3735 2589 3797; x_wconf 85' lang='lat' dir='ltr'><strong><em>Franc.</em></strong></span> <span class='ocrx_word' id='word_1_535' title='bbox 2620 3736 2685 3794; x_wconf 85' lang='lat' dir='ltr'><strong><em>in</em></strong></span> <span class='ocrx_word' id='word_1_536' title='bbox 2711 3734 2888 3795; x_wconf 86' lang='lat' dir='ltr'><strong><em>citato</em></strong></span> <span class='ocrx_word' id='word_1_537' title='bbox 2909 3750 3035 3810; x_wconf 88' lang='lat' dir='ltr'><strong><em>cap.</em></strong></span> <span class='ocrx_word' id='word_1_538' title='bbox 3066 3731 3303 3791; x_wconf 85' lang='lat' dir='ltr'><strong><em>volentes</em></strong></span> <span class='ocrx_word' id='word_1_539' title='bbox 3328 3744 3549 3786; x_wconf 85' lang='lat' dir='ltr'><strong><em>numer.</em></strong></span> <span class='ocrx_word' id='word_1_540' title='bbox 3572 3729 3633 3784; x_wconf 90' lang='grc'><strong><em>2.</em></strong></span> <span class='ocrx_word' id='word_1_541' title='bbox 3679 3723 3940 3786; x_wconf 74' lang='lat' dir='ltr'><strong><em>Bar-bosa</em></strong></span> 
     </span>
     <span class='ocr_line' id='line_1_82' title="bbox 2382 3818 3939 3900; baseline -0.007 -12"><span class='ocrx_word' id='word_1_542' title='bbox 2382 3848 2543 3890; x_wconf 86' lang='lat' dir='ltr'><strong><em>num.</em></strong></span> <span class='ocrx_word' id='word_1_543' title='bbox 2576 3833 2637 3889; x_wconf 88' lang='grc'><strong><em>3.</em></strong></span> <span class='ocrx_word' id='word_1_544' title='bbox 2681 3825 2975 3889; x_wconf 84' lang='lat' dir='ltr'><strong><em>Passerin.</em></strong></span> <span class='ocrx_word' id='word_1_545' title='bbox 3000 3843 3161 3884; x_wconf 85' lang='lat' dir='ltr'><strong><em>num.</em></strong></span> <span class='ocrx_word' id='word_1_546' title='bbox 3199 3826 3259 3883; x_wconf 83' lang='grc'><strong><em>7.</em></strong></span> <span class='ocrx_word' id='word_1_547' title='bbox 3313 3830 3365 3881; x_wconf 88' lang='lat' dir='ltr'><strong><em>et</em></strong></span> <span class='ocrx_word' id='word_1_548' title='bbox 3410 3824 3471 3881; x_wconf 88' lang='lat'><strong><em>8.</em></strong></span> <span class='ocrx_word' id='word_1_549' title='bbox 3514 3818 3581 3879; x_wconf 81' lang='lat' dir='ltr'><strong><em>de</em></strong></span> <span class='ocrx_word' id='word_1_550' title='bbox 3618 3818 3939 3900; x_wconf 76' lang='lat' dir='ltr'><strong><em>pricileqiis</em></strong></span> 
     </span>
     <span class='ocr_line' id='line_1_83' title="bbox 2386 3926 2539 3982; baseline -0.007 0"><span class='ocrx_word' id='word_1_551' title='bbox 2386 3926 2448 3982; x_wconf 91' lang='lat' dir='ltr'><strong><em>in</em></strong></span> <span class='ocrx_word' id='word_1_552' title='bbox 2479 3926 2539 3982; x_wconf 81' lang='lat'><strong><em>6.</em></strong></span> 
     </span>
    </p>

    <p class='ocr_par' dir='ltr' id='par_1_20' title="bbox 2378 4004 3941 4379">
     <span class='ocr_line' id='line_1_84' title="bbox 2497 4004 3938 4094; baseline -0.007 -17"><span class='ocrx_word' id='word_1_553' title='bbox 2497 4012 2813 4094; x_wconf 83' lang='lat' dir='ltr'><strong><em>Multoque</em></strong></span> <span class='ocrx_word' id='word_1_554' title='bbox 2839 4010 3026 4092; x_wconf 89' lang='lat' dir='ltr'><strong><em>magis</em></strong></span> <span class='ocrx_word' id='word_1_555' title='bbox 3051 4028 3189 4072; x_wconf 90' lang='lat' dir='ltr'><strong><em>cum</em></strong></span> <span class='ocrx_word' id='word_1_556' title='bbox 3214 4005 3398 4070; x_wconf 85' lang='lat' dir='ltr'><strong><em>Curia</em></strong></span> <span class='ocrx_word' id='word_1_557' title='bbox 3429 4004 3765 4068; x_wconf 84' lang='lat' dir='ltr'><strong><em>Abbatialis</em></strong></span> <span class='ocrx_word' id='word_1_558' title='bbox 3794 4023 3938 4086; x_wconf 82' lang='lat' dir='ltr'><strong><em>pro-</em></strong></span> 
     </span>
     <span class='ocr_line' id='line_1_85' title="bbox 2378 4100 3940 4188; baseline -0.006 -16"><span class='ocrx_word' id='word_1_559' title='bbox 2378 4127 2574 4172; x_wconf 85' lang='lat' dir='ltr'><strong><em>cessus</em></strong></span> <span class='ocrx_word' id='word_1_560' title='bbox 2590 4105 2921 4188; x_wconf 84' lang='lat' dir='ltr'><strong><em>aliquando</em></strong></span> <span class='ocrx_word' id='word_1_561' title='bbox 2939 4100 3255 4166; x_wconf 78' lang='lat' dir='ltr'><strong><em>confecerit</em></strong></span> <span class='ocrx_word' id='word_1_562' title='bbox 3277 4100 3635 4163; x_wconf 88' lang='lat' dir='ltr'><strong><em>Criminales</em></strong></span> <span class='ocrx_word' id='word_1_563' title='bbox 3651 4100 3940 4163; x_wconf 85' lang='lat' dir='ltr'><strong><em>adversus</em></strong></span> 
     </span>
     <span class='ocr_line' id='line_1_86' title="bbox 2380 4196 3941 4282; baseline -0.004 -16"><span class='ocrx_word' id='word_1_564' title='bbox 2380 4202 2708 4267; x_wconf 87' lang='lat' dir='ltr'><strong><em>Canonicos</em></strong></span> <span class='ocrx_word' id='word_1_565' title='bbox 2735 4199 3002 4282; x_wconf 88' lang='lat' dir='ltr'><strong><em>ejusdem</em></strong></span> <span class='ocrx_word' id='word_1_566' title='bbox 3043 4196 3408 4279; x_wconf 83' lang='lat' dir='ltr'><strong><em>Collegiatae</em></strong></span> <span class='ocrx_word' id='word_1_567' title='bbox 3443 4204 3688 4277; x_wconf 92' lang='lat' dir='ltr'><strong><em>propter</em></strong></span> <span class='ocrx_word' id='word_1_568' title='bbox 3723 4196 3941 4259; x_wconf 83' lang='lat' dir='ltr'><strong><em>delicta</em></strong></span> 
     </span>
     <span class='ocr_line' id='line_1_87' title="bbox 2378 4292 3326 4379; baseline -0.009 -19"><span class='ocrx_word' id='word_1_569' title='bbox 2378 4306 2549 4361; x_wconf 80' lang='lat' dir='ltr'><strong><em>extra</em></strong></span> <span class='ocrx_word' id='word_1_570' title='bbox 2577 4295 2965 4379; x_wconf 88' lang='lat' dir='ltr'><strong><em>Collegiatam</em></strong></span> <span class='ocrx_word' id='word_1_571' title='bbox 2992 4292 3326 4354; x_wconf 88' lang='lat' dir='ltr'><strong><em>commissa.</em></strong></span> 
     </span>
    </p>

    <p class='ocr_par' dir='ltr' id='par_1_21' title="bbox 2383 4381 3940 5510">
     <span class='ocr_line' id='line_1_88' title="bbox 2498 4381 3940 4470; baseline -0.008 -17"><span class='ocrx_word' id='word_1_572' title='bbox 2498 4388 2740 4470; x_wconf 82' lang='lat' dir='ltr'><strong><em>Excipit</em></strong></span> <span class='ocrx_word' id='word_1_573' title='bbox 2765 4408 2800 4450; x_wconf 93' lang='lat' dir='ltr'><strong><em>e</em></strong></span> <span class='ocrx_word' id='word_1_574' title='bbox 2821 4397 3028 4449; x_wconf 86' lang='lat' dir='ltr'><strong><em>contra</em></strong></span> <span class='ocrx_word' id='word_1_575' title='bbox 3047 4383 3228 4446; x_wconf 89' lang='lat' dir='ltr'><strong><em>Curia</em></strong></span> <span class='ocrx_word' id='word_1_576' title='bbox 3251 4381 3786 4463; x_wconf 79' lang='lat' dir='ltr'><strong><em>Archiepiscopalis</em></strong></span> <span class='ocrx_word' id='word_1_577' title='bbox 3811 4381 3940 4443; x_wconf 87' lang='lat' dir='ltr'><strong><em>Fir-</em></strong></span> 
     </span>
     <span class='ocr_line' id='line_1_89' title="bbox 2384 4474 3937 4565; baseline -0.006 -19"><span class='ocrx_word' id='word_1_578' title='bbox 2384 4505 2582 4557; x_wconf 84' lang='lat' dir='ltr'><strong><em>mana,</em></strong></span> <span class='ocrx_word' id='word_1_579' title='bbox 2605 4484 2767 4565; x_wconf 86' lang='lat' dir='ltr'><strong><em>quod</em></strong></span> <span class='ocrx_word' id='word_1_580' title='bbox 2791 4482 2929 4543; x_wconf 90' lang='lat' dir='ltr'><strong><em>licet</em></strong></span> <span class='ocrx_word' id='word_1_581' title='bbox 2947 4478 3228 4543; x_wconf 89' lang='lat' dir='ltr'><strong><em>Canonici</em></strong></span> <span class='ocrx_word' id='word_1_582' title='bbox 3256 4477 3554 4540; x_wconf 85' lang='lat' dir='ltr'><strong><em>Ecclesiae</em></strong></span> <span class='ocrx_word' id='word_1_583' title='bbox 3576 4474 3937 4558; x_wconf 88' lang='lat' dir='ltr'><strong><em>Collegiatae</em></strong></span> 
     </span>
     <span class='ocr_line' id='line_1_90' title="bbox 2384 4566 3934 4657; baseline -0.008 -16"><span class='ocrx_word' id='word_1_584' title='bbox 2384 4579 2503 4641; x_wconf 85' lang='lat' dir='ltr'><strong><em>sint</em></strong></span> <span class='ocrx_word' id='word_1_585' title='bbox 2526 4579 2588 4639; x_wconf 89' lang='lat' dir='ltr'><strong><em>in</em></strong></span> <span class='ocrx_word' id='word_1_586' title='bbox 2613 4573 2920 4657; x_wconf 89' lang='lat' dir='ltr'><strong><em>sequelam</em></strong></span> <span class='ocrx_word' id='word_1_587' title='bbox 2944 4571 3156 4634; x_wconf 89' lang='lat' dir='ltr'><strong><em>Bullae</em></strong></span> <span class='ocrx_word' id='word_1_588' title='bbox 3184 4570 3411 4633; x_wconf 88' lang='lat' dir='ltr'><strong><em>Urbani</em></strong></span> <span class='ocrx_word' id='word_1_589' title='bbox 3436 4568 3642 4632; x_wconf 85' lang='lat' dir='ltr'><strong><em>Octavi</em></strong></span> <span class='ocrx_word' id='word_1_590' title='bbox 3674 4566 3934 4647; x_wconf 81' lang='lat' dir='ltr'><strong><em>exempti</em></strong></span> 
     </span>
     <span class='ocr_line' id='line_1_91' title="bbox 2383 4661 3936 4748; baseline -0.009 -11"><span class='ocrx_word' id='word_1_591' title='bbox 2383 4676 2461 4736; x_wconf 83' lang='lat' dir='ltr'><strong><em>ab</em></strong></span> <span class='ocrx_word' id='word_1_592' title='bbox 2484 4670 2807 4736; x_wconf 87' lang='lat' dir='ltr'><strong><em>Ordinaria</em></strong></span> <span class='ocrx_word' id='word_1_593' title='bbox 2830 4664 3340 4748; x_wconf 78' lang='lat' dir='ltr'><strong><em>Archiepiscopali</em></strong></span> <span class='ocrx_word' id='word_1_594' title='bbox 3367 4661 3805 4748; x_wconf 87' lang='lat' dir='ltr'><strong><em>jurisdictione,</em></strong></span> <span class='ocrx_word' id='word_1_595' title='bbox 3831 4661 3936 4723; x_wconf 92' lang='lat' dir='ltr'><strong><em>de·</em></strong></span> 
     </span>
     <span class='ocr_line' id='line_1_92' title="bbox 2388 4755 3935 4833; baseline -0.01 0"><span class='ocrx_word' id='word_1_596' title='bbox 2388 4772 2530 4833; x_wconf 86' lang='lat' dir='ltr'><strong><em>bent</em></strong></span> <span class='ocrx_word' id='word_1_597' title='bbox 2554 4765 2952 4828; x_wconf 84' lang='lat' dir='ltr'><strong><em>nihilominus</em></strong></span> <span class='ocrx_word' id='word_1_598' title='bbox 2972 4762 3034 4824; x_wconf 92' lang='lat' dir='ltr'><strong><em>in</em></strong></span> <span class='ocrx_word' id='word_1_599' title='bbox 3065 4781 3206 4824; x_wconf 88' lang='lat' dir='ltr'><strong><em>casu</em></strong></span> <span class='ocrx_word' id='word_1_600' title='bbox 3230 4766 3590 4831; x_wconf 84' lang='lat' dir='ltr'><strong><em>contractus,</em></strong></span> <span class='ocrx_word' id='word_1_601' title='bbox 3618 4756 3713 4820; x_wconf 84' lang='lat' dir='ltr'><strong><em>vel</em></strong></span> <span class='ocrx_word' id='word_1_602' title='bbox 3734 4755 3935 4819; x_wconf 87' lang='lat' dir='ltr'><strong><em>delicti</em></strong></span> 
     </span>
     <span class='ocr_line' id='line_1_93' title="bbox 2383 4848 3935 4926; baseline -0.01 0"><span class='ocrx_word' id='word_1_603' title='bbox 2383 4860 2680 4926; x_wconf 88' lang='lat' dir='ltr'><strong><em>commissi</em></strong></span> <span class='ocrx_word' id='word_1_604' title='bbox 2734 4868 2906 4922; x_wconf 83' lang='lat' dir='ltr'><strong><em>extra</em></strong></span> <span class='ocrx_word' id='word_1_605' title='bbox 2939 4856 3235 4920; x_wconf 88' lang='lat' dir='ltr'><strong><em>ambitum</em></strong></span> <span class='ocrx_word' id='word_1_606' title='bbox 3285 4851 3619 4925; x_wconf 87' lang='lat' dir='ltr'><strong><em>Ecclesiae,</em></strong></span> <span class='ocrx_word' id='word_1_607' title='bbox 3650 4858 3711 4913; x_wconf 91' lang='lat' dir='ltr'><strong><em>et</em></strong></span> <span class='ocrx_word' id='word_1_608' title='bbox 3754 4848 3935 4913; x_wconf 88' lang='lat' dir='ltr'><strong><em>sicin</em></strong></span> 
     </span>
     <span class='ocr_line' id='line_1_94' title="bbox 2386 4944 3938 5036; baseline -0.011 -15"><span class='ocrx_word' id='word_1_609' title='bbox 2386 4959 2517 5021; x_wconf 90' lang='lat' dir='ltr'><strong><em>loco</em></strong></span> <span class='ocrx_word' id='word_1_610' title='bbox 2548 4976 2666 5019; x_wconf 87' lang='lat' dir='ltr'><strong><em>uon</em></strong></span> <span class='ocrx_word' id='word_1_611' title='bbox 2694 4961 2995 5036; x_wconf 82' lang='lat' dir='ltr'><strong><em>exempto,</em></strong></span> <span class='ocrx_word' id='word_1_612' title='bbox 3024 4951 3127 5014; x_wconf 87' lang='lat' dir='ltr'><strong><em>sed</em></strong></span> <span class='ocrx_word' id='word_1_613' title='bbox 3156 4951 3217 5012; x_wconf 90' lang='lat' dir='ltr'><strong><em>in</em></strong></span> <span class='ocrx_word' id='word_1_614' title='bbox 3250 4950 3380 5011; x_wconf 88' lang='lat' dir='ltr'><strong><em>loco</em></strong></span> <span class='ocrx_word' id='word_1_615' title='bbox 3404 4966 3549 5010; x_wconf 92' lang='lat' dir='ltr'><strong><em>suae</em></strong></span> <span class='ocrx_word' id='word_1_616' title='bbox 3567 4944 3938 5029; x_wconf 87' lang='lat' dir='ltr'><strong><em>jurisdictio-</em></strong></span> 
     </span>
     <span class='ocr_line' id='line_1_95' title="bbox 2386 5038 3934 5133; baseline -0.008 -19"><span class='ocrx_word' id='word_1_617' title='bbox 2386 5054 2450 5114; x_wconf 89' lang='lat' dir='ltr'><strong><em>ni</em></strong></span> <span class='ocrx_word' id='word_1_618' title='bbox 2479 5049 2784 5133; x_wconf 91' lang='lat' dir='ltr'><strong><em>supposito</em></strong></span> <span class='ocrx_word' id='word_1_619' title='bbox 2804 5066 3006 5110; x_wconf 88' lang='lat' dir='ltr'><strong><em>coram</em></strong></span> <span class='ocrx_word' id='word_1_620' title='bbox 3023 5066 3088 5108; x_wconf 89' lang='lat' dir='ltr'><strong><em>se</em></strong></span> <span class='ocrx_word' id='word_1_621' title='bbox 3111 5043 3444 5116; x_wconf 84' lang='lat' dir='ltr'><strong><em>conveniri,</em></strong></span> <span class='ocrx_word' id='word_1_622' title='bbox 3475 5049 3532 5102; x_wconf 90' lang='lat' dir='ltr'><strong><em>et</em></strong></span> <span class='ocrx_word' id='word_1_623' title='bbox 3551 5060 3586 5101; x_wconf 87' lang='lat' dir='ltr'><strong><em>a</em></strong></span> <span class='ocrx_word' id='word_1_624' title='bbox 3613 5059 3677 5100; x_wconf 86' lang='lat' dir='ltr'><strong><em>se</em></strong></span> <span class='ocrx_word' id='word_1_625' title='bbox 3703 5038 3934 5120; x_wconf 90' lang='lat' dir='ltr'><strong><em>puniri,</em></strong></span> 
     </span>
     <span class='ocr_line' id='line_1_96' title="bbox 2385 5132 3939 5228; baseline -0.008 -20"><span class='ocrx_word' id='word_1_626' title='bbox 2385 5154 2639 5228; x_wconf 89' lang='lat' dir='ltr'><strong><em>urgente</em></strong></span> <span class='ocrx_word' id='word_1_627' title='bbox 2687 5142 2964 5205; x_wconf 81' lang='lat' dir='ltr'><strong><em>videlicet</em></strong></span> <span class='ocrx_word' id='word_1_628' title='bbox 2994 5139 3249 5221; x_wconf 87' lang='lat' dir='ltr'><strong><em>allegata</em></strong></span> <span class='ocrx_word' id='word_1_629' title='bbox 3275 5132 3709 5200; x_wconf 87' lang='lat' dir='ltr'><strong><em>Constitutione</em></strong></span> <span class='ocrx_word' id='word_1_630' title='bbox 3751 5132 3939 5196; x_wconf 88' lang='lat' dir='ltr'><strong><em>Inno-</em></strong></span> 
     </span>
     <span class='ocr_line' id='line_1_97' title="bbox 2386 5227 3934 5315; baseline -0.009 -13"><span class='ocrx_word' id='word_1_631' title='bbox 2386 5239 2566 5302; x_wconf 90' lang='lat' dir='ltr'><strong><em>centii</em></strong></span> <span class='ocrx_word' id='word_1_632' title='bbox 2593 5236 2809 5315; x_wconf 89' lang='lat' dir='ltr'><strong><em>Quarti</em></strong></span> <span class='ocrx_word' id='word_1_633' title='bbox 2831 5240 2895 5297; x_wconf 90' lang='lat' dir='ltr'><strong><em>in</em></strong></span> <span class='ocrx_word' id='word_1_634' title='bbox 2921 5233 3066 5315; x_wconf 84' lang='lat' dir='ltr'><strong><em>Cap.</em></strong></span> <span class='ocrx_word' id='word_1_635' title='bbox 3097 5235 3334 5294; x_wconf 80' lang='lat' dir='ltr'><strong><em>volentes</em></strong></span> <span class='ocrx_word' id='word_1_636' title='bbox 3362 5231 3428 5290; x_wconf 84' lang='lat' dir='ltr'><strong><em>de</em></strong></span> <span class='ocrx_word' id='word_1_637' title='bbox 3447 5227 3764 5309; x_wconf 68' lang='lat' dir='ltr'><strong><em>privilegiis</em></strong></span> <span class='ocrx_word' id='word_1_638' title='bbox 3785 5228 3851 5287; x_wconf 90' lang='lat' dir='ltr'><strong><em>in</em></strong></span> <span class='ocrx_word' id='word_1_639' title='bbox 3874 5232 3934 5289; x_wconf 85' lang='grc'><strong><em>6.</em></strong></span> 
     </span>
     <span class='ocr_line' id='line_1_98' title="bbox 2384 5321 3940 5411; baseline -0.009 -15"><span class='ocrx_word' id='word_1_640' title='bbox 2384 5335 2471 5398; x_wconf 88' lang='lat' dir='ltr'><strong><em>ibi</em></strong></span> <span class='ocrx_word' id='word_1_641' title='bbox 2488 5380 2506 5411; x_wconf 92' lang='lat'><strong><em>,</em></strong></span> <span class='ocrx_word' id='word_1_642' title='bbox 2533 5336 2768 5397; x_wconf 82' lang='lat' dir='ltr'><strong><em>colentes</em></strong></span> <span class='ocrx_word' id='word_1_643' title='bbox 2793 5334 3125 5399; x_wconf 82' lang='lat' dir='ltr'><strong><em>libertatem,</em></strong></span> <span class='ocrx_word' id='word_1_644' title='bbox 3149 5343 3319 5407; x_wconf 78' lang='lat' dir='ltr'><strong><em>quam</em></strong></span> <span class='ocrx_word' id='word_1_645' title='bbox 3342 5323 3635 5384; x_wconf 83' lang='lat' dir='ltr'><strong><em>nonnullis</em></strong></span> <span class='ocrx_word' id='word_1_646' title='bbox 3658 5321 3940 5403; x_wconf 75' lang='lat' dir='ltr'><strong><em>Apostoli-</em></strong></span> 
     </span>
     <span class='ocr_line' id='line_1_99' title="bbox 2386 5417 3939 5510; baseline -0.01 -18"><span class='ocrx_word' id='word_1_647' title='bbox 2386 5450 2453 5492; x_wconf 88' lang='lat' dir='ltr'><strong><em>ca</em></strong></span> <span class='ocrx_word' id='word_1_648' title='bbox 2481 5427 2649 5492; x_wconf 80' lang='lat' dir='ltr'><strong><em>Sedes</em></strong></span> <span class='ocrx_word' id='word_1_649' title='bbox 2668 5428 2965 5510; x_wconf 77' lang='lat' dir='ltr'><strong><em>privileqio</em></strong></span> <span class='ocrx_word' id='word_1_650' title='bbox 2995 5422 3360 5504; x_wconf 69' lang='lat' dir='ltr'><strong><em>exemptionis</em></strong></span> <span class='ocrx_word' id='word_1_651' title='bbox 3387 5417 3667 5491; x_wconf 85' lang='lat' dir='ltr'><strong><em>indulsit,</em></strong></span> <span class='ocrx_word' id='word_1_652' title='bbox 3691 5418 3772 5477; x_wconf 88' lang='lat' dir='ltr'><strong><em>sic</em></strong></span> <span class='ocrx_word' id='word_1_653' title='bbox 3800 5418 3939 5477; x_wconf 82' lang='lat' dir='ltr'><strong><em>inte-</em></strong></span> 
     </span>
    </p>
   </div>
  </div>
 </body>
</html>
