4393 6299
1702 499 2165 572 QuAEs'rlo
2226 505 2476 563 cxxxlx

454 647 574 712 dics
617 651 706 712 del
757 670 858 711 suo
907 646 1095 713 Podrs
1118 698 1134 721 ,
1181 652 1486 713 tendessero
1515 670 1552 714 α
1597 654 1750 733 farlo
1785 668 2008 721 entrare

453 749 610 806 nella
628 745 918 824 Reliqione
935 792 952 819 ,
973 766 1000 806 e
1017 747 1172 824 sarci
1184 749 1520 828 professione
1536 796 1553 819 ,
1581 753 1637 810 ci
1654 753 1729 812 Ιια
1748 754 2005 833 risposto,

455 843 553 902 che
578 859 748 902 oseca
776 842 913 917 oqui
956 843 1161 901 motivo
1188 843 1250 902 di
1278 847 1620 923 presumerlo
1638 892 1655 916 ,
1702 857 1884 908 stante
1913 848 2009 909 che

456 936 668 996 orendo
687 935 823 1010 fatti
850 937 1020 995 isuoi
1039 936 1214 1015 studj,
1248 938 1293 997 li
1312 940 1598 1000 sarebbero
1634 944 1774 1002 stati
1808 942 2009 1004 inutili

452 1031 545 1089 nel
561 1031 761 1090 mondo
776 1075 793 1103 ,
816 1033 903 1091 cio
930 1033 1027 1093 che
1048 1033 1093 1092 li
1108 1052 1279 1113 parve
1312 1044 1469 1095 tanto
1488 1038 1590 1115 piis
1608 1037 2007 1099 evidentemen-

455 1134 528 1194 te,
561 1124 656 1185 che
700 1125 920 1184 essendo
962 1125 1173 1188 andalo
1200 1146 1459 1207 appresso
1496 1150 1610 1189 uno
1645 1129 1868 1192 de‘suoi
1906 1131 2009 1192 Zii

450 1236 549 1296 per
575 1219 880 1279 cerimonia
907 1238 945 1279 a
978 1221 1303 1281 licenziarsi
1322 1224 1516 1301 prima
1538 1224 1594 1282 d'
1606 1235 1830 1285 entrare
1852 1229 2005 1288 nella

448 1310 736 1388 Reliqione
761 1312 823 1370 in
844 1315 1175 1393 compaqnia
1198 1315 1288 1375 del
1309 1315 1456 1377 detto
1482 1336 1583 1378 suo
1617 1315 1804 1380 Padre
1826 1364 1842 1393 ,
1869 1340 2003 1398 que·

3399 523 3503 577 1⁸⁹

2599 665 2961 740 QUAESTIO
3002 670 3179 734 CXL.

2149 847 2223 909 In
2248 849 2442 915 Cama
2460 852 2826 932 Mantuam,
2857 859 2947 919 die
2974 864 3073 922 24.
3114 860 3434 940 Februarii,
3466 871 3638 930 1720.

2110 970 2194 1082 P
2198 1031 2399 1105 ropter
2427 1033 2599 1090 notas
2623 1033 3059 1095 controversias
3099 1034 3256 1097 inter
3278 1035 3669 1104 Ordinarium

2119 1116 2398 1181 Brixien.
2449 1129 2508 1184 et
2539 1122 3145 1209 Archipresbyterum
3194 1131 3446 1205 Asulae,
3489 1134 3670 1199 Sacra

2115 1210 2263 1274 haec
2290 1212 2685 1298 Congregatio
2710 1217 2860 1280 alias
2886 1221 3179 1297 decrevit,
3209 1228 3373 1306 quod
3400 1229 3667 1292 Territo·

2111 1304 2269 1367 rium
2292 1308 2481 1372 Castri
2506 1310 2749 1374 Gofredi
2785 1314 3079 1379 Dioecesis
3107 1318 3375 1382 Brixien.
3403 1342 3510 1402 per
3535 1343 3664 1384 mo-

449 1405 533 1463 sio
554 1403 608 1463 Z
612 1407 666 1463 io
701 1406 913 1466 avendo
935 1407 1081 1467 detto
1101 1455 1118 1479 ,
1152 1410 1248 1469 che
1276 1410 1325 1469 il
1346 1410 1493 1472 detto
1517 1411 1884 1493 comparente
1909 1435 2005 1476 era
2054 1405 2060 1502 1
2113 1400 2257 1462 dum
2290 1403 2682 1484 PTOVfSiffl'iS·
2710 1409 3042 1492 ⁸⁰bje⁰¹¹¹¹¹¹
3087 1433 3397 1477 femflnffl'e
3427 1415 3673 1481 dflbffl'et

449 1516 659 1558 ancora
682 1500 836 1560 assui
862 1502 1092 1578 yiovane
1117 1510 1217 1581 pet·
1240 1504 1570 1566 abbraceiar
1593 1517 1762 1578 stato,
1793 1510 1841 1568 it
1859 1509 2004 1570 detto

447 1611 548 1652 suo
567 1591 758 1653 Podre
782 1595 835 1653 lo
857 1595 967 1666 [ece
993 1598 1174 1656 uscire
1192 1616 1293 1657 con
1315 1618 1609 1680 aspnzzu,
1633 1621 1803 1663 senza
1821 1614 2004 1684 cepet-

448 1697 572 1748 tare
621 1708 795 1748 vernn
818 1692 1280 1768 rupionamento,
1316 1696 1406 1754 cio
1447 1696 1672 1757 ch'l‘ha
1702 1707 1859 1758 tanto
1900 1699 2006 1777 piis

444 1783 786 1861 confermata
803 1829 820 1855 ,
852 1785 948 1844 che
970 1786 1019 1845 it
1040 1805 1140 1846 suo
1160 1785 1351 1848 Padre
1376 1791 1513 1850 colle
1530 1808 1625 1850 sue
1642 1792 1887 1853 ciolenze
1908 1812 2003 1853 co·

448 1875 569 1937 leva
592 1879 959 1958 costrinqerlo
979 1898 1018 1940 a
1038 1879 1186 1958 farsi
1209 1880 1507 1961 Reliqioso,
1535 1904 1562 1944 e
1589 1886 1685 1945 che
1712 1906 1811 1966 per
1834 1889 1884 1946 il
1903 1907 2005 1948 suo

451 1966 759 2031 Novis-‚icto
791 1992 961 2033 avesa
992 1974 1137 2049 fatto
1159 1978 1268 2055 piis
1309 1979 1578 2039 minuce-ie
1623 1980 1720 2040 eho
1770 2000 2004 2043 sennem

444 2064 537 2123 sin
564 2066 627 2125 al
655 2062 1044 2144 Compos-ente,
1075 2069 1171 2127 che
1192 2088 1248 2128 se
1286 2072 1520 2141 ussisse,
1552 2073 1605 2132 to
1641 2073 1859 2150 sarebbe
1883 2096 2000 2137 soe·

442 2159 681 2219 cumbere
707 2161 770 2220 al
800 2163 960 2240 qioyo
988 2161 1137 2223 della
1173 2162 1237 2222 di
1269 2164 1354 2223 lui
1379 2166 1714 2245 professione
1735 2169 1798 2229 di
1822 2167 2001 2231 chia-

444 2270 580 2312 varo
596 2271 616 2310 :
645 2253 890 2332 quando
910 2261 1141 2316 certum
1170 2275 1297 2318 esse
1317 2257 1557 2320 videtur
1574 2304 1592 2332 ,
1625 2261 1788 2340 quod
1811 2270 2005 2324 metus

442 2343 577 2406 licet
607 2347 824 2408 cadens
859 2347 923 2409 in
959 2358 1326 2412 constantem
1350 2352 1584 2426 virum,
1616 2363 1672 2416 et
1705 2355 1842 2417 licet
1869 2375 2004 2436 pro-

440 2439 638 2502 veniat
659 2442 739 2502 ab
760 2442 1115 2514 extrinseco,
1132 2453 1190 2507 et
1214 2464 1251 2506 a
1271 2447 1487 2520 causis,
1507 2447 1712 2510 liberis
1727 2467 1848 2511 non
1869 2449 2006 2513 irri-

440 2540 525 2595 tat
547 2534 998 2622 professionem,
1020 2537 1133 2599 nisi
1158 2549 1405 2614 constet,
1428 2543 1587 2623 quod
1610 2543 1792 2605 fuerit
1811 2545 2003 2608 incus·

444 2647 545 2689 sus
572 2630 644 2691 ad
674 2630 955 2693 effectum
979 2632 1147 2695 illam
1174 2635 1605 2717 extorquendi,
1635 2637 1907 2719 Fagnan.
1937 2644 2004 2702 in

438 2742 563 2803 cap.
595 2726 647 2784 si
672 2729 803 2804 quis
828 2746 988 2788 num.
1025 2733 1125 2789 81.
1158 2741 1209 2790 et
1240 2733 1305 2789 in
1330 2751 1455 2811 cap.
1485 2736 1631 2794 sicut
1657 2735 1813 2796 nobis
1839 2756 2001 2800 num.

435 2821 536 2879 29.
567 2822 656 2880 tit.
693 2821 758 2881 de
794 2821 1000 2901 Requi.
1028 2823 1345 2887 Addidisse
1369 2826 1550 2888 etiam
1573 2825 1662 2888 fas
1687 2829 1804 2901 sit,
1837 2830 2000 2910 quod

441 2910 753 2995 Crispinus
776 2915 999 2979 dicitur
1020 2919 1377 2982 constitutus
1402 2920 1466 2982 in
1489 2931 1682 2984 aetate
1701 2942 2001 2986 annorum

442 3012 539 3069 34.
574 3009 737 3090 quod
773 3010 979 3072 secisse
1006 3011 1229 3074 dicitur
1250 3014 1675 3095 professionem
1703 3018 1849 3079 dum
1873 3026 2003 3082 erat

438 3105 794 3168 constitutus
847 3106 908 3168 in
960 3114 1155 3170 aetate
1199 3128 1503 3173 annorum
1551 3111 1846 3175 sexdecim
1873 3162 1890 3186 ‚
1941 3123 2002 3178 et

440 3200 601 3278 quod
632 3199 747 3261 fuit
774 3221 809 3262 a
836 3200 1151 3284 Religione
1176 3205 1399 3287 ejectus
1431 3207 1529 3270 die
1552 3211 1609 3269 t.
1645 3208 1787 3291 Maji
1819 3214 1990 3271 1716.

2113 1495 2407 1579 Episcopo
2436 1499 2766 1565 Mantuano
2787 1514 3074 1588 tanquam
3094 1508 3309 1572 Sacrae
3328 1510 3666 1595 Congrege-

2112 1589 2294 1653 tionis
2317 1593 2608 1677 delegato,

2238 1684 2494 1750 Vacavit
2518 1689 2581 1750 in
2610 1690 2768 1754 dicto
2786 1692 2993 1756 Castro
3019 1696 3094 1758 de
3118 1717 3320 1760 mense
3339 1687 3579 1774 Martii,
3609 1711 3669 1765 et

2113 1797 2279 1843 anuo
2321 1787 2494 1845 1717.
2531 1786 2833 1866 quoddam
2866 1790 3231 1854 Beneficium
3275 1794 3529 1875 simplex
3556 1797 3672 1858 sub

2113 1872 2303 1936 titulo
2323 1875 2385 1937 S.
2421 1876 2629 1940 Crucis
2655 1879 2730 1942 de
2750 1881 3249 1963 Jurepatronatus
3279 1887 3573 1951 Familiae
3596 1889 3671 1952 de

2120 1967 2449 2045 Simbenis,
2480 1991 2590 2035 nec
2611 1974 2855 2037 Patroni
2893 1977 3089 2040 ullum
3125 1989 3450 2061 potuerunt
3478 1983 3667 2045 Cleri-

2116 2082 2256 2124 cum
2309 2066 2610 2145 reperire,
2663 2070 2769 2150 qui
2811 2069 2962 2133 illud
3016 2083 3324 2155 acceptare
3362 2077 3666 2153 voluerit,

2114 2166 2363 2238 propter
2411 2160 2714 2224 redituum
2765 2166 3150 2242 tenuitatem,
3193 2177 3251 2231 et
3278 2189 3529 2232 onerum
3561 2192 3668 2235 ex·

2119 2252 2555 2330 orbitantiam3
2582 2257 2808 2320 reditus
2829 2260 3051 2321 etenim
3078 2263 3265 2323 annui
3294 2265 3513 2326 suntin
3534 2286 3668 2327 scu-

2123 2346 2200 2408 tis
2223 2355 2356 2410 octo
2385 2358 2658 2412 monetae
2691 2351 3027 2428 Romanae,
3056 2365 3116 2417 et
3157 2358 3553 2420 Beneficiatus
3581 2370 3668 2422 te-

2110 2448 2299 2502 netur
2325 2441 2400 2503 ad
2431 2442 2889 2520 celebrandum,
2922 2457 2980 2510 et
3012 2450 3436 2531 applicandum
3473 2454 3671 2515 Sacri-

2109 2533 2314 2596 ficium
2343 2554 2725 2619 quocumque
2745 2540 2845 2603 die
2872 2540 3065 2604 Festo.

2241 2630 2330 2692 Ne
2353 2632 2717 2694 Beneficium
2738 2653 2847 2697 suo
2869 2638 3117 2700 Rectore
3138 2649 3366 2702 careret
3389 2685 3406 2714 ,
3443 2661 3669 2703 memo-

2121 2723 2242 2785 rati
2271 2723 2516 2786 Patroni
2546 2725 2705 2790 intra
2729 2730 3169 2809 quadrimestre
3206 2733 3321 2795 sibi
3347 2734 3554 2798 datum
3590 2737 3669 2799 ad

2118 2820 2626 2898 praesentandum
2649 2868 2667 2896 ,
2715 2825 3131 2904 supplicarunt
3174 2828 3466 2909 Episcopo
3494 2830 3668 2893 Man-

2115 2919 2304 2974 tuano
2329 2912 2630 2986 defuncto,
2654 2925 2721 2979 ut
2749 2919 2823 2980 de
2842 2919 3139 2983 Beneficio
3157 2922 3535 3003 disponeret,
3562 2945 3670 2987 nec

2120 3004 2317 3068 ullum
2340 3009 2667 3093 Episcopus
2684 3011 2957 3075 invenire
2977 3016 3171 3095 potuit
3198 3016 3495 3079 Clericum
3519 3063 3537 3091 ,
3562 3019 3668 3099 qui

2115 3100 2342 3165 dictum
2368 3114 2700 3187 acceptaret
2741 3109 3140 3184 Beneficium,
3169 3111 3257 3173 uti
3291 3121 3535 3173 testatus
3581 3120 3671 3176 est

2111 3194 2520 3262 Cancellarius
2540 3246 2557 3275 ,
2588 3202 2693 3283 qui
2723 3203 2978 3266 ulterius
3007 3205 3282 3284 deposuit
3309 3206 3383 3267 de
3410 3206 3666 3288 diligen-

437 3293 667 3374 absque
698 3314 768 3356 eo
817 3296 978 3377 quod
1014 3296 1272 3372 sciatur,
1303 3319 1382 3361 an
1428 3301 1556 3385 ejus
1591 3303 1769 3365 Pater
1799 3303 1999 3367 adhuc
2115 3290 2215 3353 ¹55⁵
2234 3293 2628 3389 ahsspimpo
2659 3297 2945 3376 peractis?
2974 3299 3281 3379 fidemque
3300 3300 3543 3362 Ρθῑῐθῦῑ
3571 3301 3666 3362 ῖῦ·

436 3387 622 3459 vivat,
655 3388 750 3450 vel
777 3408 901 3469 quo
937 3398 1202 3471 tempore
1234 3403 1505 3457 mortuus
1538 3396 1636 3458 sit.

2109 3393 2203 3447 tra
2228 3387 2475 3450 citatum
2496 3390 2935 3470 quadrimestre
2958 3394 3262 3472 protestati
3283 3402 3422 3457 sunt
3439 3394 3515 3455 de
3534 3394 3669 3457 dili-

552 3480 663 3542 His
686 3483 1004 3557 stantibus,
1030 3486 1331 3566 proposito
1349 3487 1411 3548 in
1433 3488 1560 3550 Sac.
1579 3488 1996 3571 Congregatio-
2101 3482 2320 3561 gentiis
2346 3483 2602 3562 peractis
2621 3529 2639 3559 ,
2663 3504 2741 3547 ne
2764 3485 3129 3549 Beneficium
3150 3487 3283 3550 sine
3302 3487 3664 3552 Beneficiato

436 3591 535 3634 ne-
561 3572 750 3637 dubio
775 3576 890 3638 hac
918 3577 1017 3640 die
1064 3583 1165 3640 24.
1207 3580 1522 3645 Februarii
1557 3588 1728 3645 1720.
1753 3606 1832 3647 on
1861 3598 1992 3648 esset
2099 3586 2459 3638 remnnerflt·

433 3669 775 3733 concedenda
830 3670 1136 3735 Restitutio
1180 3677 1246 3735 in
1297 3678 1610 3757 integrum,
1642 3699 1992 3761 responsum

434 3759 545 3823 fuit
578 3765 850 3843 neqatice.

550 3856 924 3938 Supplicavit
960 3861 1276 3942 Crispinus
1307 3883 1414 3944 per
1443 3884 1600 3928 nova
1640 3867 1945 3930 audientia
1970 3914 1987 3941 ,

437 3948 767 4031 eademque
814 3952 929 4015 fuit
955 3973 1253 4027 concessa,
1309 3976 1383 4018 ex
1430 3977 1552 4038 quo
1584 3970 1713 4040 post
1754 3961 1990 4041 praedi-

430 4050 583 4105 ctam
610 4046 839 4109 Causae
865 4048 1332 4128 propositionem
1361 4051 1646 4114 Claudius
1667 4055 1795 4135 ejus
1815 4055 1991 4117 Pater

433 4136 532 4197 die
580 4139 773 4219 prima
798 4140 1073 4202 Januarii
1108 4146 1286 4205 1722.
1324 4146 1682 4221 declaravit,
1740 4148 1922 4211 fuisse
1952 4169 1988 4212 a

430 4231 559 4294 filio
607 4235 884 4297 emissam
939 4236 1379 4302 Professionem
1428 4252 1671 4322 propter
1715 4252 1940 4303 metum
1967 4290 1983 4317 ,

430 4346 612 4405 quem
644 4327 759 4409 ipsi
803 4329 1156 4405 incusserat,
1194 4354 1333 4396 eum
1370 4355 1701 4415 numquam
1752 4346 1986 4399 antece-

428 4421 640 4483 denter
679 4424 1032 4488 reclamasse
1088 4438 1330 4509 propter
1366 4430 1622 4490 nimium
1660 4439 1982 4506 terrorem,

428 4514 493 4574 in
519 4534 642 4596 quo
662 4528 793 4579 erat
821 4521 1213 4595 constitutus,
1257 4532 1317 4584 et
1344 4542 1407 4584 se
1439 4526 1675 4587 tandem
1703 4545 1840 4586 eum
1889 4546 1983 4588 re-

425 4627 778 4690 cognoscere
823 4622 1110 4695 tanquam
1147 4617 1444 4679 bonorum
1488 4639 1733 4681 suorum
1772 4620 1982 4683 haere·

423 4700 560 4763 dem
596 4723 720 4767 una
762 4725 901 4768 cum
943 4707 1082 4770 aliis
1130 4709 1307 4785 filiis,
1357 4721 1419 4774 et
1447 4712 1740 4775 fratribus
1782 4733 1981 4795 respe-

421 4796 597 4859 ctive.

538 4893 849 4974 Scriptura
868 4894 1312 4973 circumfertur,
1329 4901 1606 4979 quocirca
1631 4900 1976 4983 quaeritura

540 4990 637 5049 An
663 4991 739 5049 sit
770 4991 1070 5065 standum,
1117 4995 1204 5055 vel
1236 4996 1598 5058 recedendum
1620 5017 1656 5058 u
1685 4998 1878 5059 decisis
1917 5001 1980 5059 in

420 5101 553 5143 casu
585 5091 687 5144 etc.

529 5277 682 5326 Sacra
708 5275 906 5344 Congr.
934 5275 1022 5330 die
1042 5279 1102 5331 0.
1124 5279 1399 5334 Februarii
1437 5283 1591 5338 1720.
1613 5286 1907 5354 respondit:

600 5364 667 5414 In
693 5361 890 5417 decisis
893 5403 916 5431 ,
947 5378 1000 5417 ee
1028 5367 1278 5437 atnplius.

2227 3669 2368 3730 Post
2388 3668 2620 3749 lapsum
2640 3670 2768 3735 fere
2787 3671 3046 3735 duorum
3062 3693 3362 3736 annorum
3381 3675 3664 3739 inventus

2106 3770 2198 3825 est
2219 3762 2516 3838 Clericus,
2551 3767 2656 3847 qui
2703 3777 2791 3829 est
2820 3776 3085 3849 paratus,
3113 3778 3171 3832 et
3221 3780 3533 3851 promptus
3583 3772 3660 3834 ad

2105 3859 2537 3939 acceptandum
2570 3861 2979 3935 Beneficium3
3024 3864 3190 3944 cupit
3226 3864 3388 3925 enim
3417 3865 3493 3927 ad
3531 3866 3663 3947 ejus

2108 3950 2355 4014 titulum
2382 3955 2720 4032 promoveri
2749 3975 2885 4017 cum
2910 3956 3112 4018 debito
3133 3956 3486 4019 Patrimonii
3508 3977 3660 4040 aug-

2107 4055 2351 4121 mento;
2381 4067 2641 4130 cumque
2666 4068 2843 4132 saepe
2864 4050 3178 4113 memorati
3207 4052 3452 4113 Patroni
3484 4052 3657 4115 illum

2102 4139 2350 4204 Vicario
2398 4140 2731 4222 Capitulari
2782 4145 3333 4225 praesentaverint,
3379 4145 3660 4208 vicarius

2103 4246 2431 4316 antequam
2468 4239 3008 4318 praesentationem
3035 4239 3417 4314 admitteret,
3440 4259 3656 4303 oracu-

2103 4327 2230 4389 lum
2283 4329 2499 4392 Sacrae
2533 4330 3026 4414 Congregationis
3076 4335 3389 4414 requirere
3430 4333 3653 4409 voluit,

2100 4421 2179 4483 ad
2208 4423 2477 4484 eamdem
2523 4425 2982 4487 transmittendo
3007 4426 3211 4488 omnia
3261 4426 3649 4501 documenta,

2100 4536 2176 4576 ex
2203 4516 2430 4596 quihus
2458 4518 2669 4580 notitia
2698 4518 2835 4582 facti
2870 4518 2932 4580 in
2959 4520 3371 4599 superioribus
3397 4521 3650 4600 expositi

2094 4607 2212 4671 fuit
2233 4609 2584 4691 desumpta:
2612 4631 2872 4693 cumque
2898 4612 2961 4672 in
2986 4612 3458 4694 congregatione
3484 4613 3652 4675 habi-

2090 4711 2149 4766 ta
2178 4706 2270 4766 die
2315 4707 2411 4767 17.
2459 4706 2678 4768 Martii
2731 4712 2904 4768 1719.
2956 4706 3181 4769 dictum
3217 4706 3401 4769 fuerit
3422 4752 3439 4780 ,
3487 4708 3651 4789 quod

2089 4795 2279 4860 Causa
2315 4809 2640 4878 poneretur
2662 4799 2725 4861 in
2762 4799 2910 4861 folio
2935 4845 2953 4873 ,
2985 4800 3343 4881 proponitur
3387 4800 3448 4860 in
3480 4819 3652 4879 prae-

2088 4892 2241 4952 senti
2271 4892 2703 4974 disputandum
2732 4893 2987 4956 dubium
3023 4893 3182 4955 infra
3202 4893 3604 4956 referendum.

2204 4986 2426 5050 Putant
2444 4987 2711 5050 Simbeni
2737 4988 3007 5059 Patroni,
3031 5006 3203 5049 suam
3227 4989 3648 5068 praesentatio-

2096 5101 2237 5144 nem
2262 5102 2389 5145 esse
2412 5083 2844 5147 admittendam
2863 5103 2882 5158 ς
2910 5103 3047 5146 cum
3068 5083 3232 5145 enim
3257 5092 3376 5146 tota
3397 5083 3652 5146 difficul-

2088 5183 2181 5238 tas
2202 5178 2488 5240 consistat
2516 5178 2579 5240 iu
2607 5178 2776 5261 lapsu
2807 5178 3093 5259 temporis
3114 5199 3150 5240 a
3168 5178 3308 5259 jure
3335 5178 3541 5240 statuti
3568 5179 3645 5241 ad

2088 5270 2623 5351 praesentandum,
2640 5272 2879 5334 nullum
2898 5292 2972 5334 ex
2994 5272 3151 5334 dicto
3169 5271 3452 5353 temporis
3469 5271 3640 5352 lapsu

2087 5364 2528 5445 praejudicium
2569 5366 2685 5428 sibi
2742 5365 2979 5428 illatum
3021 5365 3205 5428 fuisse
3231 5366 3635 5440 contendunt,

2086 5458 2387 5521 stantibus
2407 5458 2736 5541 diligentiis
2753 5457 3030 5540 peractis,
3056 5470 3126 5523 ut
3142 5460 3436 5535 Clericum
3475 5458 3641 5521 iuve-
