<?xml version="1.0" encoding="UTF-8"?>
<!DOCTYPE html PUBLIC "-//W3C//DTD XHTML 1.0 Transitional//EN"
    "http://www.w3.org/TR/xhtml1/DTD/xhtml1-transitional.dtd">
<html xmlns="http://www.w3.org/1999/xhtml" xml:lang="en" lang="en">
 <head>
  <title>
</title>
<meta http-equiv="Content-Type" content="text/html;charset=utf-8" />
  <meta name='ocr-system' content='tesseract 3.04.00' />
  <meta name='ocr-capabilities' content='ocr_page ocr_carea ocr_par ocr_line ocrx_word'/>
</head>
<body>
  <div class='ocr_page' id='page_1' title='image "benedictixivpon01xivgoog_0218.png"; bbox 0 0 4393 6299; ppageno 0'>
   <div class='ocr_carea' id='block_1_1' title="bbox 934 490 1040 544">
    <p class='ocr_par' dir='ltr' id='par_1_1' title="bbox 934 490 1040 544">
     <span class='ocr_line' id='line_1_1' title="bbox 934 490 1040 544; baseline 0.009 -1"><span class='ocrx_word' id='word_1_1' title='bbox 934 490 1040 544; x_wconf 67' lang='lat'><strong>2¹0</strong></span> 
     </span>
    </p>
   </div>
   <div class='ocr_carea' id='block_1_2' title="bbox 760 639 2341 3753">
    <p class='ocr_par' dir='ltr' id='par_1_2' title="bbox 760 639 2333 3185">
     <span class='ocr_line' id='line_1_2' title="bbox 760 639 2306 734; baseline -0.012 -19"><span class='ocrx_word' id='word_1_2' title='bbox 760 651 1271 734; x_wconf 74' lang='lat' dir='ltr'><strong>consignationem</strong></span> <span class='ocrx_word' id='word_1_3' title='bbox 1294 647 1605 711; x_wconf 87' lang='lat' dir='ltr'><strong>stabilium</strong></span> <span class='ocrx_word' id='word_1_4' title='bbox 1627 641 2080 708; x_wconf 80' lang='lat' dir='ltr'><strong>fructiferorum</strong></span> <span class='ocrx_word' id='word_1_5' title='bbox 2104 639 2164 699; x_wconf 92' lang='lat' dir='ltr'><strong>in</strong></span> <span class='ocrx_word' id='word_1_6' title='bbox 2195 654 2306 700; x_wconf 90' lang='lat' dir='ltr'><strong>an-</strong></span> 
     </span>
     <span class='ocr_line' id='line_1_3' title="bbox 765 732 2301 820; baseline -0.01 -12"><span class='ocrx_word' id='word_1_7' title='bbox 765 769 887 808; x_wconf 88' lang='lat' dir='ltr'><strong>nuo</strong></span> <span class='ocrx_word' id='word_1_8' title='bbox 915 747 1111 808; x_wconf 90' lang='lat' dir='ltr'><strong>reditu</strong></span> <span class='ocrx_word' id='word_1_9' title='bbox 1157 754 1462 807; x_wconf 86' lang='lat' dir='ltr'><strong>scutorum</strong></span> <span class='ocrx_word' id='word_1_10' title='bbox 1487 748 1585 803; x_wconf 83' lang='grc'><strong>60.</strong></span> <span class='ocrx_word' id='word_1_11' title='bbox 1617 743 1848 820; x_wconf 84' lang='lat' dir='ltr'><strong>absque</strong></span> <span class='ocrx_word' id='word_1_12' title='bbox 1874 757 1945 799; x_wconf 87' lang='lat' dir='ltr'><strong>eo</strong></span> <span class='ocrx_word' id='word_1_13' title='bbox 1977 734 2137 815; x_wconf 90' lang='lat' dir='ltr'><strong>quod</strong></span> <span class='ocrx_word' id='word_1_14' title='bbox 2168 732 2301 793; x_wconf 84' lang='lat' dir='ltr'><strong>ulla</strong></span> 
     </span>
     <span class='ocr_line' id='line_1_4' title="bbox 765 834 2307 913; baseline -0.009 -13"><span class='ocrx_word' id='word_1_15' title='bbox 765 842 841 902; x_wconf 84' lang='lat' dir='ltr'><strong>sit</strong></span> <span class='ocrx_word' id='word_1_16' title='bbox 863 841 1139 902; x_wconf 87' lang='lat' dir='ltr'><strong>habenda</strong></span> <span class='ocrx_word' id='word_1_17' title='bbox 1161 841 1316 901; x_wconf 89' lang='lat' dir='ltr'><strong>ratio</strong></span> <span class='ocrx_word' id='word_1_18' title='bbox 1348 838 1448 899; x_wconf 84' lang='lat' dir='ltr'><strong>vel</strong></span> <span class='ocrx_word' id='word_1_19' title='bbox 1472 837 1730 900; x_wconf 89' lang='lat' dir='ltr'><strong>aliorum</strong></span> <span class='ocrx_word' id='word_1_20' title='bbox 1750 834 2089 913; x_wconf 82' lang='lat' dir='ltr'><strong>legatorum</strong></span> <span class='ocrx_word' id='word_1_21' title='bbox 2115 845 2307 888; x_wconf 87' lang='lat' dir='ltr'><strong>novae</strong></span> 
     </span>
     <span class='ocr_line' id='line_1_5' title="bbox 764 927 2313 1006; baseline -0.012 -7"><span class='ocrx_word' id='word_1_22' title='bbox 764 937 1063 999; x_wconf 79' lang='lat' dir='ltr'><strong>Ecclesiae</strong></span> <span class='ocrx_word' id='word_1_23' title='bbox 1092 933 1438 997; x_wconf 89' lang='lat' dir='ltr'><strong>relictorum</strong></span> <span class='ocrx_word' id='word_1_24' title='bbox 1460 978 1476 1006; x_wconf 91' lang='lat'>‚</span> <span class='ocrx_word' id='word_1_25' title='bbox 1518 931 1610 992; x_wconf 84' lang='lat' dir='ltr'><strong>vel</strong></span> <span class='ocrx_word' id='word_1_26' title='bbox 1653 927 2069 990; x_wconf 76' lang='lat' dir='ltr'><strong>primitiarum</strong></span> <span class='ocrx_word' id='word_1_27' title='bbox 2096 970 2112 995; x_wconf 93' lang='lat'><strong>,</strong></span> <span class='ocrx_word' id='word_1_28' title='bbox 2159 939 2313 1001; x_wconf 87' lang='lat' dir='ltr'><strong>quas</strong></span> 
     </span>
     <span class='ocr_line' id='line_1_6' title="bbox 767 1017 2310 1103; baseline -0.012 -9"><span class='ocrx_word' id='word_1_29' title='bbox 767 1051 844 1094; x_wconf 86' lang='lat' dir='ltr'><strong>ex</strong></span> <span class='ocrx_word' id='word_1_30' title='bbox 867 1031 1146 1094; x_wconf 81' lang='lat' dir='ltr'>domibus</span> <span class='ocrx_word' id='word_1_31' title='bbox 1165 1024 1673 1090; x_wconf 89' lang='lat' dir='ltr'><strong>dismembrandis</strong></span> <span class='ocrx_word' id='word_1_32' title='bbox 1692 1022 1978 1103; x_wconf 86' lang='lat' dir='ltr'><strong>antiquus</strong></span> <span class='ocrx_word' id='word_1_33' title='bbox 2007 1017 2310 1080; x_wconf 87' lang='lat' dir='ltr'><strong>Parocbus</strong></span> 
     </span>
     <span class='ocr_line' id='line_1_7' title="bbox 769 1116 2316 1205; baseline -0.012 -17"><span class='ocrx_word' id='word_1_34' title='bbox 769 1126 980 1188; x_wconf 84' lang='lat' dir='ltr'><strong>solitus</strong></span> <span class='ocrx_word' id='word_1_35' title='bbox 1005 1133 1135 1187; x_wconf 86' lang='lat' dir='ltr'><strong>erat</strong></span> <span class='ocrx_word' id='word_1_36' title='bbox 1165 1123 1505 1205; x_wconf 77' lang='lat' dir='ltr'><strong>percipere3</strong></span> <span class='ocrx_word' id='word_1_37' title='bbox 1535 1123 1751 1202; x_wconf 84' lang='lat' dir='ltr'><strong>Legata</strong></span> <span class='ocrx_word' id='word_1_38' title='bbox 1774 1116 1995 1179; x_wconf 88' lang='lat' dir='ltr'><strong>etenim</strong></span> <span class='ocrx_word' id='word_1_39' title='bbox 2020 1133 2139 1175; x_wconf 89' lang='lat' dir='ltr'><strong>non</strong></span> <span class='ocrx_word' id='word_1_40' title='bbox 2169 1118 2316 1173; x_wconf 90' lang='lat' dir='ltr'><strong>sunt</strong></span> 
     </span>
     <span class='ocr_line' id='line_1_8' title="bbox 769 1208 2311 1303; baseline -0.012 -19"><span class='ocrx_word' id='word_1_41' title='bbox 769 1210 1947 1303; x_wconf 86' lang='lat' dir='ltr'><strong>gratuita,sedcumonerecelebrationis</strong></span> <span class='ocrx_word' id='word_1_42' title='bbox 1967 1208 2311 1279; x_wconf 86' lang='lat' dir='ltr'><strong>Missarum,</strong></span> 
     </span>
     <span class='ocr_line' id='line_1_9' title="bbox 770 1301 2317 1395; baseline -0.01 -18"><span class='ocrx_word' id='word_1_43' title='bbox 770 1322 832 1377; x_wconf 84' lang='lat' dir='ltr'><strong>et</strong></span> <span class='ocrx_word' id='word_1_44' title='bbox 874 1313 1181 1395; x_wconf 78' lang='lat' dir='ltr'><strong>primitiae</strong></span> <span class='ocrx_word' id='word_1_45' title='bbox 1207 1330 1402 1373; x_wconf 85' lang='lat' dir='ltr'><strong>novae</strong></span> <span class='ocrx_word' id='word_1_46' title='bbox 1440 1308 1768 1372; x_wconf 67' lang='lat' dir='ltr'><strong>parochiae</strong></span> <span class='ocrx_word' id='word_1_47' title='bbox 1788 1304 2220 1384; x_wconf 73' lang='lat' dir='ltr'><strong>consignantur</strong></span> <span class='ocrx_word' id='word_1_48' title='bbox 2249 1301 2317 1362; x_wconf 90' lang='lat' dir='ltr'><strong>in</strong></span> 
     </span>
     <span class='ocr_line' id='line_1_10' title="bbox 770 1396 2319 1490; baseline -0.01 -20"><span class='ocrx_word' id='word_1_49' title='bbox 770 1407 1241 1490; x_wconf 79' lang='lat' dir='ltr'><strong>recognitionem</strong></span> <span class='ocrx_word' id='word_1_50' title='bbox 1274 1403 1522 1475; x_wconf 89' lang='lat' dir='ltr'><strong>laboris,</strong></span> <span class='ocrx_word' id='word_1_51' title='bbox 1552 1408 1612 1463; x_wconf 91' lang='lat' dir='ltr'><strong>et</strong></span> <span class='ocrx_word' id='word_1_52' title='bbox 1644 1396 2107 1469; x_wconf 80' lang='lat' dir='ltr'><strong>sollicitudinis,</strong></span> <span class='ocrx_word' id='word_1_53' title='bbox 2131 1413 2319 1475; x_wconf 88' lang='lat' dir='ltr'><strong>quam</strong></span> 
     </span>
     <span class='ocr_line' id='line_1_11' title="bbox 772 1490 2318 1564; baseline -0.01 0"><span class='ocrx_word' id='word_1_54' title='bbox 772 1502 1078 1564; x_wconf 84' lang='lat' dir='ltr'><strong>Parochus</strong></span> <span class='ocrx_word' id='word_1_55' title='bbox 1100 1502 1283 1563; x_wconf 84' lang='lat' dir='ltr'><strong>habet</strong></span> <span class='ocrx_word' id='word_1_56' title='bbox 1303 1501 1365 1560; x_wconf 92' lang='lat' dir='ltr'><strong>in</strong></span> <span class='ocrx_word' id='word_1_57' title='bbox 1387 1517 1531 1560; x_wconf 88' lang='lat' dir='ltr'><strong>cura</strong></span> <span class='ocrx_word' id='word_1_58' title='bbox 1550 1495 1921 1564; x_wconf 85' lang='lat' dir='ltr'><strong>animarum,</strong></span> <span class='ocrx_word' id='word_1_59' title='bbox 1941 1490 2318 1553; x_wconf 88' lang='lat' dir='ltr'><strong>absolutum-</strong></span> 
     </span>
     <span class='ocr_line' id='line_1_12' title="bbox 776 1583 2317 1679; baseline -0.01 -19"><span class='ocrx_word' id='word_1_60' title='bbox 776 1617 897 1679; x_wconf 87' lang='lat' dir='ltr'><strong>que</strong></span> <span class='ocrx_word' id='word_1_61' title='bbox 918 1606 1005 1659; x_wconf 91' lang='lat' dir='ltr'><strong>est</strong></span> <span class='ocrx_word' id='word_1_62' title='bbox 1033 1598 1096 1657; x_wconf 92' lang='lat' dir='ltr'><strong>in</strong></span> <span class='ocrx_word' id='word_1_63' title='bbox 1128 1597 1296 1669; x_wconf 86' lang='lat' dir='ltr'><strong>Jure,</strong></span> <span class='ocrx_word' id='word_1_64' title='bbox 1328 1596 1490 1675; x_wconf 90' lang='lat' dir='ltr'><strong>quod</strong></span> <span class='ocrx_word' id='word_1_65' title='bbox 1523 1590 1790 1655; x_wconf 86' lang='lat' dir='ltr'><strong>Parocho</strong></span> <span class='ocrx_word' id='word_1_66' title='bbox 1819 1586 2089 1672; x_wconf 72' lang='lat' dir='ltr'><strong>Matricis</strong></span> <span class='ocrx_word' id='word_1_67' title='bbox 2112 1583 2317 1647; x_wconf 89' lang='lat' dir='ltr'><strong>Eccle-</strong></span> 
     </span>
     <span class='ocr_line' id='line_1_13' title="bbox 774 1678 2315 1769; baseline -0.009 -15"><span class='ocrx_word' id='word_1_68' title='bbox 774 1693 899 1754; x_wconf 89' lang='lat' dir='ltr'><strong>siae</strong></span> <span class='ocrx_word' id='word_1_69' title='bbox 924 1692 987 1752; x_wconf 91' lang='lat' dir='ltr'><strong>in</strong></span> <span class='ocrx_word' id='word_1_70' title='bbox 1020 1699 1255 1753; x_wconf 86' lang='lat' dir='ltr'><strong>tantum</strong></span> <span class='ocrx_word' id='word_1_71' title='bbox 1288 1687 1576 1769; x_wconf 87' lang='lat' dir='ltr'><strong>competit</strong></span> <span class='ocrx_word' id='word_1_72' title='bbox 1629 1687 1738 1747; x_wconf 85' lang='lat' dir='ltr'><strong>Jus</strong></span> <span class='ocrx_word' id='word_1_73' title='bbox 1789 1680 2207 1764; x_wconf 84' lang='lat' dir='ltr'><strong>praesentandi</strong></span> <span class='ocrx_word' id='word_1_74' title='bbox 2241 1678 2315 1741; x_wconf 90' lang='lat' dir='ltr'><strong>ad</strong></span> 
     </span>
     <span class='ocr_line' id='line_1_14' title="bbox 775 1779 2322 1848; baseline -0.009 0"><span class='ocrx_word' id='word_1_75' title='bbox 775 1785 1132 1848; x_wconf 84' lang='lat' dir='ltr'><strong>Parochiam</strong></span> <span class='ocrx_word' id='word_1_76' title='bbox 1184 1785 1419 1846; x_wconf 84' lang='lat' dir='ltr'><strong>noviter</strong></span> <span class='ocrx_word' id='word_1_77' title='bbox 1498 1781 1839 1842; x_wconf 89' lang='lat' dir='ltr'><strong>institutam</strong></span> <span class='ocrx_word' id='word_1_78' title='bbox 1907 1779 1984 1840; x_wconf 84' lang='lat' dir='ltr'><strong>ad</strong></span> <span class='ocrx_word' id='word_1_79' title='bbox 2059 1779 2322 1837; x_wconf 72' lang='lat' dir='ltr'><strong>terminos</strong></span> 
     </span>
     <span class='ocr_line' id='line_1_15' title="bbox 778 1872 2326 1960; baseline -0.008 -17"><span class='ocrx_word' id='word_1_80' title='bbox 778 1881 990 1943; x_wconf 77' lang='lat' dir='ltr'><strong>Texms</strong></span> <span class='ocrx_word' id='word_1_81' title='bbox 1016 1884 1081 1940; x_wconf 82' lang='lat' dir='ltr'><strong>in</strong></span> <span class='ocrx_word' id='word_1_82' title='bbox 1113 1901 1237 1960; x_wconf 80' lang='lat' dir='ltr'><strong>cap.</strong></span> <span class='ocrx_word' id='word_1_83' title='bbox 1269 1881 1345 1941; x_wconf 84' lang='lat' dir='ltr'><strong>ad</strong></span> <span class='ocrx_word' id='word_1_84' title='bbox 1365 1878 1715 1939; x_wconf 76' lang='lat' dir='ltr'><strong>audientiam</strong></span> <span class='ocrx_word' id='word_1_85' title='bbox 1734 1873 2010 1957; x_wconf 69' lang='lat' dir='ltr'><strong>§.primo</strong></span> <span class='ocrx_word' id='word_1_86' title='bbox 2033 1874 2097 1932; x_wconf 86' lang='lat' dir='ltr'><strong>de</strong></span> <span class='ocrx_word' id='word_1_87' title='bbox 2127 1872 2326 1932; x_wconf 86' lang='lat' dir='ltr'><strong>Eccle-</strong></span> 
     </span>
     <span class='ocr_line' id='line_1_16' title="bbox 778 1968 2323 2056; baseline -0.005 -19"><span class='ocrx_word' id='word_1_88' title='bbox 778 1978 880 2037; x_wconf 76' lang='lat' dir='ltr'><strong>siis</strong></span> <span class='ocrx_word' id='word_1_89' title='bbox 901 1976 1285 2056; x_wconf 79' lang='lat' dir='ltr'><strong>aedificandis,</strong></span> <span class='ocrx_word' id='word_1_90' title='bbox 1340 1973 1401 2033; x_wconf 95' lang='lat' dir='ltr'><strong>in</strong></span> <span class='ocrx_word' id='word_1_91' title='bbox 1458 1979 1754 2052; x_wconf 89' lang='lat' dir='ltr'><strong>quantum</strong></span> <span class='ocrx_word' id='word_1_92' title='bbox 1781 1968 2040 2030; x_wconf 78' lang='lat' dir='ltr'><strong>Ecclesia</strong></span> <span class='ocrx_word' id='word_1_93' title='bbox 2073 1969 2323 2047; x_wconf 86' lang='lat' dir='ltr'><strong>antiqua</strong></span> 
     </span>
     <span class='ocr_line' id='line_1_17' title="bbox 778 2060 2326 2147; baseline -0.007 -16"><span class='ocrx_word' id='word_1_94' title='bbox 778 2069 855 2131; x_wconf 93' lang='lat' dir='ltr'><strong>de</strong></span> <span class='ocrx_word' id='word_1_95' title='bbox 876 2089 984 2130; x_wconf 90' lang='lat' dir='ltr'><strong>suo</strong></span> <span class='ocrx_word' id='word_1_96' title='bbox 1003 2067 1255 2129; x_wconf 89' lang='lat' dir='ltr'><strong>contulit</strong></span> <span class='ocrx_word' id='word_1_97' title='bbox 1288 2087 1398 2147; x_wconf 93' lang='lat' dir='ltr'><strong>pro</strong></span> <span class='ocrx_word' id='word_1_98' title='bbox 1419 2064 1860 2134; x_wconf 83' lang='lat' dir='ltr'><strong>aedificatione,</strong></span> <span class='ocrx_word' id='word_1_99' title='bbox 1892 2070 1998 2123; x_wconf 89' lang='lat' dir='ltr'><strong>aut</strong></span> <span class='ocrx_word' id='word_1_100' title='bbox 2019 2060 2326 2122; x_wconf 79' lang='lat' dir='ltr'><strong>fundatio-</strong></span> 
     </span>
     <span class='ocr_line' id='line_1_18' title="bbox 776 2154 2324 2236; baseline -0.007 -10"><span class='ocrx_word' id='word_1_101' title='bbox 776 2183 857 2226; x_wconf 86' lang='lat' dir='ltr'><strong>ne</strong></span> <span class='ocrx_word' id='word_1_102' title='bbox 885 2182 1075 2225; x_wconf 86' lang='lat' dir='ltr'><strong>novae</strong></span> <span class='ocrx_word' id='word_1_103' title='bbox 1096 2162 1417 2230; x_wconf 79' lang='lat' dir='ltr'><strong>Ecclesiae,</strong></span> <span class='ocrx_word' id='word_1_104' title='bbox 1445 2179 1611 2220; x_wconf 86' lang='lat' dir='ltr'><strong>secus</strong></span> <span class='ocrx_word' id='word_1_105' title='bbox 1626 2167 1825 2219; x_wconf 88' lang='lat' dir='ltr'><strong>autem</strong></span> <span class='ocrx_word' id='word_1_106' title='bbox 1849 2154 2094 2236; x_wconf 90' lang='lat' dir='ltr'><strong>quando</strong></span> <span class='ocrx_word' id='word_1_107' title='bbox 2116 2155 2324 2216; x_wconf 89' lang='lat' dir='ltr'><strong>eadem</strong></span> 
     </span>
     <span class='ocr_line' id='line_1_19' title="bbox 778 2248 2324 2339; baseline -0.008 -18"><span class='ocrx_word' id='word_1_108' title='bbox 778 2267 956 2339; x_wconf 85' lang='lat' dir='ltr'><strong>prout</strong></span> <span class='ocrx_word' id='word_1_109' title='bbox 977 2257 1100 2330; x_wconf 88' lang='lat' dir='ltr'><strong>bic,</strong></span> <span class='ocrx_word' id='word_1_110' title='bbox 1130 2256 1472 2336; x_wconf 85' lang='lat' dir='ltr'><strong>sumptibus</strong></span> <span class='ocrx_word' id='word_1_111' title='bbox 1498 2251 1834 2315; x_wconf 86' lang='lat' dir='ltr'><strong>Sacerdotis</strong></span> <span class='ocrx_word' id='word_1_112' title='bbox 1857 2249 2156 2312; x_wconf 90' lang='lat' dir='ltr'><strong>Francisci</strong></span> <span class='ocrx_word' id='word_1_113' title='bbox 2190 2248 2324 2318; x_wconf 80' lang='lat' dir='ltr'><strong>Bel-</strong></span> 
     </span>
     <span class='ocr_line' id='line_1_20' title="bbox 777 2343 2329 2424; baseline -0.007 -9"><span class='ocrx_word' id='word_1_114' title='bbox 777 2351 906 2415; x_wconf 90' lang='lat' dir='ltr'><strong>letti</strong></span> <span class='ocrx_word' id='word_1_115' title='bbox 936 2351 1054 2414; x_wconf 85' lang='lat' dir='ltr'><strong>fuit·</strong></span> <span class='ocrx_word' id='word_1_116' title='bbox 1090 2351 1363 2424; x_wconf 82' lang='lat' dir='ltr'><strong>fundata,</strong></span> <span class='ocrx_word' id='word_1_117' title='bbox 1395 2359 1453 2411; x_wconf 92' lang='lat' dir='ltr'><strong>et</strong></span> <span class='ocrx_word' id='word_1_118' title='bbox 1490 2346 1800 2410; x_wconf 81' lang='lat' dir='ltr'><strong>aedificata</strong></span> <span class='ocrx_word' id='word_1_119' title='bbox 1823 2392 1840 2418; x_wconf 94' lang='lat'><strong>,</strong></span> <span class='ocrx_word' id='word_1_120' title='bbox 1864 2344 2083 2424; x_wconf 89' lang='lat' dir='ltr'><strong>cuique</strong></span> <span class='ocrx_word' id='word_1_121' title='bbox 2107 2343 2329 2405; x_wconf 91' lang='lat' dir='ltr'><strong>idcirco</strong></span> 
     </span>
     <span class='ocr_line' id='line_1_21' title="bbox 769 2437 2326 2530; baseline -0.008 -21"><span class='ocrx_word' id='word_1_122' title='bbox 769 2448 873 2530; x_wconf 83' lang='lat' dir='ltr'><strong>jus</strong></span> <span class='ocrx_word' id='word_1_123' title='bbox 899 2445 1315 2528; x_wconf 88' lang='lat' dir='ltr'><strong>praesentandi</strong></span> <span class='ocrx_word' id='word_1_124' title='bbox 1364 2445 1439 2507; x_wconf 85' lang='lat' dir='ltr'><strong>ad</strong></span> <span class='ocrx_word' id='word_1_125' title='bbox 1471 2443 1661 2523; x_wconf 88' lang='lat' dir='ltr'><strong>ipsam</strong></span> <span class='ocrx_word' id='word_1_126' title='bbox 1714 2448 1804 2501; x_wconf 90' lang='lat' dir='ltr'><strong>est</strong></span> <span class='ocrx_word' id='word_1_127' title='bbox 1851 2437 2281 2500; x_wconf 82' lang='lat' dir='ltr'><strong>reservandum</strong></span> <span class='ocrx_word' id='word_1_128' title='bbox 2309 2458 2326 2512; x_wconf 75' lang='grc' dir='ltr'>ς</span> 
     </span>
     <span class='ocr_line' id='line_1_22' title="bbox 781 2534 2331 2615; baseline -0.007 -12"><span class='ocrx_word' id='word_1_129' title='bbox 781 2542 871 2603; x_wconf 89' lang='lat' dir='ltr'><strong>uti</strong></span> <span class='ocrx_word' id='word_1_130' title='bbox 906 2543 1274 2615; x_wconf 86' lang='lat' dir='ltr'><strong>adnotarunt</strong></span> <span class='ocrx_word' id='word_1_131' title='bbox 1303 2542 1365 2599; x_wconf 83' lang='lat' dir='ltr'><strong>in</strong></span> <span class='ocrx_word' id='word_1_132' title='bbox 1395 2539 1542 2598; x_wconf 83' lang='lat' dir='ltr'><strong>dicto</strong></span> <span class='ocrx_word' id='word_1_133' title='bbox 1576 2557 1698 2615; x_wconf 81' lang='lat' dir='ltr'><strong>cap.</strong></span> <span class='ocrx_word' id='word_1_134' title='bbox 1731 2537 1807 2596; x_wconf 82' lang='lat' dir='ltr'><strong>ad</strong></span> <span class='ocrx_word' id='word_1_135' title='bbox 1835 2534 2186 2595; x_wconf 76' lang='lat' dir='ltr'><strong>audientiam</strong></span> <span class='ocrx_word' id='word_1_136' title='bbox 2214 2534 2331 2593; x_wconf 75' lang='lat' dir='ltr'><strong>Ab·</strong></span> 
     </span>
     <span class='ocr_line' id='line_1_23' title="bbox 785 2628 2326 2712; baseline -0.006 -16"><span class='ocrx_word' id='word_1_137' title='bbox 785 2637 882 2697; x_wconf 80' lang='lat' dir='ltr'><strong>bas</strong></span> <span class='ocrx_word' id='word_1_138' title='bbox 907 2657 1067 2696; x_wconf 76' lang='lat' dir='ltr'><strong>num.</strong></span> <span class='ocrx_word' id='word_1_139' title='bbox 1097 2639 1190 2695; x_wconf 79' lang='lat' dir='ltr'><strong>to.</strong></span> <span class='ocrx_word' id='word_1_140' title='bbox 1217 2633 1479 2712; x_wconf 78' lang='lat' dir='ltr'><strong>Faqnan.</strong></span> <span class='ocrx_word' id='word_1_141' title='bbox 1510 2651 1671 2690; x_wconf 76' lang='lat' dir='ltr'><strong>num.</strong></span> <span class='ocrx_word' id='word_1_142' title='bbox 1706 2634 1803 2690; x_wconf 83' lang='lat'><strong>39.</strong></span> <span class='ocrx_word' id='word_1_143' title='bbox 1833 2629 1898 2689; x_wconf 84' lang='lat' dir='ltr'><strong>de</strong></span> <span class='ocrx_word' id='word_1_144' title='bbox 1920 2628 2136 2689; x_wconf 82' lang='lat' dir='ltr'><strong>Eccles.</strong></span> <span class='ocrx_word' id='word_1_145' title='bbox 2167 2628 2296 2690; x_wconf 83' lang='lat' dir='ltr'><strong>aedi</strong></span> <span class='ocrx_word' id='word_1_146' title='bbox 2303 2663 2326 2673; x_wconf 92' lang='lat'>-</span> 
     </span>
     <span class='ocr_line' id='line_1_24' title="bbox 779 2714 2327 2814; baseline -0.006 -24"><span class='ocrx_word' id='word_1_147' title='bbox 779 2732 1041 2814; x_wconf 74' lang='lat' dir='ltr'><strong>ficandis,</strong></span> <span class='ocrx_word' id='word_1_148' title='bbox 1094 2730 1311 2789; x_wconf 85' lang='lat' dir='ltr'><strong>Adden.</strong></span> <span class='ocrx_word' id='word_1_149' title='bbox 1365 2728 1442 2787; x_wconf 78' lang='lat' dir='ltr'><strong>ad</strong></span> <span class='ocrx_word' id='word_1_150' title='bbox 1471 2725 1616 2805; x_wconf 82' lang='lat' dir='ltr'><strong>Lap.</strong></span> <span class='ocrx_word' id='word_1_151' title='bbox 1653 2725 1884 2802; x_wconf 78' lang='lat' dir='ltr'><strong>alleqat.</strong></span> <span class='ocrx_word' id='word_1_152' title='bbox 1940 2727 2038 2782; x_wconf 79' lang='lat'><strong>66.</strong></span> <span class='ocrx_word' id='word_1_153' title='bbox 2076 2723 2188 2781; x_wconf 85' lang='lat' dir='ltr'><strong>litt.</strong></span> <span class='ocrx_word' id='word_1_154' title='bbox 2246 2714 2327 2784; x_wconf 81' lang='grc' dir='ltr'><strong>Ν.</strong></span> 
     </span>
     <span class='ocr_line' id='line_1_25' title="bbox 783 2818 2333 2900; baseline -0.006 -15"><span class='ocrx_word' id='word_1_155' title='bbox 783 2824 1136 2885; x_wconf 75' lang='lat' dir='ltr'><strong>lambertin.</strong></span> <span class='ocrx_word' id='word_1_156' title='bbox 1169 2824 1232 2882; x_wconf 87' lang='lat' dir='ltr'><strong>de</strong></span> <span class='ocrx_word' id='word_1_157' title='bbox 1255 2821 1737 2900; x_wconf 78' lang='lat' dir='ltr'><strong>Jurepatronatus</strong></span> <span class='ocrx_word' id='word_1_158' title='bbox 1760 2819 1924 2896; x_wconf 71' lang='lat' dir='ltr'><strong>‘parte</strong></span> <span class='ocrx_word' id='word_1_159' title='bbox 1940 2819 2133 2897; x_wconf 82' lang='lat' dir='ltr'><strong>prima</strong></span> <span class='ocrx_word' id='word_1_160' title='bbox 2157 2818 2333 2896; x_wconf 87' lang='lat' dir='ltr'><strong>primi</strong></span> 
     </span>
     <span class='ocr_line' id='line_1_26' title="bbox 788 2909 2327 2996; baseline -0.005 -18"><span class='ocrx_word' id='word_1_161' title='bbox 788 2918 927 2978; x_wconf 80' lang='lat' dir='ltr'><strong>libri</strong></span> <span class='ocrx_word' id='word_1_162' title='bbox 957 2927 1173 2996; x_wconf 74' lang='lat' dir='ltr'><strong>quaest.</strong></span> <span class='ocrx_word' id='word_1_163' title='bbox 1223 2922 1299 2976; x_wconf 82' lang='grc'><strong>’8.</strong></span> <span class='ocrx_word' id='word_1_164' title='bbox 1330 2916 1499 2996; x_wconf 84' lang='lat' dir='ltr'><strong>artic.</strong></span> <span class='ocrx_word' id='word_1_165' title='bbox 1561 2918 1616 2972; x_wconf 83' lang='lat'><strong>1.</strong></span> <span class='ocrx_word' id='word_1_166' title='bbox 1674 2930 1775 2990; x_wconf 85' lang='lat' dir='ltr'><strong>per</strong></span> <span class='ocrx_word' id='word_1_167' title='bbox 1805 2920 2001 2980; x_wconf 78' lang='lat' dir='ltr'><strong>totum,</strong></span> <span class='ocrx_word' id='word_1_168' title='bbox 2058 2909 2327 2989; x_wconf 75' lang='lat' dir='ltr'><strong>Pirhinq.</strong></span> 
     </span>
     <span class='ocr_line' id='line_1_27' title="bbox 785 3002 2328 3086; baseline -0.005 -15"><span class='ocrx_word' id='word_1_169' title='bbox 785 3012 864 3072; x_wconf 77' lang='lat' dir='ltr'><strong>act</strong></span> <span class='ocrx_word' id='word_1_170' title='bbox 895 3013 986 3070; x_wconf 77' lang='lat' dir='ltr'><strong>tit.</strong></span> <span class='ocrx_word' id='word_1_171' title='bbox 1018 3016 1075 3070; x_wconf 84' lang='lat'><strong>3.</strong></span> <span class='ocrx_word' id='word_1_172' title='bbox 1111 3011 1312 3070; x_wconf 74' lang='lat' dir='ltr'><strong>decret.</strong></span> <span class='ocrx_word' id='word_1_173' title='bbox 1348 3010 1439 3066; x_wconf 75' lang='lat' dir='ltr'><strong>rit.</strong></span> <span class='ocrx_word' id='word_1_174' title='bbox 1472 3011 1571 3066; x_wconf 69' lang='grc'><strong>48.</strong></span> <span class='ocrx_word' id='word_1_175' title='bbox 1606 3003 1670 3086; x_wconf 79' lang='lat'><strong>§.</strong></span> <span class='ocrx_word' id='word_1_176' title='bbox 1697 3007 1755 3063; x_wconf 79' lang='lat'><strong>2.</strong></span> <span class='ocrx_word' id='word_1_177' title='bbox 1788 3024 1946 3064; x_wconf 74' lang='lat' dir='ltr'><strong>num.</strong></span> <span class='ocrx_word' id='word_1_178' title='bbox 1984 3007 2078 3063; x_wconf 82' lang='lat'><strong>12.</strong></span> <span class='ocrx_word' id='word_1_179' title='bbox 2114 3002 2328 3063; x_wconf 62' lang='grc' dir='ltr'><strong>[οιτον.</strong></span> 
     </span>
     <span class='ocr_line' id='line_1_28' title="bbox 784 3101 2329 3185; baseline -0.005 -18"><span class='ocrx_word' id='word_1_180' title='bbox 784 3106 921 3167; x_wconf 85' lang='lat' dir='ltr'><strong>dere</strong></span> <span class='ocrx_word' id='word_1_181' title='bbox 942 3105 1159 3185; x_wconf 81' lang='lat' dir='ltr'><strong>benefic.</strong></span> <span class='ocrx_word' id='word_1_182' title='bbox 1195 3105 1293 3164; x_wconf 81' lang='lat' dir='ltr'><strong>lib.</strong></span> <span class='ocrx_word' id='word_1_183' title='bbox 1332 3106 1383 3162; x_wconf 84' lang='lat'><strong>1.</strong></span> <span class='ocrx_word' id='word_1_184' title='bbox 1415 3111 1631 3180; x_wconf 80' lang='lat' dir='ltr'><strong>quaest.</strong></span> <span class='ocrx_word' id='word_1_185' title='bbox 1661 3104 1757 3163; x_wconf 77' lang='lat'><strong>28.</strong></span> <span class='ocrx_word' id='word_1_186' title='bbox 1790 3119 1948 3159; x_wconf 76' lang='lat' dir='ltr'><strong>num.</strong></span> <span class='ocrx_word' id='word_1_187' title='bbox 1977 3101 2074 3160; x_wconf 72' lang='lat' dir='ltr'><strong>M).</strong></span> <span class='ocrx_word' id='word_1_188' title='bbox 2107 3108 2156 3158; x_wconf 79' lang='lat' dir='ltr'><strong>et</strong></span> <span class='ocrx_word' id='word_1_189' title='bbox 2182 3118 2329 3177; x_wconf 81' lang='lat' dir='ltr'><strong>seqq.</strong></span> 
     </span>
    </p>

    <p class='ocr_par' dir='ltr' id='par_1_3' title="bbox 790 3193 2332 3377">
     <span class='ocr_line' id='line_1_29' title="bbox 910 3193 2332 3268; baseline -0.003 -8"><span class='ocrx_word' id='word_1_190' title='bbox 910 3200 1055 3261; x_wconf 87' lang='lat' dir='ltr'><strong>Jura</strong></span> <span class='ocrx_word' id='word_1_191' title='bbox 1086 3199 1232 3260; x_wconf 90' lang='lat' dir='ltr'><strong>binc</strong></span> <span class='ocrx_word' id='word_1_192' title='bbox 1271 3196 1411 3258; x_wconf 90' lang='lat' dir='ltr'><strong>inde</strong></span> <span class='ocrx_word' id='word_1_193' title='bbox 1437 3193 1993 3257; x_wconf 85' lang='lat' dir='ltr'><strong>circumferuntur:</strong></span> <span class='ocrx_word' id='word_1_194' title='bbox 2037 3193 2332 3268; x_wconf 80' lang='lat' dir='ltr'><strong>Quocirca</strong></span> 
     </span>
     <span class='ocr_line' id='line_1_30' title="bbox 790 3295 1156 3377; baseline -0.011 -20"><span class='ocrx_word' id='word_1_195' title='bbox 790 3295 1110 3377; x_wconf 86' lang='lat' dir='ltr'><strong>quaeritur</strong></span> <span class='ocrx_word' id='word_1_196' title='bbox 1140 3313 1156 3353; x_wconf 73' lang='grc' dir='ltr'><strong><em>ε</em></strong></span> 
     </span>
    </p>

    <p class='ocr_par' dir='ltr' id='par_1_4' title="bbox 788 3384 2340 3557">
     <span class='ocr_line' id='line_1_31' title="bbox 909 3384 2340 3457; baseline -0.005 -8"><span class='ocrx_word' id='word_1_197' title='bbox 909 3389 958 3449; x_wconf 91' lang='lat'><strong>1.</strong></span> <span class='ocrx_word' id='word_1_198' title='bbox 1010 3388 1105 3448; x_wconf 79' lang='lat' dir='ltr'><strong>An</strong></span> <span class='ocrx_word' id='word_1_199' title='bbox 1139 3389 1211 3448; x_wconf 81' lang='lat' dir='ltr'><strong>sit</strong></span> <span class='ocrx_word' id='word_1_200' title='bbox 1243 3389 1392 3445; x_wconf 75' lang='lat' dir='ltr'><strong>locu-s</strong></span> <span class='ocrx_word' id='word_1_201' title='bbox 1444 3384 1953 3457; x_wconf 78' lang='lat' dir='ltr'><strong>dismembrationi,</strong></span> <span class='ocrx_word' id='word_1_202' title='bbox 1983 3393 2033 3443; x_wconf 84' lang='lat' dir='ltr'><strong>et</strong></span> <span class='ocrx_word' id='word_1_203' title='bbox 2075 3384 2340 3444; x_wconf 73' lang='lat' dir='ltr'><strong>erectioni</strong></span> 
     </span>
     <span class='ocr_line' id='line_1_32' title="bbox 788 3478 2333 3557; baseline -0.005 -13"><span class='ocrx_word' id='word_1_204' title='bbox 788 3501 963 3544; x_wconf 73' lang='lat' dir='ltr'><strong>novae</strong></span> <span class='ocrx_word' id='word_1_205' title='bbox 987 3482 1295 3554; x_wconf 82' lang='lat' dir='ltr'><strong>Parochiae</strong></span> <span class='ocrx_word' id='word_1_206' title='bbox 1324 3482 1385 3538; x_wconf 86' lang='lat' dir='ltr'><strong>in</strong></span> <span class='ocrx_word' id='word_1_207' title='bbox 1420 3500 1576 3549; x_wconf 80' lang='lat' dir='ltr'><strong>casu,</strong></span> <span class='ocrx_word' id='word_1_208' title='bbox 1607 3490 1657 3539; x_wconf 83' lang='lat' dir='ltr'><strong>et</strong></span> <span class='ocrx_word' id='word_1_209' title='bbox 1676 3490 1950 3557; x_wconf 75' lang='lat' dir='ltr'><strong>quatenus</strong></span> <span class='ocrx_word' id='word_1_210' title='bbox 1970 3478 2333 3557; x_wconf 76' lang='lat' dir='ltr'><strong>affirmative:</strong></span> 
     </span>
    </p>

    <p class='ocr_par' dir='ltr' id='par_1_5' title="bbox 790 3573 2341 3753">
     <span class='ocr_line' id='line_1_33' title="bbox 910 3573 2341 3651; baseline -0.002 -16"><span class='ocrx_word' id='word_1_211' title='bbox 910 3575 991 3636; x_wconf 84' lang='lat'><strong>11.</strong></span> <span class='ocrx_word' id='word_1_212' title='bbox 1027 3575 1144 3647; x_wconf 81' lang='lat' dir='ltr'><strong>An,</strong></span> <span class='ocrx_word' id='word_1_213' title='bbox 1192 3584 1241 3634; x_wconf 85' lang='lat' dir='ltr'><strong>et</strong></span> <span class='ocrx_word' id='word_1_214' title='bbox 1271 3575 1347 3635; x_wconf 87' lang='lat' dir='ltr'><strong>ad</strong></span> <span class='ocrx_word' id='word_1_215' title='bbox 1375 3574 1536 3651; x_wconf 71' lang='lat' dir='ltr'><strong>cujus</strong></span> <span class='ocrx_word' id='word_1_216' title='bbox 1562 3573 1808 3651; x_wconf 76' lang='lat' dir='ltr'><strong>favorem</strong></span> <span class='ocrx_word' id='word_1_217' title='bbox 1833 3576 1905 3633; x_wconf 82' lang='lat' dir='ltr'><strong>sit</strong></span> <span class='ocrx_word' id='word_1_218' title='bbox 1945 3573 2341 3633; x_wconf 76' lang='lat' dir='ltr'><strong>reservandum</strong></span> 
     </span>
     <span class='ocr_line' id='line_1_34' title="bbox 790 3671 1984 3753; baseline -0.008 -19"><span class='ocrx_word' id='word_1_219' title='bbox 790 3672 1242 3753; x_wconf 72' lang='lat' dir='ltr'><strong>Juspaeronams</strong></span> <span class='ocrx_word' id='word_1_220' title='bbox 1273 3671 1337 3728; x_wconf 81' lang='lat' dir='ltr'><strong>in</strong></span> <span class='ocrx_word' id='word_1_221' title='bbox 1357 3688 1493 3737; x_wconf 70' lang='lat' dir='ltr'><strong>casu</strong></span> <span class='ocrx_word' id='word_1_222' title='bbox 1522 3678 1623 3728; x_wconf 85' lang='lat' dir='ltr'><strong>etc.</strong></span> <span class='ocrx_word' id='word_1_223' title='bbox 1975 3673 1984 3686; x_wconf 90' lang='lat'>&#39;</span> 
     </span>
    </p>
   </div>
   <div class='ocr_carea' id='block_1_3' title="bbox 789 3857 2357 4636">
    <p class='ocr_par' dir='ltr' id='par_1_6' title="bbox 895 3857 2212 3926">
     <span class='ocr_line' id='line_1_35' title="bbox 895 3857 2212 3926; baseline -0.004 -12"><span class='ocrx_word' id='word_1_224' title='bbox 895 3865 1047 3914; x_wconf 81' lang='lat' dir='ltr'><strong>Sacra</strong></span> <span class='ocrx_word' id='word_1_225' title='bbox 1075 3862 1272 3926; x_wconf 76' lang='lat' dir='ltr'><strong>Congr.</strong></span> <span class='ocrx_word' id='word_1_226' title='bbox 1296 3858 1382 3910; x_wconf 86' lang='lat' dir='ltr'><strong>die</strong></span> <span class='ocrx_word' id='word_1_227' title='bbox 1408 3858 1667 3911; x_wconf 56' lang='lat' dir='ltr'><strong>absumit</strong></span> <span class='ocrx_word' id='word_1_228' title='bbox 1702 3857 1839 3909; x_wconf 75' lang='lat'>¹72¹</span> <span class='ocrx_word' id='word_1_229' title='bbox 1857 3896 1868 3907; x_wconf 91' lang='lat'><strong>.</strong></span> <span class='ocrx_word' id='word_1_230' title='bbox 1898 3858 2212 3926; x_wconf 83' lang='lat' dir='ltr'><strong>respondit:</strong></span> 
     </span>
    </p>

    <p class='ocr_par' dir='ltr' id='par_1_7' title="bbox 789 3944 2357 4636">
     <span class='ocr_line' id='line_1_36' title="bbox 973 3944 2353 4016; baseline -0.002 -15"><span class='ocrx_word' id='word_1_231' title='bbox 973 3947 1070 4003; x_wconf 78' lang='lat' dir='ltr'><strong>,Ad</strong></span> <span class='ocrx_word' id='word_1_232' title='bbox 1100 3947 1337 4016; x_wconf 80' lang='lat' dir='ltr'><strong>primum</strong></span> <span class='ocrx_word' id='word_1_233' title='bbox 1389 3944 1750 4014; x_wconf 76' lang='lat' dir='ltr'><strong>affirmative,</strong></span> <span class='ocrx_word' id='word_1_234' title='bbox 1809 3944 2101 3997; x_wconf 79' lang='lat' dir='ltr'><strong>dummodo</strong></span> <span class='ocrx_word' id='word_1_235' title='bbox 2156 3948 2353 4000; x_wconf 79' lang='lat' dir='ltr'><strong>Orato-</strong></span> 
     </span>
     <span class='ocr_line' id='line_1_37' title="bbox 790 4032 2349 4101; baseline -0.006 -7"><span class='ocrx_word' id='word_1_236' title='bbox 790 4041 934 4095; x_wconf 80' lang='lat' dir='ltr'><strong>rium</strong></span> <span class='ocrx_word' id='word_1_237' title='bbox 962 4036 1109 4090; x_wconf 80' lang='lat' dir='ltr'><strong>della</strong></span> <span class='ocrx_word' id='word_1_238' title='bbox 1133 4036 1339 4089; x_wconf 81' lang='lat' dir='ltr'><strong>Pionta</strong></span> <span class='ocrx_word' id='word_1_239' title='bbox 1373 4046 1655 4086; x_wconf 78' lang='lat' dir='ltr'><strong>remaneat</strong></span> <span class='ocrx_word' id='word_1_240' title='bbox 1671 4032 1770 4085; x_wconf 84' lang='lat' dir='ltr'><strong>sub</strong></span> <span class='ocrx_word' id='word_1_241' title='bbox 1800 4033 2031 4101; x_wconf 78' lang='lat' dir='ltr'><strong>antiqua</strong></span> <span class='ocrx_word' id='word_1_242' title='bbox 2051 4032 2349 4085; x_wconf 70' lang='lat' dir='ltr'><strong>parochia·</strong></span> 
     </span>
     <span class='ocr_line' id='line_1_38' title="bbox 793 4118 2350 4190; baseline -0.007 -9"><span class='ocrx_word' id='word_1_243' title='bbox 793 4129 861 4181; x_wconf 84' lang='lat' dir='ltr'><strong>li.</strong></span> <span class='ocrx_word' id='word_1_244' title='bbox 916 4124 1012 4177; x_wconf 81' lang='lat' dir='ltr'><strong>Ad</strong></span> <span class='ocrx_word' id='word_1_245' title='bbox 1055 4122 1380 4190; x_wconf 81' lang='lat' dir='ltr'><strong>secundum,</strong></span> <span class='ocrx_word' id='word_1_246' title='bbox 1408 4123 1841 4190; x_wconf 76' lang='lat' dir='ltr'><strong>Juspatrona‘tus</strong></span> <span class='ocrx_word' id='word_1_247' title='bbox 1864 4120 2139 4189; x_wconf 83' lang='lat' dir='ltr'><strong>pertinere</strong></span> <span class='ocrx_word' id='word_1_248' title='bbox 2163 4118 2238 4171; x_wconf 79' lang='lat' dir='ltr'><strong>ad</strong></span> <span class='ocrx_word' id='word_1_249' title='bbox 2264 4121 2350 4171; x_wconf 78' lang='lat' dir='ltr'><strong>So·</strong></span> 
     </span>
     <span class='ocr_line' id='line_1_39' title="bbox 793 4205 2357 4277; baseline -0.008 -8"><span class='ocrx_word' id='word_1_250' title='bbox 793 4213 1064 4269; x_wconf 81' lang='lat' dir='ltr'><strong>cerdoeem</strong></span> <span class='ocrx_word' id='word_1_251' title='bbox 1095 4209 1324 4264; x_wconf 82' lang='lat' dir='ltr'><strong>Bellem&#39;</strong></span> <span class='ocrx_word' id='word_1_252' title='bbox 1341 4249 1357 4275; x_wconf 84' lang='lat'><strong>,</strong></span> <span class='ocrx_word' id='word_1_253' title='bbox 1401 4208 1600 4262; x_wconf 77' lang='lat' dir='ltr'><strong>solutis</strong></span> <span class='ocrx_word' id='word_1_254' title='bbox 1630 4208 1822 4261; x_wconf 73' lang='lat' dir='ltr'><strong>Corbis</strong></span> <span class='ocrx_word' id='word_1_255' title='bbox 1861 4205 2357 4277; x_wconf 76' lang='lat' dir='ltr'><strong>septemsrumenti</strong></span> 
     </span>
     <span class='ocr_line' id='line_1_40' title="bbox 793 4296 2352 4364; baseline -0.006 -9"><span class='ocrx_word' id='word_1_256' title='bbox 793 4300 997 4356; x_wconf 77' lang='lat' dir='ltr'><strong>annuis</strong></span> <span class='ocrx_word' id='word_1_257' title='bbox 1017 4319 1056 4351; x_wconf 82' lang='lat' dir='ltr'><strong>a</strong></span> <span class='ocrx_word' id='word_1_258' title='bbox 1071 4317 1208 4350; x_wconf 77' lang='lat' dir='ltr'><strong>novo</strong></span> <span class='ocrx_word' id='word_1_259' title='bbox 1234 4297 1495 4350; x_wconf 76' lang='lat' dir='ltr'><strong>Parocbo</strong></span> <span class='ocrx_word' id='word_1_260' title='bbox 1516 4297 1806 4363; x_wconf 76' lang='lat' dir='ltr'><strong>Ecclesiae</strong></span> <span class='ocrx_word' id='word_1_261' title='bbox 1833 4296 2080 4364; x_wconf 74' lang='lat' dir='ltr'><strong>Matrici,</strong></span> <span class='ocrx_word' id='word_1_262' title='bbox 2109 4309 2162 4350; x_wconf 76' lang='lat' dir='ltr'><strong>et</strong></span> <span class='ocrx_word' id='word_1_263' title='bbox 2186 4313 2352 4348; x_wconf 83' lang='lat' dir='ltr'><strong>reser-</strong></span> 
     </span>
     <span class='ocr_line' id='line_1_41' title="bbox 792 4381 2351 4454; baseline -0.008 -10"><span class='ocrx_word' id='word_1_264' title='bbox 792 4403 918 4443; x_wconf 73' lang='lat' dir='ltr'><strong>vato</strong></span> <span class='ocrx_word' id='word_1_265' title='bbox 946 4384 1278 4454; x_wconf 73' lang='lat' dir='ltr'><strong>competenti</strong></span> <span class='ocrx_word' id='word_1_266' title='bbox 1326 4384 1535 4437; x_wconf 76' lang='lat' dir='ltr'><strong>honore</strong></span> <span class='ocrx_word' id='word_1_267' title='bbox 1585 4384 1653 4436; x_wconf 81' lang='lat' dir='ltr'><strong>ab</strong></span> <span class='ocrx_word' id='word_1_268' title='bbox 1682 4384 1938 4437; x_wconf 79' lang='lat' dir='ltr'><strong>Ecclesia</strong></span> <span class='ocrx_word' id='word_1_269' title='bbox 1946 4381 2141 4452; x_wconf 76' lang='lat' dir='ltr'><strong>filiali</strong></span> <span class='ocrx_word' id='word_1_270' title='bbox 2192 4382 2351 4435; x_wconf 78' lang='lat' dir='ltr'><strong>exhi-</strong></span> 
     </span>
     <span class='ocr_line' id='line_1_42' title="bbox 791 4470 2354 4546; baseline -0.005 -14"><span class='ocrx_word' id='word_1_271' title='bbox 791 4478 968 4538; x_wconf 72' lang='lat' dir='ltr'><strong>bendo</strong></span> <span class='ocrx_word' id='word_1_272' title='bbox 990 4495 1119 4546; x_wconf 75' lang='lat' dir='ltr'><strong>erga</strong></span> <span class='ocrx_word' id='word_1_273' title='bbox 1146 4473 1439 4528; x_wconf 76' lang='lat' dir='ltr'><strong>Matricem</strong></span> <span class='ocrx_word' id='word_1_274' title='bbox 1466 4471 1700 4526; x_wconf 69' lang='lat' dir='ltr'><strong>arbitrio</strong></span> <span class='ocrx_word' id='word_1_275' title='bbox 1740 4470 2180 4527; x_wconf 63' lang='lat' dir='ltr'><strong>Eminentia-simi</strong></span> <span class='ocrx_word' id='word_1_276' title='bbox 2216 4470 2354 4543; x_wconf 81' lang='lat' dir='ltr'><strong>Epi·</strong></span> 
     </span>
     <span class='ocr_line' id='line_1_43' title="bbox 789 4584 982 4636; baseline -0.021 -16"><span class='ocrx_word' id='word_1_277' title='bbox 789 4584 944 4636; x_wconf 68' lang='lat' dir='ltr'><strong>scopi</strong></span> <span class='ocrx_word' id='word_1_278' title='bbox 969 4603 982 4616; x_wconf 90' lang='lat'><strong>.</strong></span> 
     </span>
    </p>
   </div>
   <div class='ocr_carea' id='block_1_4' title="bbox 1235 4769 1912 4846">
    <p class='ocr_par' dir='ltr' id='par_1_8' title="bbox 1235 4769 1912 4846">
     <span class='ocr_line' id='line_1_44' title="bbox 1235 4769 1912 4846; baseline -0.009 -10"><span class='ocrx_word' id='word_1_279' title='bbox 1235 4769 1598 4846; x_wconf 81' lang='lat' dir='ltr'><strong>QUAESTIO</strong></span> <span class='ocrx_word' id='word_1_280' title='bbox 1639 4769 1912 4832; x_wconf 81' lang='lat' dir='ltr'>CLXIX.</span> 
     </span>
    </p>
   </div>
   <div class='ocr_carea' id='block_1_5' title="bbox 837 4985 2309 5145">
    <p class='ocr_par' dir='ltr' id='par_1_9' title="bbox 837 4985 2309 5145">
     <span class='ocr_line' id='line_1_45' title="bbox 837 4985 2309 5067; baseline -0.009 -8"><span class='ocrx_word' id='word_1_281' title='bbox 837 4996 910 5060; x_wconf 81' lang='lat' dir='ltr'><strong>In</strong></span> <span class='ocrx_word' id='word_1_282' title='bbox 935 4993 1129 5057; x_wconf 75' lang='lat' dir='ltr'><strong>Causa</strong></span> <span class='ocrx_word' id='word_1_283' title='bbox 1151 4991 1571 5053; x_wconf 71' lang='lat' dir='ltr'><strong>Portucallensi</strong></span> <span class='ocrx_word' id='word_1_284' title='bbox 1587 4989 1956 5051; x_wconf 74' lang='lat' dir='ltr'><strong>Reductionis</strong></span> <span class='ocrx_word' id='word_1_285' title='bbox 1988 4985 2309 5067; x_wconf 74' lang='lat' dir='ltr'><strong>Conqruae,</strong></span> 
     </span>
     <span class='ocr_line' id='line_1_46' title="bbox 1277 5082 1871 5145; baseline -0.003 -1"><span class='ocrx_word' id='word_1_286' title='bbox 1277 5085 1366 5144; x_wconf 85' lang='lat' dir='ltr'><strong>die</strong></span> <span class='ocrx_word' id='word_1_287' title='bbox 1398 5089 1456 5145; x_wconf 89' lang='grc'><strong>8.</strong></span> <span class='ocrx_word' id='word_1_288' title='bbox 1489 5082 1664 5143; x_wconf 68' lang='lat' dir='ltr'><strong>,Iunii</strong></span> <span class='ocrx_word' id='word_1_289' title='bbox 1697 5084 1871 5142; x_wconf 76' lang='lat'><strong>1720.</strong></span> 
     </span>
    </p>
   </div>
   <div class='ocr_carea' id='block_1_6' title="bbox 1937 477 2779 554">
    <p class='ocr_par' dir='ltr' id='par_1_10' title="bbox 1937 477 2779 554">
     <span class='ocr_line' id='line_1_47' title="bbox 1937 477 2779 554; baseline -0.012 -15"><span class='ocrx_word' id='word_1_290' title='bbox 1937 482 2385 554; x_wconf 66' lang='lat' dir='ltr'><strong>commones</strong></span> <span class='ocrx_word' id='word_1_291' title='bbox 2422 477 2779 532; x_wconf 63' lang='lat' dir='ltr'><strong>esaomcAE</strong></span> 
     </span>
    </p>
   </div>
   <div class='ocr_carea' id='block_1_7' title="bbox 2419 623 4026 5234">
    <p class='ocr_par' dir='ltr' id='par_1_11' title="bbox 2419 623 3978 1852">
     <span class='ocr_line' id='line_1_48' title="bbox 2419 623 3966 706; baseline -0.008 -11"><span class='ocrx_word' id='word_1_292' title='bbox 2419 631 2679 695; x_wconf 87' lang='lat' dir='ltr'><strong>cbialem</strong></span> <span class='ocrx_word' id='word_1_293' title='bbox 2700 629 3027 692; x_wconf 82' lang='lat' dir='ltr'><strong>Ecclesiam</strong></span> <span class='ocrx_word' id='word_1_294' title='bbox 3076 627 3138 690; x_wconf 89' lang='lat' dir='ltr'><strong>S.</strong></span> <span class='ocrx_word' id='word_1_295' title='bbox 3170 623 3585 706; x_wconf 86' lang='lat' dir='ltr'><strong>Christophori</strong></span> <span class='ocrx_word' id='word_1_296' title='bbox 3609 646 3627 698; x_wconf 85' lang='lat'>;</span> <span class='ocrx_word' id='word_1_297' title='bbox 3656 639 3918 704; x_wconf 89' lang='lat' dir='ltr'><strong>cumque</strong></span> <span class='ocrx_word' id='word_1_298' title='bbox 3946 665 3966 696; x_wconf 85' lang='lat'><strong>,</strong></span> 
     </span>
     <span class='ocr_line' id='line_1_49' title="bbox 2420 720 3967 792; baseline -0.006 -4"><span class='ocrx_word' id='word_1_299' title='bbox 2420 726 2731 789; x_wconf 87' lang='lat' dir='ltr'><strong>occasione</strong></span> <span class='ocrx_word' id='word_1_300' title='bbox 2760 724 3013 786; x_wconf 89' lang='lat' dir='ltr'><strong>ultimae</strong></span> <span class='ocrx_word' id='word_1_301' title='bbox 3046 721 3374 785; x_wconf 84' lang='lat' dir='ltr'><strong>vacationis</strong></span> <span class='ocrx_word' id='word_1_302' title='bbox 3399 720 3830 792; x_wconf 84' lang='lat' dir='ltr'><strong>nominaverit,</strong></span> <span class='ocrx_word' id='word_1_303' title='bbox 3860 737 3967 779; x_wconf 87' lang='lat' dir='ltr'><strong>seu</strong></span> 
     </span>
     <span class='ocr_line' id='line_1_50' title="bbox 2423 815 3970 901; baseline -0.005 -19"><span class='ocrx_word' id='word_1_304' title='bbox 2423 820 2897 901; x_wconf 85' lang='lat' dir='ltr'><strong>praesentaverit</strong></span> <span class='ocrx_word' id='word_1_305' title='bbox 2918 817 3296 880; x_wconf 83' lang='lat' dir='ltr'><strong>Sacerdotem</strong></span> <span class='ocrx_word' id='word_1_306' title='bbox 3325 816 3618 878; x_wconf 78' lang='lat' dir='ltr'><strong>loannem</strong></span> <span class='ocrx_word' id='word_1_307' title='bbox 3639 815 3715 875; x_wconf 88' lang='lat' dir='ltr'><strong>de</strong></span> <span class='ocrx_word' id='word_1_308' title='bbox 3736 815 3970 875; x_wconf 82' lang='lat' dir='ltr'><strong>Tavora</strong></span> 
     </span>
     <span class='ocr_line' id='line_1_51' title="bbox 2422 907 3970 996; baseline -0.005 -20"><span class='ocrx_word' id='word_1_309' title='bbox 2422 917 2535 976; x_wconf 90' lang='lat' dir='ltr'><strong>sub</strong></span> <span class='ocrx_word' id='word_1_310' title='bbox 2577 934 2648 977; x_wconf 87' lang='lat' dir='ltr'><strong>ea</strong></span> <span class='ocrx_word' id='word_1_311' title='bbox 2687 914 2852 996; x_wconf 83' lang='lat' dir='ltr'><strong>lege,</strong></span> <span class='ocrx_word' id='word_1_312' title='bbox 2892 924 2954 975; x_wconf 89' lang='lat' dir='ltr'><strong>et</strong></span> <span class='ocrx_word' id='word_1_313' title='bbox 2992 910 3369 982; x_wconf 89' lang='lat' dir='ltr'><strong>conditione,</strong></span> <span class='ocrx_word' id='word_1_314' title='bbox 3397 909 3558 990; x_wconf 87' lang='lat' dir='ltr'><strong>quod</strong></span> <span class='ocrx_word' id='word_1_315' title='bbox 3593 909 3775 977; x_wconf 87' lang='lat' dir='ltr'><strong>idem,</strong></span> <span class='ocrx_word' id='word_1_316' title='bbox 3808 907 3970 969; x_wconf 88' lang='lat' dir='ltr'><strong>ultra</strong></span> 
     </span>
     <span class='ocr_line' id='line_1_52' title="bbox 2423 1003 3973 1078; baseline -0.004 -8"><span class='ocrx_word' id='word_1_317' title='bbox 2423 1009 2792 1071; x_wconf 90' lang='lat' dir='ltr'><strong>oblationem</strong></span> <span class='ocrx_word' id='word_1_318' title='bbox 2822 1007 3047 1070; x_wconf 88' lang='lat' dir='ltr'><strong>Altaris</strong></span> <span class='ocrx_word' id='word_1_319' title='bbox 3070 1053 3086 1078; x_wconf 93' lang='lat'><strong>,</strong></span> <span class='ocrx_word' id='word_1_320' title='bbox 3127 1008 3422 1078; x_wconf 88' lang='lat' dir='ltr'><strong>Domum,</strong></span> <span class='ocrx_word' id='word_1_321' title='bbox 3471 1003 3820 1064; x_wconf 89' lang='lat' dir='ltr'><strong>Pomarium</strong></span> <span class='ocrx_word' id='word_1_322' title='bbox 3852 1047 3870 1074; x_wconf 89' lang='lat'><strong>,</strong></span> <span class='ocrx_word' id='word_1_323' title='bbox 3914 1009 3973 1064; x_wconf 86' lang='lat' dir='ltr'><strong>et</strong></span> 
     </span>
     <span class='ocr_line' id='line_1_53' title="bbox 2427 1098 3975 1172; baseline -0.003 -8"><span class='ocrx_word' id='word_1_324' title='bbox 2427 1105 2676 1166; x_wconf 85' lang='lat' dir='ltr'><strong>Praedia</strong></span> <span class='ocrx_word' id='word_1_325' title='bbox 2705 1102 2927 1165; x_wconf 89' lang='lat' dir='ltr'><strong>Domui</strong></span> <span class='ocrx_word' id='word_1_326' title='bbox 2953 1121 3217 1172; x_wconf 82' lang='lat' dir='ltr'><strong>annexa,</strong></span> <span class='ocrx_word' id='word_1_327' title='bbox 3248 1100 3523 1161; x_wconf 91' lang='lat' dir='ltr'><strong>obtinere</strong></span> <span class='ocrx_word' id='word_1_328' title='bbox 3560 1098 3739 1160; x_wconf 91' lang='lat' dir='ltr'><strong>debet</strong></span> <span class='ocrx_word' id='word_1_329' title='bbox 3765 1117 3975 1159; x_wconf 83' lang='lat' dir='ltr'><strong>annua</strong></span> 
     </span>
     <span class='ocr_line' id='line_1_54' title="bbox 2426 1193 3967 1261; baseline -0.003 -1"><span class='ocrx_word' id='word_1_330' title='bbox 2426 1207 2590 1261; x_wconf 87' lang='lat' dir='ltr'><strong>scuta</strong></span> <span class='ocrx_word' id='word_1_331' title='bbox 2623 1204 2725 1260; x_wconf 86' lang='grc'><strong>80.</strong></span> <span class='ocrx_word' id='word_1_332' title='bbox 2757 1205 3033 1260; x_wconf 88' lang='lat' dir='ltr'><strong>monetae</strong></span> <span class='ocrx_word' id='word_1_333' title='bbox 3068 1194 3375 1258; x_wconf 80' lang='lat' dir='ltr'><strong>Romanae</strong></span> <span class='ocrx_word' id='word_1_334' title='bbox 3417 1194 3547 1255; x_wconf 91' lang='lat' dir='ltr'><strong>loco</strong></span> <span class='ocrx_word' id='word_1_335' title='bbox 3595 1193 3967 1255; x_wconf 85' lang='lat' dir='ltr'><strong>decimarum</strong></span> 
     </span>
     <span class='ocr_line' id='line_1_55' title="bbox 2429 1287 3975 1373; baseline -0.004 -19"><span class='ocrx_word' id='word_1_336' title='bbox 2429 1294 2504 1354; x_wconf 91' lang='lat' dir='ltr'><strong>de</strong></span> <span class='ocrx_word' id='word_1_337' title='bbox 2547 1292 2806 1373; x_wconf 85' lang='lat' dir='ltr'><strong>Baguin,</strong></span> <span class='ocrx_word' id='word_1_338' title='bbox 2831 1302 2891 1354; x_wconf 91' lang='lat' dir='ltr'><strong>et</strong></span> <span class='ocrx_word' id='word_1_339' title='bbox 2919 1292 3326 1372; x_wconf 88' lang='lat' dir='ltr'><strong>primitiarum</strong></span> <span class='ocrx_word' id='word_1_340' title='bbox 3368 1288 3681 1351; x_wconf 86' lang='lat' dir='ltr'><strong>Territorii</strong></span> <span class='ocrx_word' id='word_1_341' title='bbox 3713 1289 3788 1349; x_wconf 89' lang='lat' dir='ltr'><strong>de</strong></span> <span class='ocrx_word' id='word_1_342' title='bbox 3820 1287 3975 1369; x_wconf 81' lang='lat' dir='ltr'>Pog-</span> 
     </span>
     <span class='ocr_line' id='line_1_56' title="bbox 2428 1381 3977 1469; baseline -0.003 -22"><span class='ocrx_word' id='word_1_343' title='bbox 2428 1388 2738 1469; x_wconf 85' lang='lat' dir='ltr'><strong>gionegro,</strong></span> <span class='ocrx_word' id='word_1_344' title='bbox 2759 1406 2918 1469; x_wconf 85' lang='lat' dir='ltr'><strong>quae</strong></span> <span class='ocrx_word' id='word_1_345' title='bbox 2935 1407 2971 1447; x_wconf 88' lang='lat' dir='ltr'><strong>a</strong></span> <span class='ocrx_word' id='word_1_346' title='bbox 2992 1384 3553 1447; x_wconf 76' lang='lat' dir='ltr'><strong>praedecessoribus</strong></span> <span class='ocrx_word' id='word_1_347' title='bbox 3570 1381 3827 1444; x_wconf 88' lang='lat' dir='ltr'><strong>Vicariis</strong></span> <span class='ocrx_word' id='word_1_348' title='bbox 3845 1383 3977 1443; x_wconf 86' lang='lat' dir='ltr'><strong>exi-</strong></span> 
     </span>
     <span class='ocr_line' id='line_1_57' title="bbox 2430 1478 3978 1562; baseline -0.003 -19"><span class='ocrx_word' id='word_1_349' title='bbox 2430 1482 2730 1562; x_wconf 86' lang='lat' dir='ltr'><strong>gebantur</strong></span> <span class='ocrx_word' id='word_1_350' title='bbox 2754 1530 2770 1552; x_wconf 90' lang='lat'><strong>,</strong></span> <span class='ocrx_word' id='word_1_351' title='bbox 2834 1492 3136 1543; x_wconf 88' lang='lat' dir='ltr'><strong>reservato</strong></span> <span class='ocrx_word' id='word_1_352' title='bbox 3169 1489 3363 1541; x_wconf 89' lang='lat' dir='ltr'><strong>tamen</strong></span> <span class='ocrx_word' id='word_1_353' title='bbox 3416 1478 3799 1558; x_wconf 89' lang='lat' dir='ltr'><strong>beneplacito.</strong></span> <span class='ocrx_word' id='word_1_354' title='bbox 3831 1496 3978 1557; x_wconf 88' lang='lat' dir='ltr'><strong>apo-</strong></span> 
     </span>
     <span class='ocr_line' id='line_1_58' title="bbox 2431 1572 3977 1648; baseline -0.002 -13"><span class='ocrx_word' id='word_1_355' title='bbox 2431 1574 2660 1648; x_wconf 90' lang='lat' dir='ltr'><strong>stolico,</strong></span> <span class='ocrx_word' id='word_1_356' title='bbox 2685 1585 2895 1636; x_wconf 86' lang='lat' dir='ltr'><strong>exorta</strong></span> <span class='ocrx_word' id='word_1_357' title='bbox 2919 1584 3007 1635; x_wconf 88' lang='lat' dir='ltr'><strong>est</strong></span> <span class='ocrx_word' id='word_1_358' title='bbox 3030 1573 3439 1635; x_wconf 85' lang='lat' dir='ltr'><strong>controversia</strong></span> <span class='ocrx_word' id='word_1_359' title='bbox 3469 1572 3627 1634; x_wconf 89' lang='lat' dir='ltr'><strong>inter</strong></span> <span class='ocrx_word' id='word_1_360' title='bbox 3671 1573 3977 1633; x_wconf 87' lang='lat' dir='ltr'><strong>Monaste-</strong></span> 
     </span>
     <span class='ocr_line' id='line_1_59' title="bbox 2433 1665 3978 1747; baseline -0.002 -18"><span class='ocrx_word' id='word_1_361' title='bbox 2433 1668 2619 1743; x_wconf 90' lang='lat' dir='ltr'><strong>rium,</strong></span> <span class='ocrx_word' id='word_1_362' title='bbox 2646 1679 2704 1730; x_wconf 92' lang='lat' dir='ltr'><strong>et</strong></span> <span class='ocrx_word' id='word_1_363' title='bbox 2731 1669 3112 1731; x_wconf 85' lang='lat' dir='ltr'><strong>Sacerdotem</strong></span> <span class='ocrx_word' id='word_1_364' title='bbox 3141 1669 3457 1740; x_wconf 78' lang='lat' dir='ltr'><strong>loannem,</strong></span> <span class='ocrx_word' id='word_1_365' title='bbox 3482 1667 3557 1728; x_wconf 89' lang='lat' dir='ltr'><strong>de</strong></span> <span class='ocrx_word' id='word_1_366' title='bbox 3582 1668 3786 1747; x_wconf 89' lang='lat' dir='ltr'><strong>quain</strong></span> <span class='ocrx_word' id='word_1_367' title='bbox 3818 1665 3978 1727; x_wconf 87' lang='lat' dir='ltr'><strong>Con·</strong></span> 
     </span>
     <span class='ocr_line' id='line_1_60' title="bbox 2431 1763 3370 1852; baseline -0.003 -28"><span class='ocrx_word' id='word_1_368' title='bbox 2431 1763 2778 1845; x_wconf 85' lang='lat' dir='ltr'><strong>gregatione</strong></span> <span class='ocrx_word' id='word_1_369' title='bbox 2810 1772 2896 1852; x_wconf 81' lang='lat' dir='ltr'><strong>est</strong></span> <span class='ocrx_word' id='word_1_370' title='bbox 2920 1763 3218 1844; x_wconf 80' lang='lat' dir='ltr'><strong>agendum</strong></span> <span class='ocrx_word' id='word_1_371' title='bbox 3247 1806 3263 1822; x_wconf 95' lang='lat'><strong>.</strong></span> <span class='ocrx_word' id='word_1_372' title='bbox 3364 1770 3370 1783; x_wconf 67' lang='lat'><strong>⁶</strong></span> 
     </span>
    </p>

    <p class='ocr_par' dir='ltr' id='par_1_12' title="bbox 2434 1844 4026 4865">
     <span class='ocr_line' id='line_1_61' title="bbox 2549 1844 4026 1927; baseline -0.003 -8"><span class='ocrx_word' id='word_1_373' title='bbox 2549 1858 3035 1920; x_wconf 88' lang='lat' dir='ltr'><strong>Fundamentum</strong></span> <span class='ocrx_word' id='word_1_374' title='bbox 3065 1855 3413 1918; x_wconf 89' lang='lat' dir='ltr'><strong>Monasterii</strong></span> <span class='ocrx_word' id='word_1_375' title='bbox 3445 1856 3507 1917; x_wconf 90' lang='lat' dir='ltr'><strong>in</strong></span> <span class='ocrx_word' id='word_1_376' title='bbox 3527 1844 3652 1917; x_wconf 51' lang='lat' dir='ltr'><strong>*boc</strong></span> <span class='ocrx_word' id='word_1_377' title='bbox 3678 1853 3971 1927; x_wconf 79' lang='lat' dir='ltr'><strong>consistit,</strong></span> <span class='ocrx_word' id='word_1_378' title='bbox 4018 1860 4026 1868; x_wconf 89' lang='lat'>&#39;</span> 
     </span>
     <span class='ocr_line' id='line_1_62' title="bbox 2434 1949 3982 2032; baseline -0.003 -20"><span class='ocrx_word' id='word_1_379' title='bbox 2434 1951 2596 2032; x_wconf 82' lang='lat' dir='ltr'><strong>quod</strong></span> <span class='ocrx_word' id='word_1_380' title='bbox 2613 1972 2751 2014; x_wconf 91' lang='lat' dir='ltr'><strong>cum</strong></span> <span class='ocrx_word' id='word_1_381' title='bbox 2769 1951 3062 2013; x_wconf 86' lang='lat' dir='ltr'><strong>Parocbia</strong></span> <span class='ocrx_word' id='word_1_382' title='bbox 3081 1952 3140 2012; x_wconf 91' lang='lat' dir='ltr'><strong>S.</strong></span> <span class='ocrx_word' id='word_1_383' title='bbox 3177 1950 3590 2031; x_wconf 82' lang='lat' dir='ltr'><strong>Christopbori</strong></span> <span class='ocrx_word' id='word_1_384' title='bbox 3610 1949 3820 2010; x_wconf 81' lang='lat' dir='ltr'><strong>sit‘sibi</strong></span> <span class='ocrx_word' id='word_1_385' title='bbox 3844 1949 3982 2009; x_wconf 90' lang='lat' dir='ltr'><strong>uni-</strong></span> 
     </span>
     <span class='ocr_line' id='line_1_63' title="bbox 2436 2042 3981 2127; baseline -0.001 -21"><span class='ocrx_word' id='word_1_386' title='bbox 2436 2055 2496 2107; x_wconf 89' lang='lat' dir='ltr'><strong>ta</strong></span> <span class='ocrx_word' id='word_1_387' title='bbox 2520 2046 2747 2106; x_wconf 86' lang='lat' dir='ltr'><strong>unione</strong></span> <span class='ocrx_word' id='word_1_388' title='bbox 2777 2045 3074 2126; x_wconf 89' lang='lat' dir='ltr'><strong>plenaria,</strong></span> <span class='ocrx_word' id='word_1_389' title='bbox 3099 2053 3158 2106; x_wconf 90' lang='lat' dir='ltr'><strong>et</strong></span> <span class='ocrx_word' id='word_1_390' title='bbox 3184 2046 3542 2127; x_wconf 80' lang='lat' dir='ltr'><strong>subjectiva,</strong></span> <span class='ocrx_word' id='word_1_391' title='bbox 3567 2044 3741 2105; x_wconf 89' lang='lat' dir='ltr'><strong>sicuti</strong></span> <span class='ocrx_word' id='word_1_392' title='bbox 3775 2042 3981 2105; x_wconf 84' lang='lat' dir='ltr'><strong>omnia</strong></span> 
     </span>
     <span class='ocr_line' id='line_1_64' title="bbox 2435 2135 3984 2212; baseline -0.003 -13"><span class='ocrx_word' id='word_1_393' title='bbox 2435 2139 2606 2212; x_wconf 82' lang='lat' dir='ltr'><strong>Jura,</strong></span> <span class='ocrx_word' id='word_1_394' title='bbox 2636 2148 2694 2200; x_wconf 91' lang='lat' dir='ltr'><strong>et</strong></span> <span class='ocrx_word' id='word_1_395' title='bbox 2717 2140 2887 2201; x_wconf 87' lang='lat' dir='ltr'><strong>Bona</strong></span> <span class='ocrx_word' id='word_1_396' title='bbox 2915 2137 3245 2201; x_wconf 86' lang='lat' dir='ltr'><strong>Parochiae</strong></span> <span class='ocrx_word' id='word_1_397' title='bbox 3295 2137 3661 2199; x_wconf 84' lang='lat' dir='ltr'><strong>transierunt</strong></span> <span class='ocrx_word' id='word_1_398' title='bbox 3696 2136 3758 2197; x_wconf 92' lang='lat' dir='ltr'><strong>in</strong></span> <span class='ocrx_word' id='word_1_399' title='bbox 3786 2135 3984 2197; x_wconf 89' lang='lat' dir='ltr'><strong>domi-</strong></span> 
     </span>
     <span class='ocr_line' id='line_1_65' title="bbox 2435 2230 3985 2311; baseline -0.002 -18"><span class='ocrx_word' id='word_1_400' title='bbox 2435 2232 2605 2294; x_wconf 89' lang='lat' dir='ltr'><strong>nium</strong></span> <span class='ocrx_word' id='word_1_401' title='bbox 2651 2232 3000 2296; x_wconf 84' lang='lat' dir='ltr'><strong>Monasterii</strong></span> <span class='ocrx_word' id='word_1_402' title='bbox 3055 2251 3193 2293; x_wconf 90' lang='lat' dir='ltr'><strong>cum</strong></span> <span class='ocrx_word' id='word_1_403' title='bbox 3221 2238 3404 2292; x_wconf 88' lang='lat' dir='ltr'><strong>onere</strong></span> <span class='ocrx_word' id='word_1_404' title='bbox 3450 2230 3787 2311; x_wconf 86' lang='lat' dir='ltr'><strong>praestandi</strong></span> <span class='ocrx_word' id='word_1_405' title='bbox 3838 2248 3985 2290; x_wconf 88' lang='lat' dir='ltr'><strong>con-</strong></span> 
     </span>
     <span class='ocr_line' id='line_1_66' title="bbox 2436 2323 3982 2409; baseline -0.003 -22"><span class='ocrx_word' id='word_1_406' title='bbox 2436 2346 2649 2409; x_wconf 84' lang='lat' dir='ltr'><strong>gruam</strong></span> <span class='ocrx_word' id='word_1_407' title='bbox 2683 2327 2951 2396; x_wconf 87' lang='lat' dir='ltr'><strong>Vicario,</strong></span> <span class='ocrx_word' id='word_1_408' title='bbox 2998 2327 3083 2388; x_wconf 87' lang='lat' dir='ltr'><strong>sic</strong></span> <span class='ocrx_word' id='word_1_409' title='bbox 3109 2323 3434 2406; x_wconf 81' lang='lat' dir='ltr'><strong>assignatio</strong></span> <span class='ocrx_word' id='word_1_410' title='bbox 3463 2324 3832 2386; x_wconf 83' lang='lat' dir='ltr'><strong>decimarum</strong></span> <span class='ocrx_word' id='word_1_411' title='bbox 3866 2325 3982 2384; x_wconf 90' lang='lat' dir='ltr'><strong>Lo-</strong></span> 
     </span>
     <span class='ocr_line' id='line_1_67' title="bbox 2436 2419 3986 2502; baseline -0.003 -18"><span class='ocrx_word' id='word_1_412' title='bbox 2436 2442 2644 2484; x_wconf 78' lang='lat' dir='ltr'><strong>corum</strong></span> <span class='ocrx_word' id='word_1_413' title='bbox 2676 2424 3145 2502; x_wconf 66' lang='lat' dir='ltr'><strong>praedirtnruru,</strong></span> <span class='ocrx_word' id='word_1_414' title='bbox 3189 2432 3242 2480; x_wconf 80' lang='lat' dir='ltr'><strong>et</strong></span> <span class='ocrx_word' id='word_1_415' title='bbox 3277 2419 3681 2498; x_wconf 78' lang='lat' dir='ltr'><strong>primitiarum</strong></span> <span class='ocrx_word' id='word_1_416' title='bbox 3726 2419 3986 2480; x_wconf 68' lang='lat' dir='ltr'><strong>vicariis</strong></span> 
     </span>
     <span class='ocr_line' id='line_1_68' title="bbox 2437 2513 3986 2595; baseline -0.003 -15"><span class='ocrx_word' id='word_1_417' title='bbox 2437 2517 2595 2580; x_wconf 83' lang='lat' dir='ltr'><strong>facta</strong></span> <span class='ocrx_word' id='word_1_418' title='bbox 2616 2520 2838 2579; x_wconf 72' lang='lat' dir='ltr'><strong>censeri</strong></span> <span class='ocrx_word' id='word_1_419' title='bbox 2870 2518 3041 2577; x_wconf 67' lang='lat' dir='ltr'><strong>dubet</strong></span> <span class='ocrx_word' id='word_1_420' title='bbox 3073 2538 3245 2577; x_wconf 77' lang='lat' dir='ltr'><strong>causa</strong></span> <span class='ocrx_word' id='word_1_421' title='bbox 3271 2513 3796 2577; x_wconf 84' lang='lat' dir='ltr'><strong>demonstrationis</strong></span> <span class='ocrx_word' id='word_1_422' title='bbox 3806 2515 3986 2595; x_wconf 80' lang='lat' dir='ltr'><strong>juxta</strong></span> 
     </span>
     <span class='ocr_line' id='line_1_69' title="bbox 2440 2607 3984 2691; baseline -0.003 -19"><span class='ocrx_word' id='word_1_423' title='bbox 2440 2611 2688 2673; x_wconf 65' lang='lat' dir='ltr'><strong>deducit]</strong></span> <span class='ocrx_word' id='word_1_424' title='bbox 2718 2635 2816 2691; x_wconf 65' lang='lat' dir='ltr'><strong>per</strong></span> <span class='ocrx_word' id='word_1_425' title='bbox 2845 2613 3053 2669; x_wconf 71' lang='lat' dir='ltr'><strong>Lutter.</strong></span> <span class='ocrx_word' id='word_1_426' title='bbox 3091 2615 3151 2671; x_wconf 69' lang='lat' dir='ltr'><strong>(lc</strong></span> <span class='ocrx_word' id='word_1_427' title='bbox 3185 2613 3259 2669; x_wconf 69' lang='lat' dir='ltr'><strong>Re</strong></span> <span class='ocrx_word' id='word_1_428' title='bbox 3293 2607 3530 2690; x_wconf 78' lang='lat' dir='ltr'><strong>Benefic.</strong></span> <span class='ocrx_word' id='word_1_429' title='bbox 3557 2609 3657 2668; x_wconf 73' lang='lat' dir='ltr'><strong>lib.</strong></span> <span class='ocrx_word' id='word_1_430' title='bbox 3690 2612 3745 2668; x_wconf 80' lang='lat'><strong>1.</strong></span> <span class='ocrx_word' id='word_1_431' title='bbox 3766 2617 3984 2686; x_wconf 69' lang='lat' dir='ltr'><strong>quaesi.</strong></span> 
     </span>
     <span class='ocr_line' id='line_1_70' title="bbox 2443 2699 3989 2784; baseline -0.002 -18"><span class='ocrx_word' id='word_1_432' title='bbox 2443 2710 2499 2765; x_wconf 82' lang='lat'><strong>3.</strong></span> <span class='ocrx_word' id='word_1_433' title='bbox 2527 2726 2586 2766; x_wconf 76' lang='lat' dir='ltr'><strong>n.</strong></span> <span class='ocrx_word' id='word_1_434' title='bbox 2619 2711 2711 2766; x_wconf 83' lang='lat'><strong>19.</strong></span> <span class='ocrx_word' id='word_1_435' title='bbox 2739 2717 2788 2766; x_wconf 87' lang='lat' dir='ltr'><strong>et</strong></span> <span class='ocrx_word' id='word_1_436' title='bbox 2809 2725 2959 2784; x_wconf 72' lang='lat' dir='ltr'><strong>seqq.</strong></span> <span class='ocrx_word' id='word_1_437' title='bbox 2987 2715 3046 2765; x_wconf 93' lang='lat' dir='ltr'><strong>et</strong></span> <span class='ocrx_word' id='word_1_438' title='bbox 3072 2707 3318 2784; x_wconf 90' lang='lat' dir='ltr'><strong>quando</strong></span> <span class='ocrx_word' id='word_1_439' title='bbox 3341 2702 3666 2781; x_wconf 77' lang='lat' dir='ltr'><strong>assignatio</strong></span> <span class='ocrx_word' id='word_1_440' title='bbox 3690 2699 3845 2763; x_wconf 85' lang='lat' dir='ltr'><strong>facta</strong></span> <span class='ocrx_word' id='word_1_441' title='bbox 3868 2701 3989 2763; x_wconf 79' lang='lat' dir='ltr'><strong>fuit</strong></span> 
     </span>
     <span class='ocr_line' id='line_1_71' title="bbox 2439 2795 3984 2881; baseline -0.005 -19"><span class='ocrx_word' id='word_1_442' title='bbox 2439 2820 2615 2862; x_wconf 84' lang='lat' dir='ltr'><strong>causa</strong></span> <span class='ocrx_word' id='word_1_443' title='bbox 2646 2798 3199 2881; x_wconf 79' lang='lat' dir='ltr'><strong>demonstrationis,</strong></span> <span class='ocrx_word' id='word_1_444' title='bbox 3256 2796 3553 2877; x_wconf 87' lang='lat' dir='ltr'><strong>sequitur,</strong></span> <span class='ocrx_word' id='word_1_445' title='bbox 3598 2796 3764 2876; x_wconf 87' lang='lat' dir='ltr'><strong>quod</strong></span> <span class='ocrx_word' id='word_1_446' title='bbox 3810 2795 3984 2855; x_wconf 89' lang='lat' dir='ltr'><strong>sicuti</strong></span> 
     </span>
     <span class='ocr_line' id='line_1_72' title="bbox 2442 2889 3989 2956; baseline -0.005 0"><span class='ocrx_word' id='word_1_447' title='bbox 2442 2894 2918 2956; x_wconf 82' lang='lat' dir='ltr'><strong>decrescentibus</strong></span> <span class='ocrx_word' id='word_1_448' title='bbox 2933 2893 3227 2954; x_wconf 88' lang='lat' dir='ltr'><strong>reditibus</strong></span> <span class='ocrx_word' id='word_1_449' title='bbox 3239 2891 3540 2953; x_wconf 76' lang='lat' dir='ltr'><strong>debuisset</strong></span> <span class='ocrx_word' id='word_1_450' title='bbox 3556 2889 3989 2952; x_wconf 86' lang='lat' dir='ltr'><strong>Monasterium</strong></span> 
     </span>
     <span class='ocr_line' id='line_1_73' title="bbox 2441 2981 3989 3066; baseline -0.003 -18"><span class='ocrx_word' id='word_1_451' title='bbox 2441 3007 2651 3049; x_wconf 91' lang='lat' dir='ltr'><strong>eorum</strong></span> <span class='ocrx_word' id='word_1_452' title='bbox 2691 2987 3092 3049; x_wconf 85' lang='lat' dir='ltr'><strong>deficientiam</strong></span> <span class='ocrx_word' id='word_1_453' title='bbox 3119 2985 3423 3066; x_wconf 89' lang='lat' dir='ltr'><strong>supplere,</strong></span> <span class='ocrx_word' id='word_1_454' title='bbox 3470 2984 3555 3045; x_wconf 88' lang='lat' dir='ltr'><strong>sic</strong></span> <span class='ocrx_word' id='word_1_455' title='bbox 3581 2984 3645 3044; x_wconf 91' lang='lat' dir='ltr'><strong>in</strong></span> <span class='ocrx_word' id='word_1_456' title='bbox 3669 2981 3989 3066; x_wconf 82' lang='lat' dir='ltr'><strong>hypothesi</strong></span> 
     </span>
     <span class='ocr_line' id='line_1_74' title="bbox 2443 3077 3988 3148; baseline -0.004 -5"><span class='ocrx_word' id='word_1_457' title='bbox 2443 3082 2799 3144; x_wconf 88' lang='lat' dir='ltr'><strong>immodicae</strong></span> <span class='ocrx_word' id='word_1_458' title='bbox 2810 3081 3159 3142; x_wconf 89' lang='lat' dir='ltr'><strong>eorumdem</strong></span> <span class='ocrx_word' id='word_1_459' title='bbox 3181 3079 3506 3140; x_wconf 81' lang='lat' dir='ltr'><strong>Redituum</strong></span> <span class='ocrx_word' id='word_1_460' title='bbox 3528 3077 3988 3148; x_wconf 84' lang='lat' dir='ltr'><strong>excrescentiae,</strong></span> 
     </span>
     <span class='ocr_line' id='line_1_75' title="bbox 2446 3174 3992 3258; baseline -0.004 -19"><span class='ocrx_word' id='word_1_461' title='bbox 2446 3178 2630 3258; x_wconf 90' lang='lat' dir='ltr'><strong>possit</strong></span> <span class='ocrx_word' id='word_1_462' title='bbox 2651 3177 2809 3238; x_wconf 91' lang='lat' dir='ltr'><strong>idem</strong></span> <span class='ocrx_word' id='word_1_463' title='bbox 2828 3176 3259 3237; x_wconf 87' lang='lat' dir='ltr'><strong>Monasterium</strong></span> <span class='ocrx_word' id='word_1_464' title='bbox 3282 3176 3445 3256; x_wconf 88' lang='lat' dir='ltr'><strong>justa</strong></span> <span class='ocrx_word' id='word_1_465' title='bbox 3470 3174 3829 3234; x_wconf 86' lang='lat' dir='ltr'><strong>subsistente</strong></span> <span class='ocrx_word' id='word_1_466' title='bbox 3848 3191 3992 3234; x_wconf 82' lang='lat' dir='ltr'><strong>cau-</strong></span> 
     </span>
     <span class='ocr_line' id='line_1_76' title="bbox 2444 3266 3991 3349; baseline -0.005 -15"><span class='ocrx_word' id='word_1_467' title='bbox 2444 3291 2531 3345; x_wconf 88' lang='lat' dir='ltr'><strong>sa,</strong></span> <span class='ocrx_word' id='word_1_468' title='bbox 2561 3282 2621 3334; x_wconf 89' lang='lat' dir='ltr'><strong>et</strong></span> <span class='ocrx_word' id='word_1_469' title='bbox 2649 3271 3054 3333; x_wconf 88' lang='lat' dir='ltr'><strong>intercedente</strong></span> <span class='ocrx_word' id='word_1_470' title='bbox 3075 3268 3415 3349; x_wconf 86' lang='lat' dir='ltr'><strong>Superioris</strong></span> <span class='ocrx_word' id='word_1_471' title='bbox 3433 3268 3809 3340; x_wconf 87' lang='lat' dir='ltr'><strong>auctoritate,</strong></span> <span class='ocrx_word' id='word_1_472' title='bbox 3841 3266 3991 3327; x_wconf 88' lang='lat' dir='ltr'><strong>sibi-</strong></span> 
     </span>
     <span class='ocr_line' id='line_1_77' title="bbox 2447 3359 3982 3441; baseline -0.005 -12"><span class='ocrx_word' id='word_1_473' title='bbox 2447 3375 2569 3429; x_wconf 91' lang='lat' dir='ltr'><strong>met</strong></span> <span class='ocrx_word' id='word_1_474' title='bbox 2614 3386 2878 3428; x_wconf 88' lang='lat' dir='ltr'><strong>asserere</strong></span> <span class='ocrx_word' id='word_1_475' title='bbox 2912 3375 3383 3426; x_wconf 88' lang='lat' dir='ltr'><strong>memoratorum</strong></span> <span class='ocrx_word' id='word_1_476' title='bbox 3438 3363 3760 3425; x_wconf 83' lang='lat' dir='ltr'><strong>Redituum</strong></span> <span class='ocrx_word' id='word_1_477' title='bbox 3783 3359 3982 3441; x_wconf 89' lang='lat' dir='ltr'><strong>appli-</strong></span> 
     </span>
     <span class='ocr_line' id='line_1_78' title="bbox 2445 3454 3994 3545; baseline -0.005 -21"><span class='ocrx_word' id='word_1_478' title='bbox 2445 3462 2738 3525; x_wconf 89' lang='lat' dir='ltr'><strong>cationem</strong></span> <span class='ocrx_word' id='word_1_479' title='bbox 2754 3463 2932 3545; x_wconf 79' lang='lat' dir='ltr'><strong>juxta</strong></span> <span class='ocrx_word' id='word_1_480' title='bbox 2952 3459 3251 3521; x_wconf 88' lang='lat' dir='ltr'><strong>celebrem</strong></span> <span class='ocrx_word' id='word_1_481' title='bbox 3280 3457 3552 3519; x_wconf 85' lang='lat' dir='ltr'><strong>Glossam</strong></span> <span class='ocrx_word' id='word_1_482' title='bbox 3573 3458 3638 3516; x_wconf 80' lang='lat' dir='ltr'><strong>in</strong></span> <span class='ocrx_word' id='word_1_483' title='bbox 3661 3454 3806 3534; x_wconf 79' lang='lat' dir='ltr'><strong>Cap.</strong></span> <span class='ocrx_word' id='word_1_484' title='bbox 3833 3458 3994 3517; x_wconf 77' lang='lat' dir='ltr'><strong>Ava-</strong></span> 
     </span>
     <span class='ocr_line' id='line_1_79' title="bbox 2445 3549 3998 3632; baseline -0.005 -14"><span class='ocrx_word' id='word_1_485' title='bbox 2445 3558 2651 3618; x_wconf 81' lang='lat' dir='ltr'><strong>ritiae:</strong></span> <span class='ocrx_word' id='word_1_486' title='bbox 2675 3556 2736 3617; x_wconf 88' lang='lat' dir='ltr'><strong>in</strong></span> <span class='ocrx_word' id='word_1_487' title='bbox 2757 3556 2976 3618; x_wconf 85' lang='lat' dir='ltr'><strong>verbo:</strong></span> <span class='ocrx_word' id='word_1_488' title='bbox 2997 3553 3232 3615; x_wconf 73' lang='lat' dir='ltr'><strong>Redime</strong></span> <span class='ocrx_word' id='word_1_489' title='bbox 3251 3554 3325 3613; x_wconf 92' lang='lat' dir='ltr'><strong>de</strong></span> <span class='ocrx_word' id='word_1_490' title='bbox 3347 3549 3698 3632; x_wconf 85' lang='lat' dir='ltr'><strong>praebendis</strong></span> <span class='ocrx_word' id='word_1_491' title='bbox 3722 3549 3833 3611; x_wconf 87' lang='lat' dir='ltr'><strong>ibi.</strong></span> <span class='ocrx_word' id='word_1_492' title='bbox 3856 3549 3998 3612; x_wconf 81' lang='grc' dir='ltr'><strong>Μο-</strong></span> 
     </span>
     <span class='ocr_line' id='line_1_80' title="bbox 2450 3645 3999 3731; baseline -0.005 -19"><span class='ocrx_word' id='word_1_493' title='bbox 2450 3654 2621 3714; x_wconf 78' lang='lat' dir='ltr'><strong>nachi</strong></span> <span class='ocrx_word' id='word_1_494' title='bbox 2647 3665 2855 3713; x_wconf 84' lang='lat' dir='ltr'><strong>certam</strong></span> <span class='ocrx_word' id='word_1_495' title='bbox 2894 3661 3114 3731; x_wconf 80' lang='lat' dir='ltr'><strong>partem</strong></span> <span class='ocrx_word' id='word_1_496' title='bbox 3140 3649 3494 3728; x_wconf 77' lang='lat' dir='ltr'><strong>percipiunt,</strong></span> <span class='ocrx_word' id='word_1_497' title='bbox 3526 3656 3578 3706; x_wconf 78' lang='lat' dir='ltr'><strong>et</strong></span> <span class='ocrx_word' id='word_1_498' title='bbox 3614 3655 3791 3705; x_wconf 69' lang='lat' dir='ltr'><strong>totum</strong></span> <span class='ocrx_word' id='word_1_499' title='bbox 3830 3645 3999 3705; x_wconf 66' lang='lat' dir='ltr'><strong>aliud</strong></span> 
     </span>
     <span class='ocr_line' id='line_1_81' title="bbox 2451 3738 3999 3823; baseline -0.005 -18"><span class='ocrx_word' id='word_1_500' title='bbox 2451 3747 2746 3805; x_wconf 78' lang='lat' dir='ltr'><strong>dimittunt</strong></span> <span class='ocrx_word' id='word_1_501' title='bbox 2770 3744 2819 3804; x_wconf 83' lang='lat' dir='ltr'><em>C</em></span> <span class='ocrx_word' id='word_1_502' title='bbox 2820 3743 3160 3823; x_wconf 69' lang='lat' dir='ltr'><strong>appellenis,</strong></span> <span class='ocrx_word' id='word_1_503' title='bbox 3181 3750 3231 3800; x_wconf 78' lang='lat' dir='ltr'><strong>et</strong></span> <span class='ocrx_word' id='word_1_504' title='bbox 3254 3752 3385 3799; x_wconf 75' lang='lat' dir='ltr'><strong>tunc</strong></span> <span class='ocrx_word' id='word_1_505' title='bbox 3404 3740 3468 3797; x_wconf 76' lang='lat' dir='ltr'><strong>in</strong></span> <span class='ocrx_word' id='word_1_506' title='bbox 3495 3738 3659 3797; x_wconf 75' lang='lat' dir='ltr'><strong>nullo</strong></span> <span class='ocrx_word' id='word_1_507' title='bbox 3680 3738 3999 3798; x_wconf 76' lang='lat' dir='ltr'><strong>diminuere</strong></span> 
     </span>
     <span class='ocr_line' id='line_1_82' title="bbox 2454 3825 3999 3919; baseline -0.006 -19"><span class='ocrx_word' id='word_1_508' title='bbox 2454 3842 2645 3902; x_wconf 84' lang='lat' dir='ltr'><strong>debent</strong></span> <span class='ocrx_word' id='word_1_509' title='bbox 2670 3887 2687 3910; x_wconf 88' lang='lat'><strong>,</strong></span> <span class='ocrx_word' id='word_1_510' title='bbox 2720 3840 2867 3919; x_wconf 73' lang='lat' dir='ltr'><strong>quod</strong></span> <span class='ocrx_word' id='word_1_511' title='bbox 2896 3839 3228 3914; x_wconf 73' lang='lat' dir='ltr'><strong>relinquunt</strong></span> <span class='ocrx_word' id='word_1_512' title='bbox 3290 3825 3659 3913; x_wconf 77' lang='lat' dir='ltr'><strong>Coppellanis</strong></span> <span class='ocrx_word' id='word_1_513' title='bbox 3705 3835 3825 3892; x_wconf 68' lang='lat' dir='ltr'><strong>suis</strong></span> <span class='ocrx_word' id='word_1_514' title='bbox 3878 3834 3999 3892; x_wconf 75' lang='lat' dir='ltr'><strong>sine</strong></span> 
     </span>
     <span class='ocr_line' id='line_1_83' title="bbox 2454 3920 3999 4017; baseline -0.007 -22"><span class='ocrx_word' id='word_1_515' title='bbox 2454 3954 2718 3996; x_wconf 77' lang='lat' dir='ltr'><strong>consensu</strong></span> <span class='ocrx_word' id='word_1_516' title='bbox 2740 3929 3180 4017; x_wconf 68' lang='lat' dir='ltr'><strong>Archiepiscopi,</strong></span> <span class='ocrx_word' id='word_1_517' title='bbox 3214 3927 3301 3986; x_wconf 83' lang='lat' dir='ltr'><strong>v&#39;el</strong></span> <span class='ocrx_word' id='word_1_518' title='bbox 3325 3920 3600 4006; x_wconf 75' lang='lat' dir='ltr'><strong>Episcopi</strong></span> <span class='ocrx_word' id='word_1_519' title='bbox 3620 3927 3737 3999; x_wconf 74' lang='lat' dir='ltr'><strong>sui,</strong></span> <span class='ocrx_word' id='word_1_520' title='bbox 3772 3937 3824 3986; x_wconf 87' lang='lat' dir='ltr'><strong>et</strong></span> <span class='ocrx_word' id='word_1_521' title='bbox 3850 3926 3999 3986; x_wconf 76' lang='lat' dir='ltr'><strong>idem</strong></span> 
     </span>
     <span class='ocr_line' id='line_1_84' title="bbox 2452 4018 3999 4101; baseline -0.006 -12"><span class='ocrx_word' id='word_1_522' title='bbox 2452 4038 2583 4090; x_wconf 81' lang='lat' dir='ltr'><strong>esset</strong></span> <span class='ocrx_word' id='word_1_523' title='bbox 2606 4031 2658 4087; x_wconf 77' lang='lat' dir='ltr'><strong>si</strong></span> <span class='ocrx_word' id='word_1_524' title='bbox 2693 4025 2905 4088; x_wconf 82' lang='lat' dir='ltr'><strong>Clerici</strong></span> <span class='ocrx_word' id='word_1_525' title='bbox 2932 4034 3143 4085; x_wconf 82' lang='lat' dir='ltr'><strong>certam</strong></span> <span class='ocrx_word' id='word_1_526' title='bbox 3160 4031 3383 4101; x_wconf 80' lang='lat' dir='ltr'><strong>partem</strong></span> <span class='ocrx_word' id='word_1_527' title='bbox 3409 4022 3754 4101; x_wconf 72' lang='lat' dir='ltr'><strong>percipiunt,</strong></span> <span class='ocrx_word' id='word_1_528' title='bbox 3783 4031 3836 4080; x_wconf 83' lang='lat' dir='ltr'><strong>et</strong></span> <span class='ocrx_word' id='word_1_529' title='bbox 3863 4018 3999 4081; x_wconf 80' lang='grc' dir='ltr'><strong>Μο-</strong></span> 
     </span>
     <span class='ocr_line' id='line_1_85' title="bbox 2453 4116 4004 4195; baseline -0.005 -12"><span class='ocrx_word' id='word_1_530' title='bbox 2453 4124 2624 4185; x_wconf 77' lang='lat' dir='ltr'><strong>nachi</strong></span> <span class='ocrx_word' id='word_1_531' title='bbox 2651 4132 2828 4181; x_wconf 79' lang='lat' dir='ltr'><strong>totum</strong></span> <span class='ocrx_word' id='word_1_532' title='bbox 2858 4119 3058 4181; x_wconf 79' lang='lat' dir='ltr'><strong>aliud:</strong></span> <span class='ocrx_word' id='word_1_533' title='bbox 3089 4136 3262 4190; x_wconf 76' lang='lat' dir='ltr'><strong>exeo,</strong></span> <span class='ocrx_word' id='word_1_534' title='bbox 3287 4116 3436 4195; x_wconf 75' lang='lat' dir='ltr'><strong>quod</strong></span> <span class='ocrx_word' id='word_1_535' title='bbox 3463 4116 3679 4176; x_wconf 71' lang='lat' dir='ltr'><strong>dicitur</strong></span> <span class='ocrx_word' id='word_1_536' title='bbox 3706 4117 3827 4175; x_wconf 77' lang='lat' dir='ltr'><strong>sine</strong></span> <span class='ocrx_word' id='word_1_537' title='bbox 3869 4133 4004 4175; x_wconf 68' lang='lat' dir='ltr'><strong>con-</strong></span> 
     </span>
     <span class='ocr_line' id='line_1_86' title="bbox 2455 4210 4002 4295; baseline -0.006 -16"><span class='ocrx_word' id='word_1_538' title='bbox 2455 4238 2617 4279; x_wconf 78' lang='lat' dir='ltr'><strong>sensu</strong></span> <span class='ocrx_word' id='word_1_539' title='bbox 2657 4215 3074 4295; x_wconf 73' lang='lat' dir='ltr'><strong>Archiepiscopi</strong></span> <span class='ocrx_word' id='word_1_540' title='bbox 3092 4260 3107 4283; x_wconf 94' lang='lat'><strong>,</strong></span> <span class='ocrx_word' id='word_1_541' title='bbox 3163 4211 3409 4281; x_wconf 79' lang='lat' dir='ltr'><strong>videtur,</strong></span> <span class='ocrx_word' id='word_1_542' title='bbox 3456 4210 3604 4288; x_wconf 70' lang='lat' dir='ltr'><strong>quod</strong></span> <span class='ocrx_word' id='word_1_543' title='bbox 3645 4210 3711 4270; x_wconf 81' lang='lat' dir='ltr'><strong>de</strong></span> <span class='ocrx_word' id='word_1_544' title='bbox 3735 4228 4002 4270; x_wconf 71' lang='lat' dir='ltr'><strong>consensu</strong></span> 
     </span>
     <span class='ocr_line' id='line_1_87' title="bbox 2453 4305 4000 4394; baseline -0.006 -20"><span class='ocrx_word' id='word_1_545' title='bbox 2453 4315 2634 4394; x_wconf 76' lang='lat' dir='ltr'><strong>ipsius</strong></span> <span class='ocrx_word' id='word_1_546' title='bbox 2656 4313 2756 4371; x_wconf 77' lang='lat' dir='ltr'><strong>hoc</strong></span> <span class='ocrx_word' id='word_1_547' title='bbox 2787 4311 2967 4389; x_wconf 78' lang='lat' dir='ltr'><strong>facere</strong></span> <span class='ocrx_word' id='word_1_548' title='bbox 2991 4310 3232 4388; x_wconf 76' lang='lat' dir='ltr'><strong>possint,</strong></span> <span class='ocrx_word' id='word_1_549' title='bbox 3266 4316 3317 4367; x_wconf 87' lang='lat' dir='ltr'><strong>et</strong></span> <span class='ocrx_word' id='word_1_550' title='bbox 3360 4305 3698 4376; x_wconf 78' lang='lat' dir='ltr'><strong>diminuere,</strong></span> <span class='ocrx_word' id='word_1_551' title='bbox 3745 4317 3796 4364; x_wconf 82' lang='lat' dir='ltr'><strong>et</strong></span> <span class='ocrx_word' id='word_1_552' title='bbox 3827 4324 4000 4385; x_wconf 82' lang='lat' dir='ltr'><strong>paro-</strong></span> 
     </span>
     <span class='ocr_line' id='line_1_88' title="bbox 2455 4390 4000 4480; baseline -0.006 -12"><span class='ocrx_word' id='word_1_553' title='bbox 2455 4408 2611 4468; x_wconf 72' lang='lat' dir='ltr'><strong>chias</strong></span> <span class='ocrx_word' id='word_1_554' title='bbox 2640 4390 2916 4472; x_wconf 71' lang='lat' dir='ltr'><strong>dividere,</strong></span> <span class='ocrx_word' id='word_1_555' title='bbox 2933 4402 3081 4480; x_wconf 75' lang='lat' dir='ltr'><strong>quod</strong></span> <span class='ocrx_word' id='word_1_556' title='bbox 3103 4418 3296 4460; x_wconf 71' lang='lat' dir='ltr'><strong>oerum</strong></span> <span class='ocrx_word' id='word_1_557' title='bbox 3313 4409 3392 4458; x_wconf 79' lang='lat' dir='ltr'><strong>est</strong></span> <span class='ocrx_word' id='word_1_558' title='bbox 3404 4398 3571 4476; x_wconf 67' lang='lat' dir='ltr'><strong>justa</strong></span> <span class='ocrx_word' id='word_1_559' title='bbox 3591 4398 3656 4457; x_wconf 90' lang='lat' dir='ltr'><strong>de</strong></span> <span class='ocrx_word' id='word_1_560' title='bbox 3677 4396 3868 4459; x_wconf 71' lang='lat' dir='ltr'><strong>Causa</strong></span> <span class='ocrx_word' id='word_1_561' title='bbox 3894 4409 4000 4459; x_wconf 78' lang='lat' dir='ltr'><strong>etc.</strong></span> 
     </span>
     <span class='ocr_line' id='line_1_89' title="bbox 2453 4492 4008 4584; baseline -0.006 -22"><span class='ocrx_word' id='word_1_562' title='bbox 2453 4512 2684 4584; x_wconf 75' lang='lat' dir='ltr'><strong>possunt</strong></span> <span class='ocrx_word' id='word_1_563' title='bbox 2705 4502 2877 4560; x_wconf 83' lang='lat' dir='ltr'><strong>etiam</strong></span> <span class='ocrx_word' id='word_1_564' title='bbox 2908 4496 3143 4557; x_wconf 73' lang='lat' dir='ltr'><strong>Redime</strong></span> <span class='ocrx_word' id='word_1_565' title='bbox 3165 4495 3505 4565; x_wconf 79' lang='lat' dir='ltr'><strong>diminuere,</strong></span> <span class='ocrx_word' id='word_1_566' title='bbox 3528 4502 3697 4573; x_wconf 79' lang='lat' dir='ltr'><strong>puta,</strong></span> <span class='ocrx_word' id='word_1_567' title='bbox 3732 4494 3784 4551; x_wconf 79' lang='lat' dir='ltr'><strong>si</strong></span> <span class='ocrx_word' id='word_1_568' title='bbox 3811 4492 4008 4553; x_wconf 82' lang='lat' dir='ltr'><strong>Eccle-</strong></span> 
     </span>
     <span class='ocr_line' id='line_1_90' title="bbox 2456 4587 4006 4675; baseline -0.008 -15"><span class='ocrx_word' id='word_1_569' title='bbox 2456 4601 2573 4660; x_wconf 79' lang='lat' dir='ltr'><strong>siae</strong></span> <span class='ocrx_word' id='word_1_570' title='bbox 2612 4596 2922 4675; x_wconf 68' lang='lat' dir='ltr'><strong>facultates·</strong></span> <span class='ocrx_word' id='word_1_571' title='bbox 2958 4600 3131 4651; x_wconf 72' lang='lat' dir='ltr'><strong>essent</strong></span> <span class='ocrx_word' id='word_1_572' title='bbox 3161 4590 3470 4669; x_wconf 73' lang='lat' dir='ltr'><strong>conpliatae</strong></span> <span class='ocrx_word' id='word_1_573' title='bbox 3498 4634 3513 4657; x_wconf 91' lang='lat'><strong>,</strong></span> <span class='ocrx_word' id='word_1_574' title='bbox 3549 4599 3612 4647; x_wconf 70' lang='lat' dir='ltr'><strong>ut</strong></span> <span class='ocrx_word' id='word_1_575' title='bbox 3640 4588 3720 4646; x_wconf 79' lang='lat' dir='ltr'><strong>sic</strong></span> <span class='ocrx_word' id='word_1_576' title='bbox 3773 4587 3838 4647; x_wconf 87' lang='lat' dir='ltr'><strong>de</strong></span> <span class='ocrx_word' id='word_1_577' title='bbox 3864 4606 4006 4665; x_wconf 70' lang='lat' dir='ltr'><strong>auq-</strong></span> 
     </span>
     <span class='ocr_line' id='line_1_91' title="bbox 2459 4680 4007 4761; baseline -0.007 -9"><span class='ocrx_word' id='word_1_578' title='bbox 2459 4702 2662 4761; x_wconf 80' lang='lat' dir='ltr'><strong>mento,</strong></span> <span class='ocrx_word' id='word_1_579' title='bbox 2698 4698 2748 4749; x_wconf 86' lang='lat' dir='ltr'><strong>et</strong></span> <span class='ocrx_word' id='word_1_580' title='bbox 2780 4687 3061 4748; x_wconf 74' lang='lat' dir='ltr'><strong>Monachi</strong></span> <span class='ocrx_word' id='word_1_581' title='bbox 3085 4686 3334 4745; x_wconf 77' lang='lat' dir='ltr'><strong>sentiant</strong></span> <span class='ocrx_word' id='word_1_582' title='bbox 3360 4683 3673 4742; x_wconf 72' lang='lat' dir='ltr'><strong>utilitatem</strong></span> <span class='ocrx_word' id='word_1_583' title='bbox 3693 4725 3712 4753; x_wconf 91' lang='lat'><strong>,</strong></span> <span class='ocrx_word' id='word_1_584' title='bbox 3739 4698 3868 4740; x_wconf 72' lang='lat' dir='ltr'><strong>cum</strong></span> <span class='ocrx_word' id='word_1_585' title='bbox 3893 4680 4007 4741; x_wconf 73' lang='lat' dir='ltr'><strong>lm-</strong></span> 
     </span>
     <span class='ocr_line' id='line_1_92' title="bbox 2449 4774 3989 4865; baseline -0.008 -18"><span class='ocrx_word' id='word_1_586' title='bbox 2449 4787 2701 4865; x_wconf 71' lang='lat' dir='ltr'><strong>jusmodi</strong></span> <span class='ocrx_word' id='word_1_587' title='bbox 2735 4781 3020 4843; x_wconf 75' lang='lat' dir='ltr'><strong>Ecclesiae</strong></span> <span class='ocrx_word' id='word_1_588' title='bbox 3045 4780 3261 4839; x_wconf 74' lang='lat' dir='ltr'><strong>subsint</strong></span> <span class='ocrx_word' id='word_1_589' title='bbox 3292 4779 3369 4838; x_wconf 80' lang='lat' dir='ltr'><strong>eis</strong></span> <span class='ocrx_word' id='word_1_590' title='bbox 3391 4775 3578 4856; x_wconf 73' lang='lat' dir='ltr'><strong>quoad</strong></span> <span class='ocrx_word' id='word_1_591' title='bbox 3607 4774 3989 4853; x_wconf 56' lang='lat' dir='ltr'><strong>temporalia:</strong></span> 
     </span>
    </p>

    <p class='ocr_par' dir='ltr' id='par_1_13' title="bbox 2460 4865 4011 5234">
     <span class='ocr_line' id='line_1_93' title="bbox 2578 4865 4008 4960; baseline -0.01 -19"><span class='ocrx_word' id='word_1_592' title='bbox 2578 4880 2668 4941; x_wconf 82' lang='lat' dir='ltr'><strong>Ad</strong></span> <span class='ocrx_word' id='word_1_593' title='bbox 2697 4880 2922 4960; x_wconf 89' lang='lat' dir='ltr'><strong>justam</strong></span> <span class='ocrx_word' id='word_1_594' title='bbox 2951 4892 3098 4936; x_wconf 85' lang='lat' dir='ltr'><strong>vero</strong></span> <span class='ocrx_word' id='word_1_595' title='bbox 3127 4890 3365 4934; x_wconf 87' lang='lat' dir='ltr'><strong>causam</strong></span> <span class='ocrx_word' id='word_1_596' title='bbox 3411 4865 3844 4937; x_wconf 85' lang='lat' dir='ltr'><strong>descendendo,</strong></span> <span class='ocrx_word' id='word_1_597' title='bbox 3894 4866 4008 4933; x_wconf 69' lang='lat' dir='ltr'><strong>ius</strong></span> 
     </span>
     <span class='ocr_line' id='line_1_94' title="bbox 2460 4959 4007 5056; baseline -0.01 -19"><span class='ocrx_word' id='word_1_598' title='bbox 2460 4972 2774 5056; x_wconf 87' lang='lat' dir='ltr'><strong>reponitur</strong></span> <span class='ocrx_word' id='word_1_599' title='bbox 2794 4969 2859 5030; x_wconf 90' lang='lat' dir='ltr'><strong>in</strong></span> <span class='ocrx_word' id='word_1_600' title='bbox 2888 4966 3241 5029; x_wconf 80' lang='lat' dir='ltr'><strong>Monasterii</strong></span> <span class='ocrx_word' id='word_1_601' title='bbox 3259 4962 3614 5045; x_wconf 80' lang='lat' dir='ltr'><strong>indigentia,</strong></span> <span class='ocrx_word' id='word_1_602' title='bbox 3637 4959 3799 5041; x_wconf 89' lang='lat' dir='ltr'><strong>quod</strong></span> <span class='ocrx_word' id='word_1_603' title='bbox 3819 4960 4007 5024; x_wconf 78' lang='lat' dir='ltr'><strong>babet</strong></span> 
     </span>
     <span class='ocr_line' id='line_1_95' title="bbox 2462 5052 4007 5150; baseline -0.01 -20"><span class='ocrx_word' id='word_1_604' title='bbox 2462 5085 2711 5150; x_wconf 82' lang='lat' dir='ltr'><strong>magnos</strong></span> <span class='ocrx_word' id='word_1_605' title='bbox 2736 5071 3033 5142; x_wconf 84' lang='lat' dir='ltr'><strong>sumptus,</strong></span> <span class='ocrx_word' id='word_1_606' title='bbox 3054 5068 3113 5121; x_wconf 88' lang='lat' dir='ltr'><strong>et</strong></span> <span class='ocrx_word' id='word_1_607' title='bbox 3138 5076 3362 5139; x_wconf 79' lang='lat' dir='ltr'><strong>parvus</strong></span> <span class='ocrx_word' id='word_1_608' title='bbox 3384 5056 3611 5117; x_wconf 82' lang='lat' dir='ltr'><strong>reditus</strong></span> <span class='ocrx_word' id='word_1_609' title='bbox 3631 5052 3778 5115; x_wconf 90' lang='lat' dir='ltr'><strong>etin</strong></span> <span class='ocrx_word' id='word_1_610' title='bbox 3794 5072 4007 5116; x_wconf 85' lang='lat' dir='ltr'><strong>excre-</strong></span> 
     </span>
     <span class='ocr_line' id='line_1_96' title="bbox 2461 5146 4011 5234; baseline -0.01 -9"><span class='ocrx_word' id='word_1_611' title='bbox 2461 5160 2684 5225; x_wconf 80' lang='lat' dir='ltr'><strong>scentia</strong></span> <span class='ocrx_word' id='word_1_612' title='bbox 2702 5156 3027 5220; x_wconf 86' lang='lat' dir='ltr'><strong>immodica</strong></span> <span class='ocrx_word' id='word_1_613' title='bbox 3048 5151 3491 5234; x_wconf 76' lang='lat' dir='ltr'><strong>praedictarum</strong></span> <span class='ocrx_word' id='word_1_614' title='bbox 3515 5146 3911 5221; x_wconf 86' lang='lat' dir='ltr'><strong>decimarum,</strong></span> <span class='ocrx_word' id='word_1_615' title='bbox 3946 5156 4011 5210; x_wconf 80' lang='lat' dir='ltr'><strong>et</strong></span> 
     </span>
    </p>
   </div>
   <div class='ocr_carea' id='block_1_8' title="bbox 803 5228 4009 5339">
    <p class='ocr_par' dir='ltr' id='par_1_14' title="bbox 803 5228 4009 5339">
     <span class='ocr_line' id='line_1_97' title="bbox 803 5228 4009 5339; baseline -0.008 -8"><span class='ocrx_word' id='word_1_616' title='bbox 803 5228 1283 5339; x_wconf 74' lang='lat' dir='ltr'><strong>Monasterium</strong></span> <span class='ocrx_word' id='word_1_617' title='bbox 1304 5270 1663 5335; x_wconf 73' lang='lat' dir='ltr'><strong>Monialium</strong></span> <span class='ocrx_word' id='word_1_618' title='bbox 1694 5269 1769 5331; x_wconf 79' lang='lat' dir='ltr'><strong>de</strong></span> <span class='ocrx_word' id='word_1_619' title='bbox 1785 5271 1912 5331; x_wconf 75' lang='lat' dir='ltr'><strong>Ave</strong></span> <span class='ocrx_word' id='word_1_620' title='bbox 1936 5268 2130 5332; x_wconf 70' lang='lat' dir='ltr'><strong>Maria</strong></span> <span class='ocrx_word' id='word_1_621' title='bbox 2154 5266 2213 5328; x_wconf 82' lang='lat' dir='ltr'><strong>S.</strong></span> <span class='ocrx_word' id='word_1_622' title='bbox 2250 5268 2357 5328; x_wconf 72' lang='lat' dir='ltr'><strong>Be-</strong></span> <span class='ocrx_word' id='word_1_623' title='bbox 2465 5256 2894 5339; x_wconf 68' lang='lat' dir='ltr'><strong>primiliarum,</strong></span> <span class='ocrx_word' id='word_1_624' title='bbox 2932 5267 3094 5312; x_wconf 77' lang='lat' dir='ltr'><strong>anno</strong></span> <span class='ocrx_word' id='word_1_625' title='bbox 3128 5244 3350 5309; x_wconf 67' lang='lat' dir='ltr'><strong>etenim</strong></span> <span class='ocrx_word' id='word_1_626' title='bbox 3401 5246 3576 5303; x_wconf 75' lang='grc'><strong>1516.</strong></span> <span class='ocrx_word' id='word_1_627' title='bbox 3612 5240 3880 5303; x_wconf 64' lang='lat' dir='ltr'><strong>decimae</strong></span> <span class='ocrx_word' id='word_1_628' title='bbox 3900 5287 3917 5315; x_wconf 88' lang='lat'><strong>,</strong></span> <span class='ocrx_word' id='word_1_629' title='bbox 3947 5249 4009 5305; x_wconf 65' lang='grc' dir='ltr'><strong>οἱ</strong></span> 
     </span>
    </p>
   </div>
   <div class='ocr_carea' id='block_1_9' title="bbox 805 5356 2350 5447">
    <p class='ocr_par' dir='ltr' id='par_1_15' title="bbox 805 5356 2350 5447">
     <span class='ocr_line' id='line_1_98' title="bbox 805 5356 2350 5447; baseline -0.01 -12"><span class='ocrx_word' id='word_1_630' title='bbox 805 5372 1024 5435; x_wconf 84' lang='lat' dir='ltr'><strong>nedicti</strong></span> <span class='ocrx_word' id='word_1_631' title='bbox 1051 5369 1328 5431; x_wconf 86' lang='lat' dir='ltr'><strong>Civitatis</strong></span> <span class='ocrx_word' id='word_1_632' title='bbox 1350 5367 1566 5428; x_wconf 86' lang='lat' dir='ltr'><strong>Portus</strong></span> <span class='ocrx_word' id='word_1_633' title='bbox 1577 5356 1678 5447; x_wconf 87' lang='lat' dir='ltr'><strong>jus</strong></span> <span class='ocrx_word' id='word_1_634' title='bbox 1698 5364 1879 5425; x_wconf 87' lang='lat' dir='ltr'><strong>habet</strong></span> <span class='ocrx_word' id='word_1_635' title='bbox 1906 5360 2350 5445; x_wconf 87' lang='lat' dir='ltr'><strong>praesentandi,</strong></span> 
     </span>
    </p>
   </div>
   <div class='ocr_carea' id='block_1_10' title="bbox 2466 5335 4009 5433">
    <p class='ocr_par' dir='ltr' id='par_1_16' title="bbox 2466 5335 4009 5433">
     <span class='ocr_line' id='line_1_99' title="bbox 2466 5335 4009 5433; baseline -0.009 -21"><span class='ocrx_word' id='word_1_636' title='bbox 2466 5347 2771 5433; x_wconf 87' lang='lat' dir='ltr'><strong>primitiae</strong></span> <span class='ocrx_word' id='word_1_637' title='bbox 2795 5342 3210 5426; x_wconf 84' lang='lat' dir='ltr'><strong>importabant</strong></span> <span class='ocrx_word' id='word_1_638' title='bbox 3235 5344 3295 5400; x_wconf 82' lang='lat'><strong>7.</strong></span> <span class='ocrx_word' id='word_1_639' title='bbox 3330 5336 3424 5398; x_wconf 83' lang='lat' dir='ltr'><strong>vel</strong></span> <span class='ocrx_word' id='word_1_640' title='bbox 3448 5342 3509 5397; x_wconf 88' lang='lat'><strong>8.</strong></span> <span class='ocrx_word' id='word_1_641' title='bbox 3531 5335 3710 5397; x_wconf 86' lang='lat' dir='ltr'><strong>Scuta</strong></span> <span class='ocrx_word' id='word_1_642' title='bbox 3735 5345 4009 5398; x_wconf 84' lang='lat' dir='ltr'><strong>monetae</strong></span> 
     </span>
    </p>
   </div>
   <div class='ocr_carea' id='block_1_11' title="bbox 814 5430 4014 5529">
    <p class='ocr_par' dir='ltr' id='par_1_17' title="bbox 814 5430 4014 5529">
     <span class='ocr_line' id='line_1_100' title="bbox 814 5430 4014 5529; baseline -0.012 0"><span class='ocrx_word' id='word_1_643' title='bbox 814 5485 921 5529; x_wconf 84' lang='lat' dir='ltr'><strong>seu</strong></span> <span class='ocrx_word' id='word_1_644' title='bbox 956 5461 1308 5526; x_wconf 88' lang='lat' dir='ltr'><strong>nominandi</strong></span> <span class='ocrx_word' id='word_1_645' title='bbox 1348 5459 1665 5522; x_wconf 86' lang='lat' dir='ltr'><strong>Vicarium</strong></span> <span class='ocrx_word' id='word_1_646' title='bbox 1713 5457 2004 5519; x_wconf 88' lang='lat' dir='ltr'><strong>Curatum</strong></span> <span class='ocrx_word' id='word_1_647' title='bbox 2045 5455 2122 5519; x_wconf 88' lang='lat' dir='ltr'><strong>ad</strong></span> <span class='ocrx_word' id='word_1_648' title='bbox 2170 5454 2356 5516; x_wconf 88' lang='lat' dir='ltr'><strong>Paro·</strong></span> <span class='ocrx_word' id='word_1_649' title='bbox 2465 5433 3271 5514; x_wconf 81' lang='lat' dir='ltr'><strong>Rom-anae,itautVicarius</strong></span> <span class='ocrx_word' id='word_1_650' title='bbox 3288 5450 3400 5515; x_wconf 88' lang='lat' dir='ltr'><strong>pro</strong></span> <span class='ocrx_word' id='word_1_651' title='bbox 3429 5430 3844 5513; x_wconf 80' lang='lat' dir='ltr'><strong>supplemento</strong></span> <span class='ocrx_word' id='word_1_652' title='bbox 3866 5448 4014 5493; x_wconf 85' lang='lat' dir='ltr'><strong>suae</strong></span> 
     </span>
    </p>
   </div>
  </div>
 </body>
</html>
