4393 6299
1579 538 1581 542 ·
1693 516 1740 585 Q
1765 517 1808 570 u
1835 516 1893 569 ιιι
1918 517 1951 567 s
1978 516 2027 569 ‘r
2056 515 2151 569 ro
2200 513 2551 572 ccnmvr.

464 655 675 729 δηναιαὶ
701 660 750 729 t‘l
768 664 957 741 ciclo,
980 688 1009 728 e
1035 668 1093 729 la
1116 667 1323 739 Tarra,
1351 687 1381 729 ο
1402 668 1498 731 cho
1521 669 1758 731 datram
1783 669 1831 731 le
1847 667 2005 737 Μον-

461 780 519 820 se
540 763 615 823 dc
630 764 927 825 celebr-arsi
945 762 1254 826 aWAlture
1272 763 1525 825 suddcno
1539 764 1603 823 ds·
1626 763 1695 825 S.
1722 762 2008 826 Gioeanni

458 853 870 934 Evanqslista,
915 867 968 917 ct
1005 856 1131 919 alic
1173 856 1522 919 Parrocchia
1561 859 1622 919 ἀν·
1648 856 1717 919 S.
1762 858 2006 921 Michele

460 950 847 1029 Archanqclo,
878 952 926 1013 it
968 962 1112 1012 resto
1145 952 1208 1012 di
1251 972 1359 1013 esse
1389 951 1571 1014 Messe
1615 955 1666 1013 si
1703 951 1904 1014 celebri
1943 956 2007 1015 al

461 1042 864 1117 Catccumeno,
889 1047 1200 1114 secondom
1225 1049 1344 1108 mia
1366 1049 1713 1119 intenzione,
1738 1067 1766 1109 s
1791 1050 1877 1108 cio
1902 1068 2004 1128 per

455 1140 729 1201 comoditd
759 1142 822 1199 di
857 1161 976 1202 essa
1002 1142 1297 1222 ‘operasdot
1324 1139 1719 1211 Catcwmeno,
1765 1141 1860 1201 che
1902 1161 2001 1220 po·-

457 1236 549 1293 trd
567 1279 584 1302 ,
613 1253 668 1294 ae
693 1239 805 1294 cosi
828 1239 1038 1314 ραι-επὶ
1064 1256 1102 1296 a
1128 1238 1154 1294 ν’
1167 1233 1419 1315 Siqnori
1450 1232 1822 1296 Governmori
1848 1238 2000 1297 d'cs-

454 1345 544 1396 so,
573 1322 947 1408 rispamiare
981 1330 1039 1392 la
1065 1349 1252 1411 spuo,
1281 1330 1378 1390 che
1413 1331 1465 1389 νν·
1490 1329 1552 1407 fa
1577 1330 1729 1391 &un
1757 1329 1998 1411 θαρρεῖ·

455 1421 605 1481 lano,

572 1515 790 1577 Factus
815 1525 901 1578 est
932 1516 1109 1578 modo
1133 1534 1305 1579 casus
1322 1561 1339 1591 ,
1369 1517 1662 1597 cessitque
1686 1517 1813 1580 dies
1833 1518 1997 1580 solu·

454 1608 637 1670 tionis
653 1611 831 1691 juxta
860 1610 1019 1692 leges
1042 1630 1079 1673 a
1111 1610 1178 1673 P.
1211 1610 1469 1674 Hectore
1492 1611 1794 1675 Ghislerio
1823 1631 1998 1694 prae·

450 1703 703 1783 scriptas
743 1705 808 1765 in
837 1724 946 1766 suo
991 1706 1400 1778 Testamenta,
1430 1713 1491 1767 et
1514 1706 1820 1768 Praesides
1860 1705 1992 1770 Sao.

452 1796 679 1860 Montis
704 1797 948 1861 Pietatis
968 1799 1313 1874 Bononiae,
1341 1799 1449 1882 qui
1475 1809 1618 1863 sunt
1636 1803 1998 1863 Executores

453 1891 708 1955 ultimae
735 1893 1060 1966 voluntatis
1080 1895 1370 1977 ejusdem,
1395 1896 1692 1976 prompti,
1721 1902 1780 1958 et
1802 1895 1992 1975 parati

451 1994 597 2047 sunt
659 1985 734 2047 ad
791 1987 1304 2069 consignationem
1361 1988 1636 2071 capitalis
1697 1988 1992 2050 librarum

451 2082 632 2140 6000.
678 2087 737 2140 et
777 2098 812 2141 e
850 2089 1058 2143 contra
1103 2081 1549 2145 Gubernatores
1589 2084 1733 2144 Piae
1768 2083 1998 2145 Domus

450 2170 874 2237 catechumeni
898 2175 1113 2239 dicunt
1146 2195 1268 2238 non
1297 2177 1567 2239 sufficere
1590 2175 1998 2259 consignatio?

448 2283 589 2326 nem
627 2266 774 2330 dicti
814 2269 1121 2347 capitalis,
1150 2269 1254 2331 sed
1279 2270 1618 2353 consignari
1651 2271 1870 2333 debere
1895 2291 1994 2335 ca-

448 2359 636 2440 pitale
651 2406 669 2434 ,
693 2381 772 2423 ex
795 2365 969 2444 cujus
992 2363 1285 2426 reditibus
1299 2352 1533 2435 nedum
1555 2366 1844 2428 celebrari
1869 2385 1997 2446 pos-

445 2452 570 2516 sint
591 2454 839 2536 triginta
859 2458 1077 2520 Missae
1095 2457 1338 2521 relictae
1354 2460 1440 2522 ab
1458 2459 1804 2522 Alexandro
1824 2460 1997 2523 Ghis-

446 2546 599 2609 lerio
617 2596 634 2619 ,
664 2558 725 2611 et
749 2550 911 2613 aliae
932 2551 1149 2613 Missae
1173 2552 1569 2615 celebrandae
1594 2552 1867 2634 qualibet
1899 2554 1999 2616 die

445 2641 694 2705 Sabbati
748 2663 825 2706 ex
875 2645 1262 2727 dispositione
1306 2648 1585 2710 Andreae
1629 2646 1790 2728 Gigli
1816 2693 1835 2721 ,
1889 2648 1995 2711 sed

445 2737 629 2799 etiam
666 2756 789 2800 una
812 2739 998 2803 ‘Missa
1040 2741 1393 2822 quotidiana
1426 2742 1492 2804 in
1519 2742 1801 2824 Cappella
1822 2790 1837 2813 ,
1870 2742 1998 2805 sive

443 2829 726 2910 Oratorio
750 2833 978 2895 Domus
1005 2833 1453 2897 catechumeni.
1484 2835 1759 2923 Cumque
1785 2836 1996 2899 uuani-

443 2923 530 2986 mi
575 2944 865 2989 consensu
883 2972 902 3000 ,
950 2935 1069 2991 tam
1117 2929 1527 2996 Praesidentes
1554 2930 1685 2992 Sac.
1737 2931 1992 3006 Montis,

444 3036 633 3098 quam
669 3019 1120 3085 Gubernatores
1161 3031 1526 3086 memoratae
1563 3026 1791 3087 Domus
1823 3026 1994 3088 Cate—

444 3113 726 3177 chumeni
784 3135 1092 3187 recursum
1148 3118 1475 3182 habuerint
1521 3119 1600 3182 ad
1649 3111 1807 3185 banc
1856 3121 1988 3184 Sac.

442 3207 983 3290 congregationem
1027 3230 1138 3291 pro
1177 3211 1703 3292 interpretatione,
1735 3223 1793 3276 et
1829 3214 1992 3276 fideli
2030 3202 2035 3207 ²

445 3303 800 3365 executione
823 3303 1157 3367 voluntatis
1173 3305 1368 3368 Patris
1389 3305 1664 3413 Hectoris
1684 3306 1994 3395 Gbislerii,

445 3396 795 3476 quaeritur.

561 3490 658 3552 Ani
682 3494 824 3554 sctis
842 3495 953 3564 sit,
985 3493 1134 3572 quod
1156 3495 1513 3591 consiqnaetur
1540 3496 1785 3575 capitale
1825 3496 1996 3556 libra-

445 3603 578 3645 rum
601 3591 779 3647 6000.
806 3589 895 3647 cel
909 3589 1100 3669 potius
1125 3583 1263 3668 opus
1287 3591 1400 3662 sit,
1427 3594 1494 3649 ut
1512 3592 1874 3668 οοωνςωινιι·
1898 3609 1995 3651 ca-

434 3679 647 3759 pitale,
676 3696 753 3739 σω
770 3681 932 3759 cujus
957 3681 1230 3740 reditibus
1250 3682 1456 3742 nodum
1479 3682 1750 3743 celebrari
1771 3683 1997 3749 valeam

441 3776 541 3834 80.
576 3773 795 3836 Missae
841 3776 1070 3837 relictae
1109 3776 1182 3836 ab
1210 3775 1546 3837 Alexandro
1586 3776 1901 3848 Ghislm‘o,
1945 3788 1997 3837 et

440 3866 630 3929 Missa
656 3869 988 3930 celebranda
1015 3871 1265 3957 quelibet
1309 3872 1410 3931 dis
1425 3868 1668 3934 Scbbats'
1708 3890 1783 3932 ex
1807 3872 1994 3951 dispo-

440 3962 644 4022 'sitione
689 3959 935 4022 loannis
976 3961 1262 4024 Andreae
1279 3961 1482 4043 qultss
1499 3965 1622 4027 sed
1666 3967 1841 4026 ctiam
1874 3971 1995 4026 una

443 4052 635 4117 Mina
665 4057 1002 4134 quotidiana
1026 4059 1298 4138 perpetua
1321 4061 1386 4119 in
1413 4057 1693 4140 cappella
1715 4058 1859 4123 Bias
1876 4057 1994 4121 Do-

444 4165 570 4209 mus
602 4147 1031 4246 catechumeni,
1061 4152 1126 4211 ἰνν
1155 4167 1290 4215 com
1315 4161 1421 4213 stc.

453 4352 461 4373 ⁴
555 4337 710 4389 suern
680 4283 935 4408 acongr.
946 4339 1264 4409 respondit.

623 4423 982 4492 «ss-*firmative
1008 4427 1086 4479 ad
1109 4428 1349 4498 ρῆηιοηι
1389 4429 1547 4484 dubii
1523 4444 1806 4501 spartem,
1835 4444 1889 4485 er
1909 4442 1996 4484 ne-

433 4511 617 4582 active
639 4512 720 4569 aot
734 4511 1058 4581 secundam,
1086 4527 1140 4569 et
1165 4515 1421 4588 amplius.

791 4645 1154 4782 QUAETIO
1192 4708 1659 4774 chxxxvn.

445 4845 456 4856 .
518 4894 658 4962 3:10
682 4914 867 4960 eam
883 4855 1124 4961 Mne
1153 4835 1586 4980 Coppellcm‘ae,
1600 4846 1715 4960 dis
1745 4852 1840 4960 19.

479 5014 483 5021 ’
616 5029 618 5037 =
937 4989 1281 5073 δοριαηὸννσ
1315 4997 1487 5054 1712.
1550 5027 1552 5033 ν
1906 4998 1910 5001 ’

436 5087 657 5239 lum
556 5175 806 5251 intimo,
823 5182 982 5241 cum
1009 5196 1132 5258 que
1153 5177 1437 5254 decessit,
1446 5120 1848 5242 ¹'testamento
1873 5179 1986 5242 Ca·-

434 5271 603 5333 rolus
629 5272 925 5336 Bonfilius
953 5273 1170 5354 jussit,
1215 5281 1283 5334 ut
1309 5272 1634 5336 Ecclesiola
1658 5274 1989 5337 fabricare·
2038 5289 2042 5298 ·

434 5373 537 5427 tur
563 5365 627 5426 in
649 5385 757 5428 sua
778 5366 942 5429 Villa
967 5368 1029 5428 S.
1060 5366 1359 5429 Pancratii
1386 5387 1582 5452 prope·
1602 5367 1763 5446 viam
1786 5368 1987 5448 publi-

3358 519 3465 575 ⁸⁷⁸

2109 667 2460 748 quotidiana
2505 687 2615 749 pro
2642 686 2738 743 se,
2765 676 2826 732 et
2858 668 3012 750 suis,
3049 677 3108 749 et
3140 670 3304 753 qnod
3348 672 3413 733 in
3439 672 3649 737 eadem

2111 760 2283 822 fieret
2307 761 2522 824 festum
2548 762 2879 837 S.‘Annae,
2904 764 2979 824 ad
3006 765 3170 842 quod
3188 764 3528 847 Presbyteri
3555 767 3651 827 in-

2110 854 2483 927 vitarentur,
2512 854 2617 934 qui
2651 854 2876 936 pariter
2918 855 3073 917 dicta
3104 856 3203 917 die
3230 856 3473 919 Missam
3497 858 3653 922 cele*

2110 947 2389 1021 brareut‚
2428 958 2487 1010 et
2512 948 2885 1029 applicarent
2912 950 2998 1011 uti
3025 969 3228 1030 supra.
3476 995 3482 999 >

2227 1042 2587 1110 Executores
2616 1043 3067 1104 Testamentarii
3109 1044 3399 1124 Episcopo
3426 1045 3656 1127 suppli-

2106 1145 2472 1215 caruntpro
2515 1136 2797 1198 facultate
2843 1137 3176 1199 fabricandi
3227 1140 3655 1215 Ecclesiolam,

2106 1248 2298 1310 eoque
2320 1240 2609 1292 renuente
2627 1248 2931 1294 assensum
2959 1241 3288 1311 praestare,
3313 1234 3427 1294 uisi
3449 1234 3657 1296 audito

2109 1321 2411 1396 Parocbo,
2460 1343 2734 1385 recursus
2782 1324 3026 1387 habitus
3073 1335 3160 1387 est
3211 1328 3284 1388 ad
3303 1326 3478 1390 -hanc
3518 1328 3651 1390 Sac.

2106 1416 2637 1499 Congregationem
2660 1469 2676 1491 ,
2707 1439 2864 1500 quae
2887 1420 3094 1501 jussit,
3121 1427 3188 1481 ut
3212 1422 3539 1503 Episcopus
3560 1423 3657 1484 in-

2106 1510 2427 1587 formaret,
2457 1521 2520 1575 et
2540 1533 2716 1576 suum
2747 1534 2986 1576 sensum
3016 1514 3295 1594 aperiret.

2223 1607 2555 1688 Episcopus
2583 1609 2880 1671 mandatis
2901 1610 3134 1689 paruit,
3166 1628 3425 1689 cumque
3446 1610 3510 1671 iu
3531 1610 3657 1672 suis

2107 1697 2322 1761 litteris
2348 1702 2583 1783 scriptis
2623 1705 2713 1764 die
2743 1706 2835 1763 16.
2871 1702 3045 1764 lunii
3078 1708 3250 1765 1720.
3285 1705 3561 1776 dixisset,
3592 1723 3658 1765 se

2106 1794 2443 1857 Parochum
2486 1798 2835 1872 audivisse,
2872 1809 2931 1860 et
2970 1798 3193 1861 idcirco
3235 1819 3298 1862 se
3329 1819 3447 1860 non
3488 1817 3657 1880 posse

2104 1888 2409 1963 absolute,
2446 1886 2506 1953 et
2542 1891 2892 1971 simpliciter
2934 1910 3203 1958 annuere
3247 1892 3551 1973 petitioni,
3581 1911 3659 1954 ex

2103 1997 2227 2059 quo
2274 1982 2690 2057 accedentibus
2728 1984 2982 2046 rusticis.
3003 1984 3080 2046 ad
3133 1985 3501 2046 audiendum
3547 1985 3657 2048 Sa·

2102 2093 2275 2136 crum
2318 2077 2382 2137 in
2416 2076 2761 2158 hujusmodi
2801 2063 3170 2151 Ecclesiolis,
3205 2087 3264 2141 et
3308 2080 3658 2159 praesertim

2105 2167 2330 2231 diebus.
2364 2168 2623 2244 festivis,
2665 2190 2785 2233 nou
2828 2172 3077 2233 audiant
3111 2172 3292 2233 iidem
3319 2192 3355 2233 a
3389 2172 3660 2234 Par-'ocho

2102 2262 2396 2326 salutaria
2425 2266 2641 2346 verba,
2673 2284 2782 2328 nec
2804 2267 2885 2338 ab
2912 2286 2983 2328 eo
3009 2265 3387 2330 instruantur
3412 2268 3488 2329 de
3528 2265 3654 2341 his,

2103 2376 2263 2436 quae
2288 2358 2438 2420 scire
2456 2359 2740 2422 omnibus
2765 2370 2854 2423 est
2876 2361 3276 2423 necessarium
3293 2406 3309 2432 ,
3325 2362 3506 2439 juxta
3525 2382 3651 2441 cap.

2108 2456 2168 2511 2.
2220 2470 2350 2512 sess.
2394 2457 2453 2513 5.
2502 2456 2568 2515 de
2612 2456 2841 2532 reform.
2877 2454 3319 2526 concludendo,
3349 2453 3465 2516 ‚vel
3504 2473 3659 2515 onus

2105 2544 2325 2607 Missae
2357 2546 2745 2623 quotidianae
2773 2566 2808 2608 a
2836 2534 3049 2608 Carolo
3077 2546 3334 2608 Bonfilio
3354 2547 3654 2620 relictum,

2103 2657 2231 2703 esse
2266 2643 2739 2701 transferernlum
2771 2645 2843 2701 ml
2873 2643 3190 2703 Ecclesiam
3219 2641 3654 2716 Perochialemt

2105 2733 2220 2803 vel*
2246 2737 2524 2814 permissa
2552 2739 2813 2796 (,)ratot·ii
2833 2786 2845 2808 ,
2875 2759 2973 2796 seu
3009 2736 3361 2800 Ecclesiolae
3386 2745 3659 2799 constru-

2101 2827 2296 2890 ctione
2316 2878 2328 2898 ‚
2363 2852 2484 2890 rvm
2514 2834 2598 2890 sic
2620 2834 2891 2910 componi
2927 2850 3122 2910 posse,
3153 2840 3221 2891 ut
3244 2832 3460 2892 diebus
3484 2823 3662 2894 ferin-

2108 2920 2273 2985 libus
2302 2927 2479 2987 Missa
2511 2928 2574 2985 in
2605 2928 2916 2999 Oratorio,
2958 2933 3016 2987 et
3043 2926 3255 2987 diebus
3297 2926 3657 3000 Dominicis,

2099 3026 2160 3080 et
2212 3014 2439 3084 festivis
2476 3020 2551 3081 de
2580 3031 2895 3101 praecepto
2931 3020 2994 3107 in
3033 3020 3367 3083 Parocbiali
3397 3020 3659 3083 Ecclesia

2102 3112 2538 3188 celebraretur,
2560 3116 2914 3196 rescriptum
2939 3115 3055 3176 fuit
3075 3116 3164 3177 dis
3188 3121 3282 3176 13.
3303 3106 3464 3177 Ιιιὶᾰν·
3481 3120 3654 3176 1720.

2108 3229 2221 3290 pro
2249 3228 2405 3270 nova
2438 3208 2892 3280 informatione,
2925 3210 3121 3288 primo
3153 3224 3333 3289 super
3374 3209 3660 3271 distantia

2114 3304 2441 3367 Parochiae
2464 3323 2502 3365 a
2529 3322 2689 3365 novo
2714 3303 2993 3365 Oratorio
3011 3348 3028 3375 ,
3048 3303 3310 3386 ‘secundo
3335 3322 3516 3383 super
3540 3323 3657 3365 nu·

2108 3416 2277 3459 mero
2319 3398 2675 3473 Missurum,
2716 3397 2971 3477 quaein
3018 3397 3352 3459 Perochiali
3396 3398 3658 3470 Ecclesia

2111 3491 2495 3553 celebrantur
2514 3537 2530 3562 ‚
2564 3490 2739 3552 tertio
2765 3509 2945 3570 super
2978 3509 3231 3552 numero
3257 3490 3661 3552 Parocbiano-

2107 3603 2248 3646 rum
2269 3630 2286 3657 ,
2310 3593 2371 3646 et
2390 3594 2609 3665 quarto
2624 3631 2641 3657 ,
2665 3602 2742 3646 sn
2771 3583 2962 3665 aliqui
2982 3603 3057 3646 ex
3078 3582 3465 3647 Parochianis
3483 3583 3660 3665 longe

2113 3679 2334 3741 distent
2363 3697 2406 3740 a⁴
2430 3697 2537 3740 sua
2566 3677 2877 3742 Parochia.

2233 3773 2320 3834 ln¹
2348 3772 2529 3854 hujus
2547 3772 2836 3835 ‚mandati
2859 3772 3267 3857 executionem
3285 3817 3302 3845 ,
3343 3792 3481 3835 cum
3511 3773 3658 3853 Epi·

2107 3885 2322 3948 scopus
2348 3866 2413 3927 in
2456 3867 2582 3928 suis
2617 3867 2832 3928 litteris
2859 3869 2962 3927 :die
2991 3871 3086 3927 10.
3119 3865 3448 3928 Novembris
3480 3871 3655 3929 1720.

2106 3960 2513 4041 rescripserit,
2560 3961 2788 4040 primo,
2827 3961 2990 4040 quod
3034 3959 3198 4022 locus
3216 3959 3490 4023 -Oratorii
3533 3960 3657 4021 eri·-

2102 4057 2282 4138 gendi
2311 4055 2492 4117 distat
2512 4055 2594 4117 ab
2624 4055 2885 4124 Ecclesia
2910 4054 3243 4127 Parochiali
3267 4074 3374 4135 per
3396 4057 3655 4136 spatium

2104 4159 2361 4231 quartae
2384 4149 2570 4229 partis
2587 4145 2825 4211 circiter
2845 4149 3024 4210 unius
3044 4147 3345 4221 milliarii,
3368 4149 3651 4221 secundo,

2078 4244 2272 4325 ,quod
2320 4244 2387 4304 in
2429 4243 2691 4313 Ecclesia
2739 4241 3096 4305 Farocbiali·
3124 4242 3280 4305 duae
3319 4243 3538 4304 Missae
3578 4244 3656 4304 de

2104 4345 2419 4424 praecepto
2447 4336 2909 4399 celebrabantur
2950 4335 3162 4397 diebus
3193 4334 3360 4396 festis
3383 4335 3464 4397 de·
3486 4355 3659 4416 prae·-

2101 4440 2304 4512 cepto,
2334 4430 2621 4511 quodque
2649 4430 2898 4492 caeteris
2922 4426 3135 4492 diebus
3168 4428 3336 4492 nulla
3363 4431 3530 4491 adest
3556 4450 3653 4492 ce·

2106 4525 2383 4589 lebrandi
2409 4524 2727 4607 obligatio,
2755 4524 2891 4587 licet
2913 4543 3196 4605 persaepe
3222 4524 3527 4584 Parochus
3549 4544 3659 4603 pro

2105 4636 2217 4686 suo
2244 4619 2590 4681 arbitrio-id
2621 4618 2832 4691 faciat,
2865 4619 3075 4689 tertio,
3109 4617 3271 4697 quod
3302 4616 3656 4679 Parocbiani

1974 4755 1980 4764 ·
2098 4717 2414 4778 sunt270.¹
2438 4720 2498 4774 et
2520 4722 2770 4792 quarto,
2800 4710 2961 4793 quod
2989 4712 3217 4772 Domus
3241 4711 3431 4791 magis
3457 4729 3654 4772 remo·

2102 4808 2340 4868 taeab,
2373 4805 2635 4868 Ecclesia
2664 4803 3002 4867 Parocbiali
3038 4805 3264 4866 distant
3309 4806 3392 4885 ab
3432 4823 3502 4866 ea
3548 4823 3656 4884 per

2100 4900 2361 4978 spatium
2391 4899 2680 4961 dimidiae
2699 4899 2883 4981 partis
2910 4897 3180 4960 milliarii
3215 4916 3423 4959 versus
3444 4897 3655 4961 Orien·

2099 5002 2253 5063 tem,
2283 5002 2345 5056 et
2384 5001 2801 5071 perquer-tem
2846 5001 3075 5069 partem
3115 5010 3326 5054 versus
3364 4991 3654 5054 Occiden-

2098 5097 2250 5157 tem,
2284 5107 2404 5165 quo
2440 5087 2498 5145 in
2536 5087 2663 5147 loco
2691 5087 3009 5147 Ecclesicla
3041 5097 3185 5145 esset
3221 5088 3648 5161 construenda,

2102 5182 2162 5240 in
2196 5184 2665 5260 Congrvgalione
2695 5184 2893 5242 hahita
2927 5186 3011 5240 dic
3041 5190 3097 5240 ἵ.
3139 5182 3450 5240 Decembris
3474 5185 3645 5243 1790.

2096 5276 2454 5353 rescriptum
2489 5274 2618 5335 *suit
2655 5296 2764 5353 pro
2803 5276 3085 5338 facultate
3120 5274 3506 5334 coitstruendi
3538 5275 3649 5336 Eo·

2095 5365 2336 5428 clesiam
2354 5414 2371 5438 ,
2400 5376 2472 5428 et‘
2490 5358 2555 5427 in
2581 5386 2652 5428 ea
2680 5366 3021 5428 celebrandi
3047 5365 3290 5426 Missum
3322 5366 3537 5428 diebus
3562 5367 3649 5428 fe·

435 5477 570 5523 cam
595 5504 614 5535 ,
661 5469 722 5522 et
768 5460 933 5541 quod
981 5460 1049 5524 in
1097 5460 1306 5526 cadem
1335 5456 1757 5525 celebraretur
1805 5461 1988 5537 Missa
2031 5509 2046 5552 3
2094 5459 2387 5538 rialibus,
2419 5461 2503 5525 ita
2545 5468 2779 5536 tamen,
2821 5469 2891 5523 ut
2916 5458 3099 5524 Missa
3142 5459 3355 5521 diebus
3384 5458 3549 5521 itastis
3578 5459 3654 5521 de
