4393 6299
1602 447 2062 522 onzes-rto
2120 451 2314 506 cccv.

448 611 629 671 nitate
649 613 944 676 maneant,
971 605 1088 665 nisi
1110 603 1498 685 professionem
1522 602 1599 665 ad
1631 603 1871 682 formam
1895 604 1986 664 di·

448 713 569 766 ctae
608 701 826 764 Pinnae
861 701 1160 769 emittant,
1201 699 1560 778 praescripsit
1602 697 1790 760 Sacra
1836 696 1987 758 Con-

447 798 696 876 qreqatio
706 793 1135 874 Episcoporum.
1160 792 1355 868 Quare
1371 801 1503 853 sunt
1520 793 1585 853 de
1592 793 1989 871 jurisdictione

449 887 790 951 ordinarii:
834 897 893 949 et
931 885 1210 967 pluribus
1253 885 1635 967 prosequitur
1664 887 1739 956 R.
1785 885 1861 947 P.
1907 886 1982 945 D.

447 984 625 1046 Petra
663 983 741 1044 ad
788 979 1027 1043 Con-itit.
1070 979 1322 1061 Apostol.
1375 990 1507 1041 tom.
1554 984 1616 1042 4.
1665 1001 1796 1061 paq.
1845 985 1984 1054 475.

445 1099 606 1140 num.
639 1082 734 1140 19.
764 1087 816 1138 et
841 1095 988 1154 seqq.
1094 1153 1095 1156 Ἴ

562 1170 677 1234 His
700 1168 999 1232 stantibus
1017 1212 1036 1242 ,
1065 1166 1415 1248 quaeritur:

568 1265 857 1342 Quomodo
884 1265 961 1323 sit
987 1263 1426 1343 respondendum
1463 1262 1753 1326 Relationi
1777 1263 1855 1334 ad
1893 1262 1991 1323 Li-

446 1362 607 1423 mina
635 1359 906 1438 Episcopi
949 1356 1168 1418 Lunen.
1210 1355 1532 1428 Sarzanen.
1581 1359 1734 1420 circa
1760 1356 1993 1421 Conser-

447 1454 729 1516 vatorium
757 1450 1007 1513 Marsae.
1118 1519 1125 1520 ff

550 1646 691 1696 Sacr.
729 1585 926 1712 Congr.
962 1603 1267 1710 respondit·

632 1728 1101 1784 Conservatorium
1149 1746 1261 1784 ene
1302 1726 1603 1797 subjectum
1648 1729 1996 1786 omnimodae

444 1817 667 1874 ..Ῑηνιῖνᾶί
667 1817 841 1872 ction'i
854 1815 1146 1886 Episcopi,
1173 1835 1223 1869 cr
1206 1816 1315 1870 iera
1339 1829 1523 1870 tamen
1545 1816 1997 1888 approbationem

448 1910 648 1961 Sacrae
690 1907 896 1976 Congre
891 1902 1138 1974 gationis
1184 1903 1373 1973 quoad
1404 1903 1467 1957 di
1465 1917 1609 1959 ctum
1651 1906 1996 1970 Conservato-

444 2013 492 2046 n
496 2013 603 2046 um.

890 2214 1254 2291 QUAESTIO
1305 2214 1553 2280 cccvl.

447 2404 521 2466 In
550 2403 744 2468 Causa
767 2403 1115 2484 Anqlonensi
1141 2401 1567 2477 cathedratici,
1595 2403 1990 2478 Decimarutn,

493 2509 546 2562 et
571 2499 829 2576 Quartae
848 2497 1184 2572 Funeralis,
1215 2497 1306 2559 die
1330 2501 1426 2559 30.
1451 2496 1736 2561 Ianuarii
1763 2503 1938 2561 1723.

447 2628 637 2752 Inter
657 2694 890 2752 caetera
922 2687 1065 2769 jura
1090 2684 1468 2768 Episcopalia
1507 2686 1992 2751 Cathedraticum

446 2790 821 2857 recensetur,
857 2780 1023 2862 quod
1047 2780 1125 2843 ad
1171 2781 1322 2843 duos
1346 2780 1567 2844 solidos
1593 2782 1673 2845 ab
1713 2802 1991 2863 unaqua-

447 2896 569 2959 que
603 2874 868 2938 Ecclesia
892 2919 911 2949 ,
956 2879 1017 2935 et
1060 2894 1313 2955 persona
1354 2875 1513 2938 dicto
1559 2895 1742 2937 onere
1781 2878 1991 2939 affecta

446 2969 764 3032 solvendos
801 2966 1216 3048 restringitur,
1249 2969 1439 3050 juxta
1466 2968 1800 3031 Concilium
1844 2971 1993 3032 Bra-

445 3064 765 3136 charense,
799 3068 861 3124 et
884 3060 1219 3124 Concilium
1246 3063 1600 3126 Toletanum
1630 3064 1949 3145 septimum
1972 3110 1989 3137 ,

446 3159 523 3224 de
547 3158 773 3240 quibus
801 3158 867 3217 in
895 3155 1123 3219 Canone
1149 3160 1298 3219 inter
1323 3170 1541 3220 caetera
1570 3164 1663 3221 10.
1691 3170 1904 3239 quaest.
1932 3164 1989 3221 3.

446 3260 511 3317 et
533 3252 675 3315 licet
704 3252 925 3314 borum
953 3250 1359 3314 Conciliorum
1398 3260 1606 3333 utpote
1645 3272 1765 3315 non
1800 3253 1995 3316 Gene-

447 3347 675 3412 ralium
724 3344 1190 3408 constitutiones
1234 3345 1357 3411 vim
1406 3346 1553 3427 legis
1595 3348 1660 3409 in
1705 3348 1996 3411 Universa

446 3441 710 3505 Ecclesia
755 3438 1031 3503 obtinere
1082 3438 1332 3501 minime
1377 3440 1619 3504 valeant
1645 3487 1663 3515 ,
1718 3443 1998 3522 quamvis

447 3535 709 3599 insertae
735 3534 799 3597 in
841 3535 1080 3597 decreto
1104 3532 1414 3607 Gratiani,
1437 3536 1613 3616 Juxta
1639 3536 1995 3617 propositio-

448 3649 588 3693 nem
615 3630 796 3693 etiam
823 3629 889 3690 in
912 3627 1347 3691 Tribunalibus
1368 3628 1550 3691 Urbis
1576 3638 1895 3710 receptam,
1924 3631 1998 3693 de

450 3744 573 3807 qua
599 3724 748 3785 Rota
776 3714 941 3785 decis.
968 3727 1105 3783 377.
1134 3742 1196 3783 n.
1225 3726 1322 3783 36.
1348 3732 1401 3783 et
1425 3740 1572 3802 seqq.
1604 3743 1792 3785 eoram
1816 3723 1998 3786 Penia

446 3821 515 3878 in
562 3816 766 3878 Veneta
814 3818 1094 3888 editione,
1151 3822 1550 3879 memoratum
1600 3815 1998 3878 nihilominus

443 3912 543 3993 jus
566 3909 963 3972 Cathedratici
980 3954 998 3983 ,
1022 3917 1083 3971 et
1105 3908 1350 3989 quidem
1372 3909 1436 3969 in
1458 3908 1793 3989 quantitate
1813 3928 1995 3989 supra

448 4021 760 4083 expressa,
796 4020 972 4063 suum
1018 4001 1477 4064 fundamentum
1525 4000 1707 4064 babet
1750 4002 1813 4062 in
1855 4004 1996 4086 jure

436 4094 787 4168 communi,
816 4094 880 4155 in
904 4093 1211 4174 sequelam
1235 4095 1512 4157 videlicet
1533 4094 1859 4158 Decretalis
1877 4095 1997 4159 Ho-

447 4187 610 4251 norii
636 4188 823 4249 Tertii
849 4189 916 4248 in
947 4195 1071 4268 eap.
1104 4191 1461 4267 conquerenti
1493 4188 1558 4248 de
1590 4186 1784 4268 Officio
1819 4186 1996 4249 Ordi-

446 4283 641 4353 narii‚
670 4281 899 4391 absque
922 4299 994 4342 eo
1025 4282 1188 4361 quod
1218 4281 1346 4364 juri
1376 4281 1775 4344 cathedratici
1820 4281 1996 4345 dero-

448 4382 656 4460 gatum
682 4374 801 4437 dim
836 4373 1034 4436 valeat
1059 4393 1096 4436 a
1129 4375 1309 4439 Sacro
1352 4375 1618 4437 Concilio
1644 4375 1995 4439 Tridentino

448 4469 602 4533 Seu.
650 4471 750 4529 24.
788 4486 915 4547 cap.
962 4473 1022 4528 3.
1060 4469 1128 4528 de
1154 4467 1464 4546 Reformat.
1494 4487 1632 4531 cum
1662 4468 1995 4532 Concilium

445 4563 536 4627 ibi
576 4562 727 4625 alias
755 4561 1044 4643 quasdam
1073 4558 1453 4640 prohibuerit
1491 4561 1828 4629 exactiones
1845 4607 1863 4636 ,
1891 4563 1993 4625 sed

450 4654 931 4725 Cathedraticum
972 4653 1322 4716 nullatenus
1357 4654 1711 4728 excluserit,
1755 4654 1994 4718 Thoma-

445 4752 559 4813 sin.
599 4745 909 4830 de‘benefie.
948 4759 1076 4827 par.
1115 4751 1172 4807 3.
1211 4746 1310 4805 lib.
1345 4752 1405 4807 2.
1437 4766 1561 4826 cap.
1595 4750 1692 4808 34.
1738 4768 1897 4809 num.
1930 4756 1987 4810 7.

447 4843 708 4923 Faqnan.
737 4845 803 4902 in
827 4860 951 4921 cap.
979 4850 1340 4919 conquerente
1357 4856 1515 4901 num.
1548 4844 1645 4902 48.
1671 4850 1723 4902 et
1750 4861 1898 4922 seqq.
1926 4845 1993 4906 de

446 4940 585 5019 offic.
632 4936 839 4999 Ordin.
876 4946 927 4996 et
970 4937 1035 4995 in
1071 4953 1197 5013 cap.
1243 4934 1561 4996 Venerabili
1595 4955 1754 4996 num.
1805 4940 1900 4997 16.
1941 4947 1993 4998 et

448 5051 596 5111 seqq.
639 5033 705 5092 de
741 5029 1020 5099 censibus,
1064 5028 1333 5108 adeoque
1368 5028 1430 5089 S.
1486 5027 1733 5090 Carolus
1771 5030 1991 5091 Borro-

450 5144 657 5187 maeus
705 5123 1086 5186 fidelissimus
1138 5121 1302 5183 Sacri
1351 5121 1600 5184 Concilii
1651 5122 1987 5187 Tridentini

449 5219 746 5282 Executor
773 5217 838 5278 in
866 5236 975 5278 sua
1000 5214 1258 5277 secunda
1301 5214 1542 5296 Synodo
1581 5214 1768 5295 legem
1814 5237 1989 5279 reno-

451 5310 619 5372 vavit
643 5308 1036 5373 Cathedratici
1061 5329 1076 5368 z
1105 5310 1254 5368 illud
1283 5308 1480 5370 Sacris
1511 5308 1831 5372 canonibus
1866 5333 1990 5374 con-

449 5405 712 5467 stitutum
732 5396 842 5477 est,
870 5413 935 5466 ut
953 5425 991 5466 a
1007 5403 1248 5483 sinqulis
1267 5401 1540 5466 Parochie
1565 5405 1630 5464 in
1651 5402 1990 5473 Dioeceeana

3359 463 3466 515 ³97

2090 601 2326 685 Synodo
2363 602 2750 670 Cathedratici
2783 614 3004 674 nornine
3043 615 3214 676 solidi
3254 617 3365 676 duo
3397 620 3638 695 exiqan-

2094 706 2223 770 tur,
2272 700 2442 778 idque
2480 714 2810 780 arqumento
2854 707 3077 768 honoris
3103 754 3121 779 ‚
3164 705 3266 789 qui
3305 708 3641 773 cathedrali

2096 792 2381 855 Ecclesiae
2422 805 2694 875 tanquam
2724 797 2918 860 Matri
2944 822 2981 862 a
3016 805 3247 864 caeteris
3278 805 3641 868 Parochiali-

2099 888 2199 948 bue
2225 887 2498 950 Eccleeiis
2541 892 2721 951 tribui
2762 893 2947 965 debet,
2981 903 3041 956 et
3083 899 3243 976 quod
3292 910 3470 980 caput
3514 910 3636 973 est,

2099 980 2258 1043 inter
2282 990 2543 1044 caeteras
2565 983 2960 1058 resolutiones
2987 990 3064 1050 ab
3094 990 3205 1052 hac
3231 992 3362 1054 Sac.
3386 994 3642 1075 Congre-

2097 1074 2339 1156 gatione
2364 1076 2552 1138 editas
2576 1097 2726 1138 anno
2758 1084 2930 1142 1587.
2967 1084 3063 1143 lib.
3104 1091 3162 1145 5.
3211 1087 3470 1149 decretal.
3506 1110 3638 1169 paq.

2097 1174 2193 1230 50.
2219 1189 2258 1231 a
2289 1180 2440 1249 terqo
2461 1169 2960 1236 bacchabantur.
2996 1176 3365 1257 Conqreqatio
3397 1180 3644 1244 Concilii

2098 1265 2313 1325 censuit
2358 1263 2679 1327 concilium
2709 1266 3104 1331 Tridentinum
3147 1292 3503 1354 nequaquam
3544 1298 3642 1338 su-

2098 1355 2321 1419 stulisse
2350 1356 2841 1433 Catkedraticum‚
2874 1382 2990 1442 non
3022 1365 3174 1425 illud
3213 1376 3399 1428 tamen
3427 1371 3641 1431 solven-

2103 1450 2238 1512 dum
2265 1452 2331 1511 in
2355 1453 2704 1525 visitatione,
2734 1455 2830 1515 sed
2854 1465 3054 1528 extra,
3084 1469 3137 1518 et
3165 1460 3229 1519 in
3255 1458 3480 1540 Synodi
3505 1467 3645 1524 cele·

2102 1545 2388 1620 bratione,
2418 1552 2480 1608 et
2515 1541 2836 1610 concordat
2875 1548 2997 1613 alia
3029 1554 3173 1612 anni
3218 1556 3391 1615 1591.
3429 1557 3525 1616 lib.
3579 1562 3638 1619 7.

2000 1629 2005 1632 ’
2098 1639 2299 1700 decret.
2328 1659 2462 1719 paq.
2509 1645 2567 1701 6.
2600 1639 2722 1712 ibi,
2759 1644 2908 1721 quod
2944 1646 2997 1705 si
3021 1643 3302 1727 Episcopo
3329 1647 3646 1713 cathedra·

2100 1735 2276 1794 ticum
2305 1734 2576 1812 leqitime,
2599 1743 2652 1795 et
2676 1754 2799 1797 cere
2825 1737 3121 1814 debeatur,
3149 1743 3300 1801 illud
3317 1745 3490 1823 plane
3515 1749 3645 1806 ezri·

2099 1846 2225 1907 qere
2245 1848 2432 1909 posse,
2462 1830 2582 1891 alio
2613 1840 2798 1892 tamen
2845 1842 3113 1914 tenpore,
3149 1853 3321 1913 quam
3364 1841 3644 1902 visitatio-

2099 1924 2190 1982 nis
2213 1969 2229 1993 ,
2272 1930 2334 1984 et
2385 1922 2449 1983 in
2500 1923 2763 2004 quadam
2811 1925 3003 1989 Causa
3051 1928 3453 2010 Albinganen.
3502 1939 3646 1996 anni

2032 2099 2035 2112 ἐ
2106 2020 2282 2082 1644.
2315 2016 2380 2077 in
2417 2036 2541 2099 qua
2584 2018 2701 2081 tria
2727 2017 2916 2083 dubia
2943 2020 3189 2085 suerunt
3218 2024 3515 2106 disputata
3542 2049 3646 2091 su·

2101 2129 2210 2191 per
2251 2110 2699 2188 Catbedratico,
2746 2132 3098 2196 responsum
3141 2117 3289 2194 fuit,
3318 2120 3644 2186 Cathedra-

2100 2203 2286 2266 ticum
2333 2223 2501 2285 posse
2536 2205 2696 2287 exigi
2737 2207 2816 2269 ab
2845 2208 3171 2293 Episcopo,
3201 2211 3339 2276 licet
3364 2214 3425 2276 in
3471 2235 3645 2296 prae-

2101 2298 2346 2366 teritum
2393 2318 2513 2361 non
2553 2298 2739 2362 fuerit
2779 2313 3096 2379 exactum,
3133 2305 3460 2371 dummodo
3500 2330 3645 2373 exa-

2104 2399 2268 2454 ctum
2312 2392 2497 2456 fuerit
2521 2412 2558 2455 a
2585 2394 2709 2456 suis
2750 2396 3340 2475 praedeceaeoribus,
3380 2410 3440 2464 et
3484 2404 3643 2486 exigi

2102 2494 2340 2549 tantum
2367 2507 2537 2568 posse
2559 2488 2709 2550 duos
2742 2490 2961 2552 solidos
2983 2492 3346 2573 juxta-luris
3375 2515 3645 2559 commu-

2104 2581 2202 2643 nis
2231 2581 2710 2663 dispositionem,
2739 2592 2798 2648 et
2832 2584 2893 2645 in
2926 2596 3166 2650 moneta
3195 2590 3447 2672 antiqua
3471 2591 3649 2674 juxta

2102 2675 2271 2738 illius
2301 2676 2805 2753 aestimationem,
2839 2698 2960 2741 non
2987 2694 3378 2746 concurrente
3407 2696 3648 2750 contra-

2100 2771 2196 2834 ria
2237 2771 2700 2845 consuetudine,
2739 2781 2799 2834 et
2841 2775 3211 2838 exactionem
3239 2779 3479 2856 demum
3525 2800 3644 2841 non

2102 2883 2229 2926 esse
2271 2862 2603 2927 faciendam
2655 2886 2690 2928 a
2730 2874 2852 2929 toto
2885 2867 3091 2944 Clero,
3139 2871 3241 2934 sed
3290 2881 3524 2936 tantum
3566 2877 3648 2937 ab

2102 2957 2413 3033 Ecclesiis,
2443 2958 2771 3040 Cappellis,
2818 2968 2879 3024 et
2903 2963 3310 3036 Beneficiatis‚
3347 2967 3396 3028 si
3441 2970 3516 3030 ad
3545 2989 3647 3031 eo-

2101 3072 2241 3113 rum
2271 3052 2536 3115 favorem
2565 3073 2685 3115 non
2730 3064 3050 3119 concurrat
3088 3058 3471 3142 privilegium
3502 3081 3646 3143 apo-

2103 3145 2378 3209 stolicum
2413 3147 2838 3228 exemptionis,
2878 3149 2973 3211 vel
3017 3149 3542 3229 immemorabilis,
3588 3166 3647 3219 et

2105 3239 2368 3321 denique
2395 3240 2460 3301 in
2492 3238 2686 3303 Causa
2718 3240 3131 3322 Amalphitana
3162 3243 3549 3309 Catbedratiei
3583 3257 3641 3310 5.

2105 3333 2446 3417 Septembris
2498 3339 2671 3396 1705.
2722 3335 3049 3398 resolutum
3092 3336 3240 3410 fuit,
3273 3339 3647 3405 Cathedrati-

2103 3446 2242 3490 cum
2280 3446 2406 3490 me
2437 3425 2790 3507 solvendum
2832 3428 3289 3512 Archiepiscopo
3335 3435 3647 3516 Amalphi-

2105 3531 2254 3593 tano
2285 3540 2323 3583 a
2368 3521 2681 3594 Parochis,
2726 3531 2785 3583 et
2821 3522 3194 3588 Beneficiatis
3234 3529 3454 3591 Terrae
3497 3533 3646 3593 Tra-

2103 3615 2354 3686 montis‚
2400 3625 2453 3676 et
2493 3617 2581 3677 die
2626 3620 2723 3678 26.
2756 3616 3058 3679 Februarii
3098 3624 3271 3687 1707.
3317 3623 3646 3688 resolutum

2104 3709 2254 3782 fuit,
2286 3708 2439 3773 illud
2479 3728 2604 3772 esse
2641 3710 2799 3775 dicto
2827 3711 3286 3795 Archiepiscopo
3315 3716 3584 3781 debitum
3610 3740 3648 3785 a

2102 3803 2204 3865 die
2228 3803 2477 3884 adeptae
2516 3804 2931 3885 possessionis„
2970 3814 3030 3868 et
3065 3807 3419 3872 solvendum
3446 3833 3572 3876 csse
3609 3835 3647 3878 a

2104 3897 2419 3971 Parochis,
2449 3905 2571 3960 tam
2601 3896 2833 3961 ratione
2862 3900 3218 3974 Parochiae‚
3248 3892 3432 3983 quam
3461 3907 3646 3968 ratio-

2103 4011 2183 4053 ne
2223 3992 2657 4055 Beneficiorum
2686 3992 2993 4055 Parochiis
3030 3995 3374 4073 unitorum,
3416 4002 3502 4060 uti
3535 4001 3647 4064 ba-

2103 4085 2283 4148 betur
2336 4088 2435 4147 lib.
2490 4092 2586 4147 55.
2639 4087 2841 4147 decret.
2894 4108 3031 4169 paq.
3089 4094 3225 4151 326.
3283 4102 3334 4152 et
3389 4095 3485 4155 tib.
3543 4102 3645 4159 57.

2096 4200 2232 4261 paq.
2264 4185 2362 4241 68.

2221 4275 2390 4336 Inter
2433 4280 2665 4337 caetera
2703 4292 2946 4356 quoque
2978 4256 3122 4357 jura
3149 4277 3508 4361 episcopalia
3549 4303 3647 4345 re-

2098 4328 2374 4431 censetur
2403 4376 2619 4449 quarta
2639 4368 3064 4444 Decimamm,
3104 4379 3165 4433 et
3189 4382 3408 4453 quarta
3443 4375 3645 4438 Fune-

2100 4461 2367 4535 ralium,
2397 4462 2487 4525 uti
2519 4462 2777 4523 liabetur
2809 4464 2874 4523 in
2900 4466 3074 4527 citato
3103 4484 3228 4545 cap.
3265 4465 3651 4547 conquerente

2099 4558 2166 4618 de
2190 4558 2367 4637 officio
2412 4555 2760 4631 ordinarii,
2795 4557 2927 4618 ibi.
2982 4556 3372 4620 cathedratici
3418 4566 3646 4625 nomine

2097 4652 2240 4712 duos
2259 4652 2490 4721 solitos,
2518 4661 2786 4730 quartam
2816 4651 3279 4723 decimationum,
3311 4664 3360 4713 et
3386 4667 3643 4718 mortua-

2096 4747 2357 4815 riorum,
2404 4743 2505 4806 cui
2545 4743 2770 4824 pariter
2804 4763 2926 4805 non
2956 4742 3073 4805 fuit
3107 4744 3233 4806 ullo
3261 4746 3440 4808 modo
3465 4748 3642 4810 dero·

2094 4845 2302 4920 gatum
2330 4856 2364 4899 a
2387 4837 2652 4900 Concilio
2681 4836 3034 4903 Tridentino
3055 4840 3229 4900 citato
3249 4860 3374 4919 cap.
3418 4846 3475 4902 3.
3507 4862 3639 4904 sese.

2096 4936 2196 4994 24.
2235 4932 2323 4995 uti
2373 4932 2630 4995 habetur
2677 4932 2838 5012 apud
2884 4931 3143 5011 Faqnan.
3194 4934 3259 4993 in
3304 4937 3477 4996 citato
3508 4956 3640 5017 eap.

2104 5025 2423 5087 Venerabili
2451 5045 2608 5085 num.
2648 5030 2742 5085 17.
2770 5026 2834 5085 de
2860 5025 3216 5086 censibus..

2209 5118 2305 5179 -Ad
2334 5117 2554 5180 borum
2590 5118 2827 5201 jurium
2867 5118 3134 5196 tramites
3158 5100 3484 5200 Episcopus
3516 5124 3645 5183 An-

2092 5213 2334 5295 glonen.
2358 5213 2505 5293 petit
2523 5231 2560 5274 a
2578 5212 2751 5275 Clero
2767 5214 2990 5275 Terrae
3004 5212 3296 5276 Carbonis
3317 5214 3643 5280 Cathedra-

2100 5307 2286 5371 ticum
2309 5355 2326 5379 ,
2352 5315 2630 5388 quartam
2660 5307 3041 5375 Decimamm
3060 5355 3076 5381 ,
3107 5316 3166 5371 et
3211 5317 3490 5388 quartam
3528 5312 3647 5374 Fu·

2094 5402 2418 5476 neralium,
2449 5422 2587 5465 cum
2613 5422 2690 5466 ex
2718 5402 3184 5466 resolutionibus
3221 5402 3401 5486 hujus
3428 5405 3646 5472 Sacrae
