<?xml version="1.0" encoding="UTF-8"?>
<!DOCTYPE html PUBLIC "-//W3C//DTD XHTML 1.0 Transitional//EN"
    "http://www.w3.org/TR/xhtml1/DTD/xhtml1-transitional.dtd">
<html xmlns="http://www.w3.org/1999/xhtml" xml:lang="en" lang="en">
 <head>
  <title>
</title>
<meta http-equiv="Content-Type" content="text/html;charset=utf-8" />
  <meta name='ocr-system' content='tesseract 3.04.00' />
  <meta name='ocr-capabilities' content='ocr_page ocr_carea ocr_par ocr_line ocrx_word'/>
</head>
<body>
  <div class='ocr_page' id='page_1' title='image "benedictixivpon01xivgoog_0402.png"; bbox 0 0 4393 6299; ppageno 0'>
   <div class='ocr_carea' id='block_1_1' title="bbox 1950 463 2794 568">
    <p class='ocr_par' dir='ltr' id='par_1_1' title="bbox 1950 463 2794 568">
     <span class='ocr_line' id='line_1_1' title="bbox 1950 463 2794 568; baseline 0.007 -46"><span class='ocrx_word' id='word_1_1' title='bbox 1950 464 2398 568; x_wconf 63' lang='lat' dir='ltr'><strong>wasmont-:s</strong></span> <span class='ocrx_word' id='word_1_2' title='bbox 2432 463 2794 532; x_wconf 66' lang='lat' dir='ltr'><strong>canotum</strong></span> 
     </span>
    </p>
   </div>
   <div class='ocr_carea' id='block_1_2' title="bbox 771 616 3987 797">
    <p class='ocr_par' dir='ltr' id='par_1_2' title="bbox 771 616 3987 797">
     <span class='ocr_line' id='line_1_2' title="bbox 771 616 3987 706; baseline -0.001 -17"><span class='ocrx_word' id='word_1_3' title='bbox 771 623 997 700; x_wconf 76' lang='lat' dir='ltr'><strong>scilicet</strong></span> <span class='ocrx_word' id='word_1_4' title='bbox 1020 641 1061 687; x_wconf 84' lang='lat' dir='ltr'><strong>a</strong></span> <span class='ocrx_word' id='word_1_5' title='bbox 1084 620 1284 706; x_wconf 76' lang='lat' dir='ltr'><strong>prima</strong></span> <span class='ocrx_word' id='word_1_6' title='bbox 1302 618 1405 685; x_wconf 87' lang='lat' dir='ltr'><strong>die</strong></span> <span class='ocrx_word' id='word_1_7' title='bbox 1431 617 1655 684; x_wconf 78' lang='lat' dir='ltr'><strong>nensis</strong></span> <span class='ocrx_word' id='word_1_8' title='bbox 1674 617 1847 682; x_wconf 73' lang='lat' dir='ltr'><strong>lunii</strong></span> <span class='ocrx_word' id='word_1_9' title='bbox 1869 635 2065 704; x_wconf 81' lang='lat' dir='ltr'><strong>usque</strong></span> <span class='ocrx_word' id='word_1_10' title='bbox 2090 618 2171 684; x_wconf 83' lang='lat' dir='ltr'><strong>ad</strong></span> <span class='ocrx_word' id='word_1_11' title='bbox 2200 619 2324 703; x_wconf 87' lang='lat' dir='ltr'><strong>pri·</strong></span> <span class='ocrx_word' id='word_1_12' title='bbox 2433 618 2898 683; x_wconf 69' lang='lat' dir='ltr'><strong>diminutionem</strong></span> <span class='ocrx_word' id='word_1_13' title='bbox 2926 616 3138 682; x_wconf 81' lang='lat' dir='ltr'><strong>Divini</strong></span> <span class='ocrx_word' id='word_1_14' title='bbox 3156 616 3393 694; x_wconf 83' lang='lat' dir='ltr'><strong>Cultus,</strong></span> <span class='ocrx_word' id='word_1_15' title='bbox 3426 636 3671 683; x_wconf 86' lang='lat' dir='ltr'><strong>causam</strong></span> <span class='ocrx_word' id='word_1_16' title='bbox 3697 617 3987 688; x_wconf 86' lang='lat' dir='ltr'><strong>babuerit</strong></span> 
     </span>
     <span class='ocr_line' id='line_1_3' title="bbox 773 712 3987 797; baseline -0.002 -16"><span class='ocrx_word' id='word_1_17' title='bbox 773 738 940 786; x_wconf 65' lang='grc' dir='ltr'><strong>..ιιι</strong></span> <span class='ocrx_word' id='word_1_18' title='bbox 959 718 1122 788; x_wconf 76' lang='lat' dir='ltr'><strong>diem</strong></span> <span class='ocrx_word' id='word_1_19' title='bbox 1143 716 1367 780; x_wconf 80' lang='lat' dir='ltr'><strong>munais</strong></span> <span class='ocrx_word' id='word_1_20' title='bbox 1385 714 1667 779; x_wconf 85' lang='lat' dir='ltr'><strong>Octobris</strong></span> <span class='ocrx_word' id='word_1_21' title='bbox 1691 733 1801 797; x_wconf 87' lang='lat' dir='ltr'><strong>per</strong></span> <span class='ocrx_word' id='word_1_22' title='bbox 1828 713 2187 792; x_wconf 82' lang='lat' dir='ltr'><strong>tertiariam,</strong></span> <span class='ocrx_word' id='word_1_23' title='bbox 2212 713 2328 779; x_wconf 86' lang='lat' dir='ltr'><strong>boc</strong></span> <span class='ocrx_word' id='word_1_24' title='bbox 2430 731 2469 776; x_wconf 88' lang='lat' dir='ltr'><strong>a</strong></span> <span class='ocrx_word' id='word_1_25' title='bbox 2495 714 2876 777; x_wconf 84' lang='lat' dir='ltr'><strong>decremento</strong></span> <span class='ocrx_word' id='word_1_26' title='bbox 2896 712 3200 776; x_wconf 76' lang='lat' dir='ltr'><strong>redituum</strong></span> <span class='ocrx_word' id='word_1_27' title='bbox 3238 712 3322 776; x_wconf 89' lang='lat' dir='ltr'><strong>ob</strong></span> <span class='ocrx_word' id='word_1_28' title='bbox 3351 712 3618 775; x_wconf 85' lang='lat' dir='ltr'><strong>notorias</strong></span> <span class='ocrx_word' id='word_1_29' title='bbox 3645 719 3987 794; x_wconf 86' lang='lat' dir='ltr'><strong>temporum</strong></span> 
     </span>
    </p>
   </div>
   <div class='ocr_carea' id='block_1_3' title="bbox 745 797 2337 3351">
    <p class='ocr_par' dir='ltr' id='par_1_3' title="bbox 745 797 2334 3161">
     <span class='ocr_line' id='line_1_4' title="bbox 745 797 2328 894; baseline -0.003 -15.946"><span class='ocrx_word' id='word_1_30' title='bbox 745 822 896 894; x_wconf 70' lang='lat' dir='ltr'><strong>est,</strong></span> <span class='ocrx_word' id='word_1_31' title='bbox 919 821 1057 877; x_wconf 91' lang='lat' dir='ltr'><strong>octo</strong></span> <span class='ocrx_word' id='word_1_32' title='bbox 1078 832 1158 876; x_wconf 78' lang='lat' dir='ltr'><strong>ex</strong></span> <span class='ocrx_word' id='word_1_33' title='bbox 1179 809 1515 875; x_wconf 75' lang='lat' dir='ltr'><strong>duodecim</strong></span> <span class='ocrx_word' id='word_1_34' title='bbox 1526 807 1902 873; x_wconf 84' lang='lat' dir='ltr'><strong>intervenire</strong></span> <span class='ocrx_word' id='word_1_35' title='bbox 1924 797 2237 884; x_wconf 80' lang='lat' dir='ltr'><strong>deberent,</strong></span> <span class='ocrx_word' id='word_1_36' title='bbox 2265 817 2328 873; x_wconf 89' lang='lat' dir='ltr'><strong>et</strong></span> 
     </span>
     <span class='ocr_line' id='line_1_5' title="bbox 772 899 2329 992; baseline -0.004 -20"><span class='ocrx_word' id='word_1_37' title='bbox 772 917 1039 992; x_wconf 71' lang='lat' dir='ltr'><strong>quantor</strong></span> <span class='ocrx_word' id='word_1_38' title='bbox 1055 926 1103 986; x_wconf 48' lang='lat' dir='ltr'><strong>a,¹</strong></span> <span class='ocrx_word' id='word_1_39' title='bbox 1113 905 1369 970; x_wconf 75' lang='lat' dir='ltr'><strong>servitio</strong></span> <span class='ocrx_word' id='word_1_40' title='bbox 1391 923 1608 968; x_wconf 80' lang='lat' dir='ltr'><strong>vacare</strong></span> <span class='ocrx_word' id='word_1_41' title='bbox 1629 903 1924 978; x_wconf 83' lang='lat' dir='ltr'><strong>valerent,</strong></span> <span class='ocrx_word' id='word_1_42' title='bbox 1953 899 2043 966; x_wconf 90' lang='lat' dir='ltr'><strong>uti</strong></span> <span class='ocrx_word' id='word_1_43' title='bbox 2068 903 2329 966; x_wconf 87' lang='lat' dir='ltr'><strong>babetur</strong></span> 
     </span>
     <span class='ocr_line' id='line_1_6' title="bbox 776 995 2330 1081; baseline -0.004 -16"><span class='ocrx_word' id='word_1_44' title='bbox 776 1003 879 1065; x_wconf 72' lang='lat' dir='ltr'><strong>lito.</strong></span> <span class='ocrx_word' id='word_1_45' title='bbox 912 1007 1009 1065; x_wconf 85' lang='grc'><strong>15.</strong></span> <span class='ocrx_word' id='word_1_46' title='bbox 1042 1000 1259 1063; x_wconf 72' lang='lat' dir='ltr'><strong>Decret-</strong></span> <span class='ocrx_word' id='word_1_47' title='bbox 1285 1018 1422 1081; x_wconf 73' lang='lat' dir='ltr'><strong>paq.</strong></span> <span class='ocrx_word' id='word_1_48' title='bbox 1454 1004 1593 1060; x_wconf 74' lang='lat'><strong>576.</strong></span> <span class='ocrx_word' id='word_1_49' title='bbox 1639 1001 1740 1058; x_wconf 82' lang='grc'><strong>99.</strong></span> <span class='ocrx_word' id='word_1_50' title='bbox 1772 995 2021 1076; x_wconf 61' lang='lat' dir='ltr'><strong>depasti</strong></span> <span class='ocrx_word' id='word_1_51' title='bbox 2050 1000 2226 1059; x_wconf 75' lang='grc'><strong>1037.</strong></span> <span class='ocrx_word' id='word_1_52' title='bbox 2268 1004 2330 1059; x_wconf 78' lang='lat' dir='ltr'><strong>et</strong></span> 
     </span>
     <span class='ocr_line' id='line_1_7' title="bbox 774 1091 2329 1174; baseline -0.005 -14"><span class='ocrx_word' id='word_1_53' title='bbox 774 1097 842 1160; x_wconf 88' lang='lat' dir='ltr'><strong>in</strong></span> <span class='ocrx_word' id='word_1_54' title='bbox 862 1095 1183 1160; x_wconf 85' lang='lat' dir='ltr'><strong>Catbacen.</strong></span> <span class='ocrx_word' id='word_1_55' title='bbox 1207 1091 1439 1156; x_wconf 69' lang='lat' dir='ltr'><strong>servitii</strong></span> <span class='ocrx_word' id='word_1_56' title='bbox 1462 1092 1670 1166; x_wconf 86' lang='lat' dir='ltr'><strong>Cbori,</strong></span> <span class='ocrx_word' id='word_1_57' title='bbox 1695 1092 1760 1154; x_wconf 88' lang='lat' dir='ltr'><strong>in</strong></span> <span class='ocrx_word' id='word_1_58' title='bbox 1778 1110 1904 1172; x_wconf 85' lang='lat' dir='ltr'><strong>qua</strong></span> <span class='ocrx_word' id='word_1_59' title='bbox 1918 1091 2225 1174; x_wconf 75' lang='lat' dir='ltr'><strong>agebatur</strong></span> <span class='ocrx_word' id='word_1_60' title='bbox 2252 1092 2329 1153; x_wconf 90' lang='lat' dir='ltr'><strong>de</strong></span> 
     </span>
     <span class='ocr_line' id='line_1_8' title="bbox 776 1183 2331 1271; baseline -0.004 -16"><span class='ocrx_word' id='word_1_61' title='bbox 776 1189 1125 1263; x_wconf 87' lang='lat' dir='ltr'><strong>Canonicis,</strong></span> <span class='ocrx_word' id='word_1_62' title='bbox 1161 1188 1271 1271; x_wconf 88' lang='lat' dir='ltr'><strong>qni</strong></span> <span class='ocrx_word' id='word_1_63' title='bbox 1299 1183 1716 1250; x_wconf 81' lang='lat' dir='ltr'><strong>inserviebant</strong></span> <span class='ocrx_word' id='word_1_64' title='bbox 1748 1186 1964 1249; x_wconf 88' lang='lat' dir='ltr'><strong>diebus</strong></span> <span class='ocrx_word' id='word_1_65' title='bbox 2001 1184 2331 1249; x_wconf 71' lang='lat' dir='ltr'><strong>Dominicis</strong></span> 
     </span>
     <span class='ocr_line' id='line_1_9' title="bbox 772 1279 2334 1351; baseline -0.005 -4"><span class='ocrx_word' id='word_1_66' title='bbox 772 1292 837 1348; x_wconf 91' lang='lat' dir='ltr'><strong>et</strong></span> <span class='ocrx_word' id='word_1_67' title='bbox 855 1283 993 1347; x_wconf 87' lang='lat' dir='ltr'><strong>aliis</strong></span> <span class='ocrx_word' id='word_1_68' title='bbox 1014 1284 1204 1345; x_wconf 78' lang='lat' dir='ltr'><strong>Festia</strong></span> <span class='ocrx_word' id='word_1_69' title='bbox 1227 1281 1722 1351; x_wconf 84' lang='lat' dir='ltr'><strong>solemnioribus,</strong></span> <span class='ocrx_word' id='word_1_70' title='bbox 1752 1290 1815 1342; x_wconf 90' lang='lat' dir='ltr'><strong>et</strong></span> <span class='ocrx_word' id='word_1_71' title='bbox 1841 1279 1981 1341; x_wconf 87' lang='lat' dir='ltr'><strong>aliis</strong></span> <span class='ocrx_word' id='word_1_72' title='bbox 2000 1279 2217 1342; x_wconf 88' lang='lat' dir='ltr'><strong>diebus</strong></span> <span class='ocrx_word' id='word_1_73' title='bbox 2243 1279 2334 1339; x_wconf 88' lang='lat' dir='ltr'><strong>in·</strong></span> 
     </span>
     <span class='ocr_line' id='line_1_10' title="bbox 773 1372 2332 1444; baseline -0.003 -6"><span class='ocrx_word' id='word_1_74' title='bbox 773 1377 1121 1439; x_wconf 63' lang='lat' dir='ltr'><strong>”rviebant</strong></span> <span class='ocrx_word' id='word_1_75' title='bbox 1144 1374 1530 1444; x_wconf 80' lang='lat' dir='ltr'><strong>alternatim,</strong></span> <span class='ocrx_word' id='word_1_76' title='bbox 1556 1373 1697 1435; x_wconf 90' lang='lat' dir='ltr'><strong>licet</strong></span> <span class='ocrx_word' id='word_1_77' title='bbox 1715 1372 1817 1434; x_wconf 89' lang='lat' dir='ltr'><strong>die</strong></span> <span class='ocrx_word' id='word_1_78' title='bbox 1848 1377 1953 1440; x_wconf 70' lang='grc'><strong>19.</strong></span> <span class='ocrx_word' id='word_1_79' title='bbox 1969 1372 2332 1434; x_wconf 78' lang='lat' dir='ltr'><strong>Novembris</strong></span> 
     </span>
     <span class='ocr_line' id='line_1_11' title="bbox 778 1466 2326 1552; baseline -0.003 -20"><span class='ocrx_word' id='word_1_80' title='bbox 778 1476 955 1533; x_wconf 79' lang='grc'><strong>1098.</strong></span> <span class='ocrx_word' id='word_1_81' title='bbox 983 1470 1376 1552; x_wconf 88' lang='lat' dir='ltr'><strong>reprobatum</strong></span> <span class='ocrx_word' id='word_1_82' title='bbox 1396 1467 1581 1536; x_wconf 76' lang='lat' dir='ltr'><strong>fuerit</strong></span> <span class='ocrx_word' id='word_1_83' title='bbox 1606 1466 1956 1549; x_wconf 76' lang='lat' dir='ltr'><strong>hujusmodi</strong></span> <span class='ocrx_word' id='word_1_84' title='bbox 1982 1466 2326 1541; x_wconf 83' lang='lat' dir='ltr'><strong>servitium,</strong></span> 
     </span>
     <span class='ocr_line' id='line_1_12' title="bbox 772 1558 2328 1645; baseline -0.004 -18"><span class='ocrx_word' id='word_1_85' title='bbox 772 1561 1431 1627; x_wconf 70' lang='lat' dir='ltr'><strong>attentanibilominus</strong></span> <span class='ocrx_word' id='word_1_86' title='bbox 1473 1560 1955 1645; x_wconf 83' lang='lat' dir='ltr'><strong>praebendarum</strong></span> <span class='ocrx_word' id='word_1_87' title='bbox 1994 1558 2287 1642; x_wconf 86' lang='lat' dir='ltr'><strong>tenuitate</strong></span> <span class='ocrx_word' id='word_1_88' title='bbox 2307 1603 2328 1634; x_wconf 91' lang='lat'><strong>,</strong></span> 
     </span>
     <span class='ocr_line' id='line_1_13' title="bbox 774 1653 2332 1742; baseline -0.006 -16"><span class='ocrx_word' id='word_1_89' title='bbox 774 1678 934 1742; x_wconf 82' lang='lat' dir='ltr'><strong>quae</strong></span> <span class='ocrx_word' id='word_1_90' title='bbox 958 1668 1089 1722; x_wconf 86' lang='lat' dir='ltr'><strong>erat</strong></span> <span class='ocrx_word' id='word_1_91' title='bbox 1115 1658 1180 1720; x_wconf 90' lang='lat' dir='ltr'><strong>in</strong></span> <span class='ocrx_word' id='word_1_92' title='bbox 1211 1657 1349 1721; x_wconf 89' lang='lat' dir='ltr'><strong>duc.</strong></span> <span class='ocrx_word' id='word_1_93' title='bbox 1382 1663 1481 1719; x_wconf 84' lang='lat'><strong>50.</strong></span> <span class='ocrx_word' id='word_1_94' title='bbox 1520 1655 1744 1730; x_wconf 83' lang='lat' dir='ltr'><strong>annuis</strong></span> <span class='ocrx_word' id='word_1_95' title='bbox 1770 1653 2332 1740; x_wconf 76' lang='lat' dir='ltr'><strong>quoadCanouica-</strong></span> 
     </span>
     <span class='ocr_line' id='line_1_14' title="bbox 776 1750 2325 1832; baseline -0.005 -15"><span class='ocrx_word' id='word_1_96' title='bbox 776 1764 909 1826; x_wconf 87' lang='lat' dir='ltr'><strong>tus,</strong></span> <span class='ocrx_word' id='word_1_97' title='bbox 937 1761 998 1816; x_wconf 91' lang='lat' dir='ltr'><strong>et</strong></span> <span class='ocrx_word' id='word_1_98' title='bbox 1018 1752 1080 1814; x_wconf 84' lang='lat' dir='ltr'><strong>in</strong></span> <span class='ocrx_word' id='word_1_99' title='bbox 1102 1752 1304 1820; x_wconf 82' lang='lat' dir='ltr'><strong>ducat.</strong></span> <span class='ocrx_word' id='word_1_100' title='bbox 1334 1754 1471 1813; x_wconf 90' lang='grc'><strong>100.</strong></span> <span class='ocrx_word' id='word_1_101' title='bbox 1502 1750 1704 1832; x_wconf 87' lang='lat' dir='ltr'><strong>quoad</strong></span> <span class='ocrx_word' id='word_1_102' title='bbox 1732 1750 2074 1832; x_wconf 78' lang='lat' dir='ltr'><strong>dignitates,</strong></span> <span class='ocrx_word' id='word_1_103' title='bbox 2105 1750 2196 1812; x_wconf 78' lang='lat' dir='ltr'><strong>dio</strong></span> <span class='ocrx_word' id='word_1_104' title='bbox 2229 1753 2325 1810; x_wconf 92' lang='grc'><strong>19.</strong></span> 
     </span>
     <span class='ocr_line' id='line_1_15' title="bbox 775 1843 2332 1930; baseline -0.003 -19"><span class='ocrx_word' id='word_1_105' title='bbox 775 1846 1118 1930; x_wconf 68' lang='lat' dir='ltr'><strong>Septembris</strong></span> <span class='ocrx_word' id='word_1_106' title='bbox 1144 1851 1320 1909; x_wconf 80' lang='grc'><strong>1099.</strong></span> <span class='ocrx_word' id='word_1_107' title='bbox 1351 1861 1647 1908; x_wconf 79' lang='lat' dir='ltr'><strong>recessum</strong></span> <span class='ocrx_word' id='word_1_108' title='bbox 1668 1843 1843 1908; x_wconf 80' lang='lat' dir='ltr'><strong>faita</strong></span> <span class='ocrx_word' id='word_1_109' title='bbox 1871 1843 2085 1908; x_wconf 85' lang='lat' dir='ltr'><strong>decisis</strong></span> <span class='ocrx_word' id='word_1_110' title='bbox 2103 1889 2122 1919; x_wconf 95' lang='lat'><strong>,</strong></span> <span class='ocrx_word' id='word_1_111' title='bbox 2154 1852 2215 1907; x_wconf 90' lang='lat' dir='ltr'><strong>et</strong></span> <span class='ocrx_word' id='word_1_112' title='bbox 2246 1853 2332 1907; x_wconf 89' lang='lat' dir='ltr'><strong>at-</strong></span> 
     </span>
     <span class='ocr_line' id='line_1_16' title="bbox 779 1938 2333 2034; baseline -0.005 -26"><span class='ocrx_word' id='word_1_113' title='bbox 779 1951 943 2007; x_wconf 87' lang='lat' dir='ltr'><strong>tenta</strong></span> <span class='ocrx_word' id='word_1_114' title='bbox 986 1941 1478 2034; x_wconf 58' lang='lat' dir='ltr'><strong>l’raebendarum</strong></span> <span class='ocrx_word' id='word_1_115' title='bbox 1532 1939 1823 2006; x_wconf 71' lang='lat' dir='ltr'><strong>tenuitate</strong></span> <span class='ocrx_word' id='word_1_116' title='bbox 1865 1947 2157 2001; x_wconf 86' lang='lat' dir='ltr'><strong>statutum</strong></span> <span class='ocrx_word' id='word_1_117' title='bbox 2201 1938 2333 2002; x_wconf 79' lang='lat' dir='ltr'><strong>-t‘nit</strong></span> 
     </span>
     <span class='ocr_line' id='line_1_17' title="bbox 772 2033 2330 2118; baseline -0.004 -16"><span class='ocrx_word' id='word_1_118' title='bbox 772 2038 1087 2102; x_wconf 84' lang='lat' dir='ltr'><strong>servitium</strong></span> <span class='ocrx_word' id='word_1_119' title='bbox 1116 2055 1223 2118; x_wconf 83' lang='lat' dir='ltr'><strong>per</strong></span> <span class='ocrx_word' id='word_1_120' title='bbox 1246 2034 1567 2098; x_wconf 86' lang='lat' dir='ltr'><strong>mediarias</strong></span> <span class='ocrx_word' id='word_1_121' title='bbox 1587 2036 1761 2116; x_wconf 76' lang='lat' dir='ltr'><strong>juxta</strong></span> <span class='ocrx_word' id='word_1_122' title='bbox 1787 2033 2330 2104; x_wconf 63' lang='lat' dir='ltr'><strong>moremeasilicac</strong></span> 
     </span>
     <span class='ocr_line' id='line_1_18' title="bbox 777 2130 2332 2210; baseline -0.004 -15"><span class='ocrx_word' id='word_1_123' title='bbox 777 2133 1145 2205; x_wconf 74' lang='lat' dir='ltr'><strong>vaticanae,</strong></span> <span class='ocrx_word' id='word_1_124' title='bbox 1197 2130 1285 2193; x_wconf 89' lang='lat' dir='ltr'><strong>uti</strong></span> <span class='ocrx_word' id='word_1_125' title='bbox 1329 2131 1588 2193; x_wconf 87' lang='lat' dir='ltr'><strong>babetur</strong></span> <span class='ocrx_word' id='word_1_126' title='bbox 1640 2130 1739 2189; x_wconf 76' lang='lat' dir='ltr'><strong>tib.</strong></span> <span class='ocrx_word' id='word_1_127' title='bbox 1785 2132 1886 2190; x_wconf 86' lang='grc'><strong>40.</strong></span> <span class='ocrx_word' id='word_1_128' title='bbox 1917 2134 2242 2210; x_wconf 69' lang='lat' dir='ltr'><strong>paq.=567.</strong></span> <span class='ocrx_word' id='word_1_129' title='bbox 2277 2138 2332 2190; x_wconf 68' lang='lat' dir='ltr'><strong>et</strong></span> 
     </span>
     <span class='ocr_line' id='line_1_19' title="bbox 779 2221 2325 2312; baseline -0.007 -18"><span class='ocrx_word' id='word_1_130' title='bbox 779 2231 881 2294; x_wconf 73' lang='lat' dir='ltr'><strong>lib.</strong></span> <span class='ocrx_word' id='word_1_131' title='bbox 907 2234 1008 2292; x_wconf 91' lang='grc'><strong>49.</strong></span> <span class='ocrx_word' id='word_1_132' title='bbox 1036 2230 1343 2310; x_wconf 53' lang='lat' dir='ltr'><strong>paq-231?-</strong></span> <span class='ocrx_word' id='word_1_133' title='bbox 1379 2234 1440 2288; x_wconf 90' lang='lat' dir='ltr'><strong>et</strong></span> <span class='ocrx_word' id='word_1_134' title='bbox 1467 2224 1530 2286; x_wconf 91' lang='lat' dir='ltr'><strong>in</strong></span> <span class='ocrx_word' id='word_1_135' title='bbox 1552 2221 2029 2312; x_wconf 85' lang='lat' dir='ltr'><strong>quadamCausa</strong></span> <span class='ocrx_word' id='word_1_136' title='bbox 2057 2221 2325 2286; x_wconf 86' lang='lat' dir='ltr'><strong>Lairien.</strong></span> 
     </span>
     <span class='ocr_line' id='line_1_20' title="bbox 776 2314 2329 2404; baseline -0.006 -19"><span class='ocrx_word' id='word_1_137' title='bbox 776 2321 843 2385; x_wconf 86' lang='lat' dir='ltr'><strong>in</strong></span> <span class='ocrx_word' id='word_1_138' title='bbox 894 2342 1016 2404; x_wconf 85' lang='lat' dir='ltr'><strong>qua</strong></span> <span class='ocrx_word' id='word_1_139' title='bbox 1062 2322 1222 2394; x_wconf 84' lang='lat' dir='ltr'><strong>ultra</strong></span> <span class='ocrx_word' id='word_1_140' title='bbox 1266 2318 1642 2392; x_wconf 82' lang='lat' dir='ltr'><strong>vacationem</strong></span> <span class='ocrx_word' id='word_1_141' title='bbox 1687 2314 2047 2398; x_wconf 72' lang='lat' dir='ltr'><strong>octuaginta</strong></span> <span class='ocrx_word' id='word_1_142' title='bbox 2087 2315 2329 2394; x_wconf 86' lang='lat' dir='ltr'><strong>dierum</strong></span> 
     </span>
     <span class='ocr_line' id='line_1_21' title="bbox 775 2408 2333 2508; baseline -0.008 -27"><span class='ocrx_word' id='word_1_143' title='bbox 775 2418 1071 2508; x_wconf 84' lang='lat' dir='ltr'><strong>Capitnlo</strong></span> <span class='ocrx_word' id='word_1_144' title='bbox 1095 2417 1396 2480; x_wconf 87' lang='lat' dir='ltr'><strong>indultam</strong></span> <span class='ocrx_word' id='word_1_145' title='bbox 1425 2431 1587 2475; x_wconf 86' lang='lat' dir='ltr'><strong>anno</strong></span> <span class='ocrx_word' id='word_1_146' title='bbox 1624 2415 1799 2473; x_wconf 80' lang='grc'><strong>1559.</strong></span> <span class='ocrx_word' id='word_1_147' title='bbox 1832 2428 1870 2471; x_wconf 87' lang='lat' dir='ltr'><strong>a</strong></span> <span class='ocrx_word' id='word_1_148' title='bbox 1918 2408 2148 2472; x_wconf 84' lang='lat' dir='ltr'><strong>Nuntio</strong></span> <span class='ocrx_word' id='word_1_149' title='bbox 2174 2410 2333 2490; x_wconf 79' lang='lat' dir='ltr'><strong>Apo-</strong></span> 
     </span>
     <span class='ocr_line' id='line_1_22' title="bbox 774 2504 2331 2590; baseline -0.005 -16"><span class='ocrx_word' id='word_1_150' title='bbox 774 2511 1007 2587; x_wconf 84' lang='lat' dir='ltr'><strong>stolico,</strong></span> <span class='ocrx_word' id='word_1_151' title='bbox 1029 2509 1314 2574; x_wconf 80' lang='lat' dir='ltr'><strong>Canonici</strong></span> <span class='ocrx_word' id='word_1_152' title='bbox 1339 2506 1814 2590; x_wconf 71' lang='lat' dir='ltr'><strong>praetendebant</strong></span> <span class='ocrx_word' id='word_1_153' title='bbox 1835 2504 2087 2567; x_wconf 77' lang='lat' dir='ltr'><strong>alternis</strong></span> <span class='ocrx_word' id='word_1_154' title='bbox 2106 2504 2331 2567; x_wconf 88' lang='lat' dir='ltr'><strong>bebdo-</strong></span> 
     </span>
     <span class='ocr_line' id='line_1_23' title="bbox 776 2591 2334 2684; baseline -0.004 -13"><span class='ocrx_word' id='word_1_155' title='bbox 776 2607 972 2671; x_wconf 86' lang='lat' dir='ltr'><strong>madia</strong></span> <span class='ocrx_word' id='word_1_156' title='bbox 997 2591 1309 2671; x_wconf 77' lang='lat' dir='ltr'><strong>vacatione</strong></span> <span class='ocrx_word' id='word_1_157' title='bbox 1336 2603 1459 2667; x_wconf 74' lang='lat' dir='ltr'><strong>frui</strong></span> <span class='ocrx_word' id='word_1_158' title='bbox 1487 2619 1598 2684; x_wconf 88' lang='lat' dir='ltr'><strong>pro</strong></span> <span class='ocrx_word' id='word_1_159' title='bbox 1629 2600 1904 2666; x_wconf 86' lang='lat' dir='ltr'><strong>tonsione</strong></span> <span class='ocrx_word' id='word_1_160' title='bbox 1940 2602 2210 2676; x_wconf 83' lang='lat' dir='ltr'><strong>barbae,</strong></span> <span class='ocrx_word' id='word_1_161' title='bbox 2268 2606 2334 2664; x_wconf 86' lang='lat' dir='ltr'><strong>et</strong></span> 
     </span>
     <span class='ocr_line' id='line_1_24' title="bbox 780 2693 2332 2783; baseline -0.006 -18"><span class='ocrx_word' id='word_1_162' title='bbox 780 2721 893 2783; x_wconf 88' lang='lat' dir='ltr'><strong>pro</strong></span> <span class='ocrx_word' id='word_1_163' title='bbox 925 2699 1292 2764; x_wconf 70' lang='lat' dir='ltr'><strong>recreatione</strong></span> <span class='ocrx_word' id='word_1_164' title='bbox 1334 2696 1645 2779; x_wconf 85' lang='lat' dir='ltr'><strong>corporis,</strong></span> <span class='ocrx_word' id='word_1_165' title='bbox 1695 2696 1877 2760; x_wconf 86' lang='lat' dir='ltr'><strong>Sacra</strong></span> <span class='ocrx_word' id='word_1_166' title='bbox 1931 2693 2332 2779; x_wconf 77' lang='lat' dir='ltr'><strong>Congregatio</strong></span> 
     </span>
     <span class='ocr_line' id='line_1_25' title="bbox 780 2793 2321 2871; baseline -0.005 -13"><span class='ocrx_word' id='word_1_167' title='bbox 780 2798 885 2858; x_wconf 77' lang='lat' dir='ltr'><strong>dic</strong></span> <span class='ocrx_word' id='word_1_168' title='bbox 895 2799 995 2858; x_wconf 89' lang='grc'><strong>94.</strong></span> <span class='ocrx_word' id='word_1_169' title='bbox 1026 2795 1311 2870; x_wconf 68' lang='lat' dir='ltr'><strong>Ianuarii</strong></span> <span class='ocrx_word' id='word_1_170' title='bbox 1354 2798 1532 2855; x_wconf 79' lang='lat'><strong>1705.</strong></span> <span class='ocrx_word' id='word_1_171' title='bbox 1568 2793 1669 2853; x_wconf 80' lang='lat' dir='ltr'><strong>lib.</strong></span> <span class='ocrx_word' id='word_1_172' title='bbox 1699 2797 1797 2853; x_wconf 85' lang='lat'><strong>55.</strong></span> <span class='ocrx_word' id='word_1_173' title='bbox 1833 2793 2034 2853; x_wconf 73' lang='lat' dir='ltr'><strong>decret.</strong></span> <span class='ocrx_word' id='word_1_174' title='bbox 2057 2810 2193 2871; x_wconf 77' lang='lat' dir='ltr'><strong>paq.</strong></span> <span class='ocrx_word' id='word_1_175' title='bbox 2219 2795 2321 2852; x_wconf 80' lang='grc'><strong>93.</strong></span> 
     </span>
     <span class='ocr_line' id='line_1_26' title="bbox 774 2858 2324 2975; baseline -0.002 -22.992"><span class='ocrx_word' id='word_1_176' title='bbox 774 2887 1073 2961; x_wconf 89' lang='lat' dir='ltr'><strong>indulsit,</strong></span> <span class='ocrx_word' id='word_1_177' title='bbox 1103 2898 1173 2951; x_wconf 91' lang='lat' dir='ltr'><strong>ut</strong></span> <span class='ocrx_word' id='word_1_178' title='bbox 1191 2885 1447 2975; x_wconf 76' lang='lat' dir='ltr'><strong>sublatis</strong></span> <span class='ocrx_word' id='word_1_179' title='bbox 1464 2858 1950 2970; x_wconf 83' lang='lat' dir='ltr'><strong>quibuscumque</strong></span> <span class='ocrx_word' id='word_1_180' title='bbox 1975 2885 2116 2948; x_wconf 88' lang='lat' dir='ltr'><strong>aliis</strong></span> <span class='ocrx_word' id='word_1_181' title='bbox 2141 2904 2324 2956; x_wconf 78' lang='lat' dir='ltr'><strong>vaca·</strong></span> 
     </span>
     <span class='ocr_line' id='line_1_27' title="bbox 781 2964 2334 3066; baseline -0.001 -20"><span class='ocrx_word' id='word_1_182' title='bbox 781 2984 1049 3047; x_wconf 81' lang='lat' dir='ltr'><strong>tionibus</strong></span> <span class='ocrx_word' id='word_1_183' title='bbox 1076 2964 1422 3066; x_wconf 75' lang='lat' dir='ltr'><strong>Capitulum</strong></span> <span class='ocrx_word' id='word_1_184' title='bbox 1464 3001 1541 3046; x_wconf 85' lang='lat' dir='ltr'><strong>ex</strong></span> <span class='ocrx_word' id='word_1_185' title='bbox 1573 2981 1770 3063; x_wconf 76' lang='lat' dir='ltr'><strong>gratia</strong></span> <span class='ocrx_word' id='word_1_186' title='bbox 1809 2981 1932 3046; x_wconf 84' lang='lat' dir='ltr'><strong>frui</strong></span> <span class='ocrx_word' id='word_1_187' title='bbox 1963 2980 2193 3045; x_wconf 75' lang='lat' dir='ltr'><strong>valeret</strong></span> <span class='ocrx_word' id='word_1_188' title='bbox 2226 2988 2334 3045; x_wconf 63' lang='lat' dir='ltr'><strong>ira·</strong></span> 
     </span>
     <span class='ocr_line' id='line_1_28' title="bbox 778 3064 2148 3161; baseline -0.004 -17"><span class='ocrx_word' id='word_1_189' title='bbox 778 3080 1015 3144; x_wconf 85' lang='lat' dir='ltr'><strong>catione</strong></span> <span class='ocrx_word' id='word_1_190' title='bbox 1040 3067 1225 3142; x_wconf 86' lang='lat' dir='ltr'><strong>trium</strong></span> <span class='ocrx_word' id='word_1_191' title='bbox 1259 3077 1557 3161; x_wconf 75' lang='lat' dir='ltr'><strong>mensium</strong></span> <span class='ocrx_word' id='word_1_192' title='bbox 1576 3064 1871 3160; x_wconf 80' lang='lat' dir='ltr'><strong>quolibet</strong></span> <span class='ocrx_word' id='word_1_193' title='bbox 1877 3095 2081 3139; x_wconf 84' lang='lat' dir='ltr'><strong>anno.</strong></span> <span class='ocrx_word' id='word_1_194' title='bbox 2144 3119 2148 3130; x_wconf 81' lang='lat'>·</span> 
     </span>
    </p>

    <p class='ocr_par' dir='ltr' id='par_1_4' title="bbox 901 3171 1873 3256">
     <span class='ocr_line' id='line_1_29' title="bbox 901 3171 1873 3256; baseline -0.004 -17"><span class='ocrx_word' id='word_1_195' title='bbox 901 3176 1017 3239; x_wconf 86' lang='lat' dir='ltr'><strong>His</strong></span> <span class='ocrx_word' id='word_1_196' title='bbox 1046 3176 1389 3248; x_wconf 86' lang='lat' dir='ltr'><strong>stantibus,</strong></span> <span class='ocrx_word' id='word_1_197' title='bbox 1419 3171 1760 3256; x_wconf 85' lang='lat' dir='ltr'><strong>quaeritur.</strong></span> <span class='ocrx_word' id='word_1_198' title='bbox 1870 3194 1873 3197; x_wconf 65' lang='grc'>’</span> 
     </span>
    </p>

    <p class='ocr_par' dir='ltr' id='par_1_5' title="bbox 900 3264 2337 3351">
     <span class='ocr_line' id='line_1_30' title="bbox 900 3264 2337 3351; baseline -0.003 -21"><span class='ocrx_word' id='word_1_199' title='bbox 900 3269 1047 3342; x_wconf 70' lang='lat' dir='ltr'><strong>Aa,</strong></span> <span class='ocrx_word' id='word_1_200' title='bbox 1069 3282 1122 3332; x_wconf 79' lang='lat' dir='ltr'><strong>ct</strong></span> <span class='ocrx_word' id='word_1_201' title='bbox 1146 3269 1418 3349; x_wconf 74' lang='lat' dir='ltr'><strong>quomodo</strong></span> <span class='ocrx_word' id='word_1_202' title='bbox 1443 3269 1706 3351; x_wconf 69' lang='lat' dir='ltr'><strong>petitioni</strong></span> <span class='ocrx_word' id='word_1_203' title='bbox 1738 3269 1813 3328; x_wconf 78' lang='lat' dir='ltr'><strong>sit</strong></span> <span class='ocrx_word' id='word_1_204' title='bbox 1856 3264 2225 3328; x_wconf 69' lang='lat' dir='ltr'><strong>numadum</strong></span> <span class='ocrx_word' id='word_1_205' title='bbox 2271 3268 2337 3326; x_wconf 77' lang='grc' dir='ltr'><strong>ιἰι</strong></span> 
     </span>
    </p>
   </div>
   <div class='ocr_carea' id='block_1_4' title="bbox 779 3376 1249 3429">
    <p class='ocr_par' dir='ltr' id='par_1_6' title="bbox 779 3376 1249 3429">
     <span class='ocr_line' id='line_1_31' title="bbox 779 3376 1249 3429; baseline -0.004 0"><span class='ocrx_word' id='word_1_206' title='bbox 779 3376 1249 3429; x_wconf 57' lang='grc' dir='ltr'><strong>θαίϋθω.««</strong></span> 
     </span>
    </p>
   </div>
   <div class='ocr_carea' id='block_1_5' title="bbox 2430 806 3999 2970">
    <p class='ocr_par' dir='ltr' id='par_1_7' title="bbox 2430 806 3988 889">
     <span class='ocr_line' id='line_1_32' title="bbox 2430 806 3988 889; baseline 0 -18"><span class='ocrx_word' id='word_1_207' title='bbox 2430 807 2841 884; x_wconf 88' lang='lat' dir='ltr'><strong>calamitates,</strong></span> <span class='ocrx_word' id='word_1_208' title='bbox 2870 816 2931 872; x_wconf 91' lang='lat' dir='ltr'><strong>et</strong></span> <span class='ocrx_word' id='word_1_209' title='bbox 2962 806 3040 870; x_wconf 89' lang='lat' dir='ltr'><strong>ad</strong></span> <span class='ocrx_word' id='word_1_210' title='bbox 3070 807 3405 889; x_wconf 88' lang='lat' dir='ltr'><strong>reparanda</strong></span> <span class='ocrx_word' id='word_1_211' title='bbox 3434 806 3783 889; x_wconf 83' lang='lat' dir='ltr'><strong>hujusmodi</strong></span> <span class='ocrx_word' id='word_1_212' title='bbox 3810 808 3988 873; x_wconf 87' lang='lat' dir='ltr'><strong>dam·</strong></span> 
     </span>
    </p>

    <p class='ocr_par' dir='ltr' id='par_1_8' title="bbox 2433 897 3995 2004">
     <span class='ocr_line' id='line_1_33' title="bbox 2435 897 3994 985; baseline 0.001 -20"><span class='ocrx_word' id='word_1_213' title='bbox 2435 920 2518 965; x_wconf 87' lang='lat' dir='ltr'><strong>na</strong></span> <span class='ocrx_word' id='word_1_214' title='bbox 2546 897 2948 985; x_wconf 71' lang='lat' dir='ltr'><strong>supplicatum</strong></span> <span class='ocrx_word' id='word_1_215' title='bbox 2980 899 3166 964; x_wconf 87' lang='lat' dir='ltr'><strong>fuerit</strong></span> <span class='ocrx_word' id='word_1_216' title='bbox 3184 899 3571 963; x_wconf 81' lang='lat' dir='ltr'><strong>Sanctissimo</strong></span> <span class='ocrx_word' id='word_1_217' title='bbox 3597 901 3858 965; x_wconf 83' lang='lat' dir='ltr'><strong>Domino</strong></span> <span class='ocrx_word' id='word_1_218' title='bbox 3876 903 3994 966; x_wconf 81' lang='lat' dir='ltr'><strong>No-</strong></span> 
     </span>
     <span class='ocr_line' id='line_1_34' title="bbox 2433 995 3991 1080; baseline 0.004 -22"><span class='ocrx_word' id='word_1_219' title='bbox 2433 1002 2560 1059; x_wconf 86' lang='lat' dir='ltr'><strong>stro</strong></span> <span class='ocrx_word' id='word_1_220' title='bbox 2578 1018 2690 1080; x_wconf 90' lang='lat' dir='ltr'><strong>pro</strong></span> <span class='ocrx_word' id='word_1_221' title='bbox 2712 998 2940 1061; x_wconf 89' lang='lat' dir='ltr'><strong>unione</strong></span> <span class='ocrx_word' id='word_1_222' title='bbox 2958 996 3219 1060; x_wconf 86' lang='lat' dir='ltr'><strong>duarum</strong></span> <span class='ocrx_word' id='word_1_223' title='bbox 3245 995 3652 1059; x_wconf 74' lang='lat' dir='ltr'><strong>Ecclesiarum‘</strong></span> <span class='ocrx_word' id='word_1_224' title='bbox 3675 997 3991 1064; x_wconf 78' lang='lat' dir='ltr'><strong>Parochia·</strong></span> 
     </span>
     <span class='ocr_line' id='line_1_35' title="bbox 2438 1089 3992 1184; baseline 0.004 -30"><span class='ocrx_word' id='word_1_225' title='bbox 2438 1091 2590 1155; x_wconf 89' lang='lat' dir='ltr'><strong>lium</strong></span> <span class='ocrx_word' id='word_1_226' title='bbox 2627 1093 2822 1156; x_wconf 89' lang='lat' dir='ltr'><strong>eidem</strong></span> <span class='ocrx_word' id='word_1_227' title='bbox 2861 1090 3128 1184; x_wconf 72' lang='lat' dir='ltr'><strong>Collegio</strong></span> <span class='ocrx_word' id='word_1_228' title='bbox 3153 1089 3428 1153; x_wconf 82' lang='lat' dir='ltr'><strong>facienda</strong></span> <span class='ocrx_word' id='word_1_229' title='bbox 3454 1135 3473 1164; x_wconf 95' lang='lat'><strong>,</strong></span> <span class='ocrx_word' id='word_1_230' title='bbox 3504 1109 3766 1173; x_wconf 82' lang='lat' dir='ltr'><strong>quorum</strong></span> <span class='ocrx_word' id='word_1_231' title='bbox 3797 1093 3992 1160; x_wconf 85' lang='lat' dir='ltr'><strong>altera</strong></span> 
     </span>
     <span class='ocr_line' id='line_1_36' title="bbox 2435 1183 3989 1267; baseline 0.003 -19"><span class='ocrx_word' id='word_1_232' title='bbox 2435 1186 2551 1250; x_wconf 86' lang='lat' dir='ltr'><strong>sita</strong></span> <span class='ocrx_word' id='word_1_233' title='bbox 2597 1195 2686 1250; x_wconf 88' lang='lat' dir='ltr'><strong>est</strong></span> <span class='ocrx_word' id='word_1_234' title='bbox 2723 1186 2789 1248; x_wconf 89' lang='lat' dir='ltr'><strong>in</strong></span> <span class='ocrx_word' id='word_1_235' title='bbox 2822 1185 3088 1249; x_wconf 88' lang='lat' dir='ltr'><strong>Dioecesi</strong></span> <span class='ocrx_word' id='word_1_236' title='bbox 3137 1183 3492 1267; x_wconf 75' lang='lat' dir='ltr'><strong>Legionensi</strong></span> <span class='ocrx_word' id='word_1_237' title='bbox 3519 1230 3538 1257; x_wconf 92' lang='lat'><strong>,</strong></span> <span class='ocrx_word' id='word_1_238' title='bbox 3588 1195 3650 1247; x_wconf 87' lang='lat' dir='ltr'><strong>et</strong></span> <span class='ocrx_word' id='word_1_239' title='bbox 3690 1186 3882 1252; x_wconf 87' lang='lat' dir='ltr'><strong>altera</strong></span> <span class='ocrx_word' id='word_1_240' title='bbox 3920 1188 3989 1253; x_wconf 90' lang='lat' dir='ltr'><strong>in</strong></span> 
     </span>
     <span class='ocr_line' id='line_1_37' title="bbox 2435 1280 3989 1353; baseline 0.002 -8"><span class='ocrx_word' id='word_1_241' title='bbox 2435 1281 2703 1346; x_wconf 87' lang='lat' dir='ltr'><strong>Dioeccsi</strong></span> <span class='ocrx_word' id='word_1_242' title='bbox 2726 1280 3108 1353; x_wconf 79' lang='lat' dir='ltr'><strong>Astoricensi,</strong></span> <span class='ocrx_word' id='word_1_243' title='bbox 3132 1285 3252 1343; x_wconf 86' lang='lat' dir='ltr'><strong>eta</strong></span> <span class='ocrx_word' id='word_1_244' title='bbox 3272 1280 3601 1342; x_wconf 73' lang='lat' dir='ltr'><strong>Sanctitate</strong></span> <span class='ocrx_word' id='word_1_245' title='bbox 3616 1299 3728 1350; x_wconf 79' lang='lat' dir='ltr'><strong>sua</strong></span> <span class='ocrx_word' id='word_1_246' title='bbox 3755 1282 3989 1349; x_wconf 83' lang='lat' dir='ltr'><strong>fuerint</strong></span> 
     </span>
     <span class='ocr_line' id='line_1_38' title="bbox 2437 1374 3990 1459; baseline 0.001 -19"><span class='ocrx_word' id='word_1_247' title='bbox 2437 1396 2640 1459; x_wconf 82' lang='lat' dir='ltr'><strong>preces</strong></span> <span class='ocrx_word' id='word_1_248' title='bbox 2668 1376 2951 1440; x_wconf 86' lang='lat' dir='ltr'><strong>remissae</strong></span> <span class='ocrx_word' id='word_1_249' title='bbox 2968 1374 3227 1439; x_wconf 78' lang='lat' dir='ltr'><strong>adbanc</strong></span> <span class='ocrx_word' id='word_1_250' title='bbox 3258 1376 3392 1438; x_wconf 79' lang='lat' dir='ltr'><strong>Sac.</strong></span> <span class='ocrx_word' id='word_1_251' title='bbox 3442 1375 3796 1458; x_wconf 75' lang='lat' dir='ltr'><strong>congregat.</strong></span> <span class='ocrx_word' id='word_1_252' title='bbox 3839 1377 3990 1444; x_wconf 89' lang='lat' dir='ltr'><strong>bina</strong></span> 
     </span>
     <span class='ocr_line' id='line_1_39' title="bbox 2436 1469 3986 1552; baseline 0.002 -20"><span class='ocrx_word' id='word_1_253' title='bbox 2436 1470 2501 1533; x_wconf 90' lang='lat' dir='ltr'><strong>in</strong></span> <span class='ocrx_word' id='word_1_254' title='bbox 2527 1470 2826 1552; x_wconf 79' lang='lat' dir='ltr'><strong>praesenti</strong></span> <span class='ocrx_word' id='word_1_255' title='bbox 2850 1469 3265 1534; x_wconf 70' lang='lat' dir='ltr'><strong>examinanda</strong></span> <span class='ocrx_word' id='word_1_256' title='bbox 3291 1469 3482 1532; x_wconf 85' lang='lat' dir='ltr'><strong>dubia</strong></span> <span class='ocrx_word' id='word_1_257' title='bbox 3512 1479 3940 1552; x_wconf 89' lang='lat' dir='ltr'><strong>proponuntur</strong></span> <span class='ocrx_word' id='word_1_258' title='bbox 3964 1520 3986 1549; x_wconf 93' lang='lat'><strong>,</strong></span> 
     </span>
     <span class='ocr_line' id='line_1_40' title="bbox 2436 1560 3987 1647; baseline 0.001 -20"><span class='ocrx_word' id='word_1_259' title='bbox 2436 1575 2700 1647; x_wconf 87' lang='lat' dir='ltr'><strong>quornm</strong></span> <span class='ocrx_word' id='word_1_260' title='bbox 2726 1564 2986 1627; x_wconf 91' lang='lat' dir='ltr'><strong>alterum</strong></span> <span class='ocrx_word' id='word_1_261' title='bbox 3010 1560 3272 1645; x_wconf 85' lang='lat' dir='ltr'><strong>pertinet</strong></span> <span class='ocrx_word' id='word_1_262' title='bbox 3300 1563 3384 1626; x_wconf 79' lang='lat' dir='ltr'><strong>ad</strong></span> <span class='ocrx_word' id='word_1_263' title='bbox 3400 1569 3693 1644; x_wconf 88' lang='lat' dir='ltr'><strong>punctum</strong></span> <span class='ocrx_word' id='word_1_264' title='bbox 3721 1566 3987 1642; x_wconf 80' lang='lat' dir='ltr'><strong>unionis,</strong></span> 
     </span>
     <span class='ocr_line' id='line_1_41' title="bbox 2437 1649 3988 1739; baseline 0.002 -18"><span class='ocrx_word' id='word_1_265' title='bbox 2437 1666 2499 1721; x_wconf 92' lang='lat' dir='ltr'><strong>et</strong></span> <span class='ocrx_word' id='word_1_266' title='bbox 2526 1658 2786 1721; x_wconf 86' lang='lat' dir='ltr'><strong>alterum</strong></span> <span class='ocrx_word' id='word_1_267' title='bbox 2831 1665 3059 1739; x_wconf 87' lang='lat' dir='ltr'><strong>spectat</strong></span> <span class='ocrx_word' id='word_1_268' title='bbox 3093 1658 3170 1721; x_wconf 88' lang='lat' dir='ltr'><strong>ad</strong></span> <span class='ocrx_word' id='word_1_269' title='bbox 3201 1656 3559 1739; x_wconf 74' lang='lat' dir='ltr'><strong>qualitatem</strong></span> <span class='ocrx_word' id='word_1_270' title='bbox 3598 1649 3988 1724; x_wconf 87' lang='lat' dir='ltr'><strong>Vicariorum</strong></span> 
     </span>
     <span class='ocr_line' id='line_1_42' title="bbox 2436 1751 3995 1834; baseline 0.003 -20"><span class='ocrx_word' id='word_1_271' title='bbox 2436 1751 2501 1814; x_wconf 91' lang='lat' dir='ltr'><strong>in</strong></span> <span class='ocrx_word' id='word_1_272' title='bbox 2531 1752 2705 1815; x_wconf 86' lang='lat' dir='ltr'><strong>dictis</strong></span> <span class='ocrx_word' id='word_1_273' title='bbox 2729 1751 3009 1816; x_wconf 80' lang='lat' dir='ltr'><strong>Ecclesiis</strong></span> <span class='ocrx_word' id='word_1_274' title='bbox 3037 1751 3496 1834; x_wconf 76' lang='lat' dir='ltr'><strong>Barocbialibus</strong></span> <span class='ocrx_word' id='word_1_275' title='bbox 3542 1754 3995 1819; x_wconf 83' lang='lat' dir='ltr'><strong>constituendo-</strong></span> 
     </span>
     <span class='ocr_line' id='line_1_43' title="bbox 2437 1831 3991 1974; baseline 0.004 -66"><span class='ocrx_word' id='word_1_276' title='bbox 2437 1865 2622 1920; x_wconf 87' lang='lat' dir='ltr'><strong>rum,</strong></span> <span class='ocrx_word' id='word_1_277' title='bbox 2651 1865 2734 1907; x_wconf 84' lang='lat' dir='ltr'><strong>an</strong></span> <span class='ocrx_word' id='word_1_278' title='bbox 2754 1846 3032 1910; x_wconf 81' lang='lat' dir='ltr'><strong>videlicet</strong></span> <span class='ocrx_word' id='word_1_279' title='bbox 3062 1831 3323 1910; x_wconf 82' lang='lat' dir='ltr'><strong>debeant</strong></span> <span class='ocrx_word' id='word_1_280' title='bbox 3364 1857 3492 1909; x_wconf 81' lang='lat' dir='ltr'><strong>esse</strong></span> <span class='ocrx_word' id='word_1_281' title='bbox 3520 1848 3840 1974; x_wconf 79' lang='lat' dir='ltr'><strong>perpetui,</strong></span> <span class='ocrx_word' id='word_1_282' title='bbox 3894 1849 3991 1914; x_wconf 82' lang='lat' dir='ltr'><strong>vel</strong></span> 
     </span>
     <span class='ocr_line' id='line_1_44' title="bbox 2438 1939 3197 2004; baseline -0.001 0"><span class='ocrx_word' id='word_1_283' title='bbox 2438 1941 2528 2004; x_wconf 91' lang='lat' dir='ltr'><strong>ad</strong></span> <span class='ocrx_word' id='word_1_284' title='bbox 2549 1950 2767 2003; x_wconf 90' lang='lat' dir='ltr'><strong>nutum</strong></span> <span class='ocrx_word' id='word_1_285' title='bbox 2792 1939 3197 2004; x_wconf 72' lang='lat' dir='ltr'><strong>amoribiles.</strong></span> 
     </span>
    </p>

    <p class='ocr_par' dir='ltr' id='par_1_9' title="bbox 2436 2032 3999 2970">
     <span class='ocr_line' id='line_1_45' title="bbox 2537 2032 3998 2119; baseline 0.001 -21.031"><span class='ocrx_word' id='word_1_286' title='bbox 2537 2036 2827 2116; x_wconf 81' lang='lat' dir='ltr'><strong>Utraque</strong></span> <span class='ocrx_word' id='word_1_287' title='bbox 2847 2055 2926 2098; x_wconf 81' lang='lat' dir='ltr'><strong>ex</strong></span> <span class='ocrx_word' id='word_1_288' title='bbox 2943 2033 3129 2098; x_wconf 70' lang='lat' dir='ltr'><strong>dictis</strong></span> <span class='ocrx_word' id='word_1_289' title='bbox 3156 2032 3615 2098; x_wconf 83' lang='lat' dir='ltr'><strong>Parocbialibus</strong></span> <span class='ocrx_word' id='word_1_290' title='bbox 3635 2044 3727 2100; x_wconf 87' lang='lat' dir='ltr'><strong>est</strong></span> <span class='ocrx_word' id='word_1_291' title='bbox 3743 2035 3820 2100; x_wconf 89' lang='lat' dir='ltr'><strong>de</strong></span> <span class='ocrx_word' id='word_1_292' title='bbox 3850 2039 3998 2119; x_wconf 85' lang='lat' dir='ltr'><strong>jure</strong></span> 
     </span>
     <span class='ocr_line' id='line_1_46' title="bbox 2438 2087 3996 2203; baseline 0.002 -10"><span class='ocrx_word' id='word_1_293' title='bbox 2438 2087 2799 2195; x_wconf 67' lang='lat' dir='ltr'><strong>patronatus</strong></span> <span class='ocrx_word' id='word_1_294' title='bbox 2821 2129 3139 2193; x_wconf 69' lang='lat' dir='ltr'><strong>Baicorum</strong></span> <span class='ocrx_word' id='word_1_295' title='bbox 3160 2147 3236 2192; x_wconf 80' lang='lat' dir='ltr'><strong>ex</strong></span> <span class='ocrx_word' id='word_1_296' title='bbox 3259 2128 3636 2203; x_wconf 83' lang='lat' dir='ltr'><strong>fundatione,</strong></span> <span class='ocrx_word' id='word_1_297' title='bbox 3658 2138 3719 2198; x_wconf 84' lang='lat' dir='ltr'><strong>et</strong></span> <span class='ocrx_word' id='word_1_298' title='bbox 3741 2131 3996 2196; x_wconf 88' lang='lat' dir='ltr'><strong>dotatio·</strong></span> 
     </span>
     <span class='ocr_line' id='line_1_47' title="bbox 2437 2215 3999 2307; baseline 0.003 -21"><span class='ocrx_word' id='word_1_299' title='bbox 2437 2215 2562 2296; x_wconf 85' lang='lat' dir='ltr'><strong>ne</strong></span> <span class='ocrx_word' id='word_1_300' title='bbox 2582 2231 2644 2286; x_wconf 90' lang='lat' dir='ltr'><strong>et</strong></span> <span class='ocrx_word' id='word_1_301' title='bbox 2661 2224 3069 2286; x_wconf 84' lang='lat' dir='ltr'><strong>-l’atronorum</strong></span> <span class='ocrx_word' id='word_1_302' title='bbox 3095 2221 3216 2284; x_wconf 80' lang='lat' dir='ltr'><strong>non</strong></span> <span class='ocrx_word' id='word_1_303' title='bbox 3247 2221 3410 2285; x_wconf 82' lang='lat' dir='ltr'><strong>deest</strong></span> <span class='ocrx_word' id='word_1_304' title='bbox 3435 2240 3733 2296; x_wconf 85' lang='lat' dir='ltr'><strong>assensus,</strong></span> <span class='ocrx_word' id='word_1_305' title='bbox 3762 2233 3823 2287; x_wconf 90' lang='lat' dir='ltr'><strong>et</strong></span> <span class='ocrx_word' id='word_1_306' title='bbox 3847 2226 3999 2307; x_wconf 86' lang='lat' dir='ltr'><strong>quia</strong></span> 
     </span>
     <span class='ocr_line' id='line_1_48' title="bbox 2438 2311 3996 2400; baseline 0.004 -22"><span class='ocrx_word' id='word_1_307' title='bbox 2438 2316 2577 2392; x_wconf 85' lang='lat' dir='ltr'><strong>illa,</strong></span> <span class='ocrx_word' id='word_1_308' title='bbox 2614 2336 2774 2399; x_wconf 85' lang='lat' dir='ltr'><strong>quae</strong></span> <span class='ocrx_word' id='word_1_309' title='bbox 2815 2311 2929 2380; x_wconf 88' lang='lat' dir='ltr'><strong>sita</strong></span> <span class='ocrx_word' id='word_1_310' title='bbox 2971 2324 3074 2379; x_wconf 82' lang='lat' dir='ltr'><strong>est</strong></span> <span class='ocrx_word' id='word_1_311' title='bbox 3089 2317 3155 2379; x_wconf 88' lang='lat' dir='ltr'><strong>in</strong></span> <span class='ocrx_word' id='word_1_312' title='bbox 3184 2317 3451 2379; x_wconf 83' lang='lat' dir='ltr'><strong>Dioecesi</strong></span> <span class='ocrx_word' id='word_1_313' title='bbox 3498 2318 3853 2400; x_wconf 82' lang='lat' dir='ltr'><strong>Legionensi</strong></span> <span class='ocrx_word' id='word_1_314' title='bbox 3905 2330 3996 2385; x_wconf 88' lang='lat' dir='ltr'><strong>est</strong></span> 
     </span>
     <span class='ocr_line' id='line_1_49' title="bbox 2439 2411 3997 2498; baseline 0.003 -23"><span class='ocrx_word' id='word_1_315' title='bbox 2439 2425 2687 2486; x_wconf 77' lang='lat' dir='ltr'><strong>vacans,-</strong></span> <span class='ocrx_word' id='word_1_316' title='bbox 2681 2421 2758 2473; x_wconf 85' lang='lat' dir='ltr'><strong>et</strong></span> <span class='ocrx_word' id='word_1_317' title='bbox 2782 2412 2970 2475; x_wconf 83' lang='lat' dir='ltr'><strong>altera</strong></span> <span class='ocrx_word' id='word_1_318' title='bbox 2998 2411 3293 2474; x_wconf 86' lang='lat' dir='ltr'><strong>Dioecesis</strong></span> <span class='ocrx_word' id='word_1_319' title='bbox 3313 2412 3708 2490; x_wconf 77' lang='lat' dir='ltr'><strong>Astoricensis</strong></span> <span class='ocrx_word' id='word_1_320' title='bbox 3734 2413 3809 2477; x_wconf 89' lang='lat' dir='ltr'><strong>de</strong></span> <span class='ocrx_word' id='word_1_321' title='bbox 3827 2433 3997 2498; x_wconf 86' lang='lat' dir='ltr'><strong>prae-</strong></span> 
     </span>
     <span class='ocr_line' id='line_1_50' title="bbox 2436 2495 3987 2593; baseline 0.002 -24"><span class='ocrx_word' id='word_1_322' title='bbox 2436 2507 2590 2569; x_wconf 83' lang='lat' dir='ltr'><strong>senti</strong></span> <span class='ocrx_word' id='word_1_323' title='bbox 2636 2495 2947 2569; x_wconf 86' lang='lat' dir='ltr'><strong>obtinetur</strong></span> <span class='ocrx_word' id='word_1_324' title='bbox 2973 2525 3008 2569; x_wconf 88' lang='lat' dir='ltr'><strong>a</strong></span> <span class='ocrx_word' id='word_1_325' title='bbox 3037 2505 3356 2574; x_wconf 86' lang='lat' dir='ltr'><strong>Sacerdote</strong></span> <span class='ocrx_word' id='word_1_326' title='bbox 3383 2506 3695 2588; x_wconf 81' lang='lat' dir='ltr'><strong>Alpbonso</strong></span> <span class='ocrx_word' id='word_1_327' title='bbox 3707 2509 3987 2593; x_wconf 75' lang='lat' dir='ltr'><strong>Galego,</strong></span> 
     </span>
     <span class='ocr_line' id='line_1_51' title="bbox 2437 2601 3992 2684; baseline 0.003 -19"><span class='ocrx_word' id='word_1_328' title='bbox 2437 2601 2812 2684; x_wconf 86' lang='lat' dir='ltr'><strong>supplicatur</strong></span> <span class='ocrx_word' id='word_1_329' title='bbox 2839 2602 3087 2684; x_wconf 83' lang='lat' dir='ltr'><strong>quidem</strong></span> <span class='ocrx_word' id='word_1_330' title='bbox 3116 2621 3225 2683; x_wconf 91' lang='lat' dir='ltr'><strong>pro</strong></span> <span class='ocrx_word' id='word_1_331' title='bbox 3251 2601 3571 2683; x_wconf 73' lang='lat' dir='ltr'><strong>utriusque</strong></span> <span class='ocrx_word' id='word_1_332' title='bbox 3601 2602 3852 2678; x_wconf 76' lang='lat' dir='ltr'><strong>unione3</strong></span> <span class='ocrx_word' id='word_1_333' title='bbox 3887 2605 3992 2669; x_wconf 83' lang='lat' dir='ltr'><strong>sed</strong></span> 
     </span>
     <span class='ocr_line' id='line_1_52' title="bbox 2437 2695 3990 2776; baseline 0 -16"><span class='ocrx_word' id='word_1_334' title='bbox 2437 2715 2577 2760; x_wconf 86' lang='lat' dir='ltr'><strong>cum</strong></span> <span class='ocrx_word' id='word_1_335' title='bbox 2605 2695 2988 2760; x_wconf 86' lang='lat' dir='ltr'><strong>distinctione</strong></span> <span class='ocrx_word' id='word_1_336' title='bbox 3028 2696 3187 2758; x_wconf 90' lang='lat' dir='ltr'><strong>inter</strong></span> <span class='ocrx_word' id='word_1_337' title='bbox 3211 2696 3505 2776; x_wconf 83' lang='lat' dir='ltr'><strong>primam,</strong></span> <span class='ocrx_word' id='word_1_338' title='bbox 3535 2703 3597 2758; x_wconf 90' lang='lat' dir='ltr'><strong>et</strong></span> <span class='ocrx_word' id='word_1_339' title='bbox 3615 2697 3990 2772; x_wconf 87' lang='lat' dir='ltr'><strong>secundam,</strong></span> 
     </span>
     <span class='ocr_line' id='line_1_53' title="bbox 2438 2783 3988 2874; baseline 0.001 -19"><span class='ocrx_word' id='word_1_340' title='bbox 2438 2811 2579 2856; x_wconf 89' lang='lat' dir='ltr'><strong>cum</strong></span> <span class='ocrx_word' id='word_1_341' title='bbox 2606 2792 2869 2854; x_wconf 82' lang='lat' dir='ltr'><strong>secunda</strong></span> <span class='ocrx_word' id='word_1_342' title='bbox 2885 2791 2963 2854; x_wconf 88' lang='lat' dir='ltr'><strong>sit</strong></span> <span class='ocrx_word' id='word_1_343' title='bbox 2989 2809 3167 2862; x_wconf 81' lang='lat' dir='ltr'><strong>sunm</strong></span> <span class='ocrx_word' id='word_1_344' title='bbox 3189 2783 3465 2853; x_wconf 75' lang='lat' dir='ltr'><strong>effectum</strong></span> <span class='ocrx_word' id='word_1_345' title='bbox 3493 2789 3805 2864; x_wconf 80' lang='lat' dir='ltr'><strong>habitura,</strong></span> <span class='ocrx_word' id='word_1_346' title='bbox 3832 2802 3988 2874; x_wconf 89' lang='lat' dir='ltr'><strong>post-</strong></span> 
     </span>
     <span class='ocr_line' id='line_1_54' title="bbox 2436 2883 3995 2970; baseline 0 -22"><span class='ocrx_word' id='word_1_347' title='bbox 2436 2906 2619 2970; x_wconf 83' lang='lat' dir='ltr'><strong>quam</strong></span> <span class='ocrx_word' id='word_1_348' title='bbox 2649 2905 2756 2967; x_wconf 91' lang='lat' dir='ltr'><strong>per</strong></span> <span class='ocrx_word' id='word_1_349' title='bbox 2784 2905 3050 2958; x_wconf 87' lang='lat' dir='ltr'><strong>cessum,</strong></span> <span class='ocrx_word' id='word_1_350' title='bbox 3080 2883 3174 2948; x_wconf 85' lang='lat' dir='ltr'><strong>vel</strong></span> <span class='ocrx_word' id='word_1_351' title='bbox 3203 2884 3510 2947; x_wconf 78' lang='lat' dir='ltr'><strong>decessum</strong></span> <span class='ocrx_word' id='word_1_352' title='bbox 3536 2885 3826 2966; x_wconf 81' lang='lat' dir='ltr'><strong>praedicti</strong></span> <span class='ocrx_word' id='word_1_353' title='bbox 3887 2887 3995 2948; x_wconf 82' lang='lat' dir='ltr'><strong>Al-</strong></span> 
     </span>
    </p>
   </div>
   <div class='ocr_carea' id='block_1_6' title="bbox 2327 2977 3994 3159">
    <p class='ocr_par' dir='ltr' id='par_1_10' title="bbox 2327 2977 3994 3159">
     <span class='ocr_line' id='line_1_55' title="bbox 2416 2977 3990 3065; baseline -0.003 -21"><span class='ocrx_word' id='word_1_354' title='bbox 2416 2981 2654 3065; x_wconf 69' lang='lat' dir='ltr'><strong>‚pltonsi</strong></span> <span class='ocrx_word' id='word_1_355' title='bbox 2690 2980 2980 3043; x_wconf 85' lang='lat' dir='ltr'><strong>Parochia</strong></span> <span class='ocrx_word' id='word_1_356' title='bbox 3004 2977 3399 3041; x_wconf 82' lang='lat' dir='ltr'><strong>Astoricensis</strong></span> <span class='ocrx_word' id='word_1_357' title='bbox 3421 2978 3772 3044; x_wconf 79' lang='lat' dir='ltr'><strong>vacaverit.</strong></span> <span class='ocrx_word' id='word_1_358' title='bbox 3826 2980 3990 3040; x_wconf 75' lang='lat' dir='ltr'><strong>Scri·</strong></span> 
     </span>
     <span class='ocr_line' id='line_1_56' title="bbox 2327 3069 3994 3159; baseline -0.001 -21"><span class='ocrx_word' id='word_1_359' title='bbox 2327 3135 2328 3138; x_wconf 63' lang='lat'><strong>,</strong></span> <span class='ocrx_word' id='word_1_360' title='bbox 2441 3083 2612 3159; x_wconf 89' lang='lat' dir='ltr'><strong>ptum</strong></span> <span class='ocrx_word' id='word_1_361' title='bbox 2641 3082 2946 3155; x_wconf 88' lang='lat' dir='ltr'><strong>praeterea</strong></span> <span class='ocrx_word' id='word_1_362' title='bbox 2986 3071 3103 3134; x_wconf 84' lang='lat' dir='ltr'><strong>fuit</strong></span> <span class='ocrx_word' id='word_1_363' title='bbox 3131 3090 3241 3154; x_wconf 88' lang='lat' dir='ltr'><strong>pro</strong></span> <span class='ocrx_word' id='word_1_364' title='bbox 3277 3069 3715 3135; x_wconf 80' lang='lat' dir='ltr'><strong>informatione</strong></span> <span class='ocrx_word' id='word_1_365' title='bbox 3746 3075 3994 3156; x_wconf 79' lang='lat' dir='ltr'><strong>utrique</strong></span> 
     </span>
    </p>
   </div>
   <div class='ocr_carea' id='block_1_7' title="bbox 2437 3167 4000 3442">
    <p class='ocr_par' dir='ltr' id='par_1_11' title="bbox 2437 3167 4000 3442">
     <span class='ocr_line' id='line_1_57' title="bbox 2441 3167 3992 3252; baseline -0.001 -18"><span class='ocrx_word' id='word_1_366' title='bbox 2441 3170 2771 3252; x_wconf 84' lang='lat' dir='ltr'><strong>Episcopo,</strong></span> <span class='ocrx_word' id='word_1_367' title='bbox 2819 3175 2879 3232; x_wconf 93' lang='grc'><strong>01</strong></span> <span class='ocrx_word' id='word_1_368' title='bbox 2913 3177 3171 3248; x_wconf 88' lang='lat' dir='ltr'><strong>uterque</strong></span> <span class='ocrx_word' id='word_1_369' title='bbox 3209 3167 3560 3248; x_wconf 89' lang='lat' dir='ltr'><strong>respondit,</strong></span> <span class='ocrx_word' id='word_1_370' title='bbox 3614 3169 3884 3249; x_wconf 81' lang='lat' dir='ltr'><strong>exposita</strong></span> <span class='ocrx_word' id='word_1_371' title='bbox 3926 3169 3992 3232; x_wconf 90' lang='lat' dir='ltr'><strong>in</strong></span> 
     </span>
     <span class='ocr_line' id='line_1_58' title="bbox 2437 3262 3992 3353; baseline 0 -25"><span class='ocrx_word' id='word_1_372' title='bbox 2437 3265 2597 3328; x_wconf 80' lang='lat' dir='ltr'><strong>facto</strong></span> <span class='ocrx_word' id='word_1_373' title='bbox 2635 3262 2960 3353; x_wconf 79' lang='lat' dir='ltr'><strong>subsistere</strong></span> <span class='ocrx_word' id='word_1_374' title='bbox 2983 3311 3001 3335; x_wconf 91' lang='lat'><strong>,</strong></span> <span class='ocrx_word' id='word_1_375' title='bbox 3028 3271 3089 3326; x_wconf 92' lang='lat' dir='ltr'><strong>et</strong></span> <span class='ocrx_word' id='word_1_376' title='bbox 3115 3262 3405 3325; x_wconf 80' lang='lat' dir='ltr'><strong>unionem</strong></span> <span class='ocrx_word' id='word_1_377' title='bbox 3434 3278 3743 3326; x_wconf 63' lang='lat' dir='ltr'><strong>mauram</strong></span> <span class='ocrx_word' id='word_1_378' title='bbox 3768 3283 3897 3327; x_wconf 87' lang='lat' dir='ltr'><strong>esse</strong></span> <span class='ocrx_word' id='word_1_379' title='bbox 3924 3265 3992 3328; x_wconf 92' lang='lat' dir='ltr'><strong>in</strong></span> 
     </span>
     <span class='ocr_line' id='line_1_59' title="bbox 2441 3355 4000 3442; baseline 0.002 -21"><span class='ocrx_word' id='word_1_380' title='bbox 2441 3359 2732 3442; x_wconf 81' lang='lat' dir='ltr'><strong>majorem</strong></span> <span class='ocrx_word' id='word_1_381' title='bbox 2760 3356 2870 3420; x_wconf 89' lang='lat' dir='ltr'><strong>Dei</strong></span> <span class='ocrx_word' id='word_1_382' title='bbox 2899 3356 3268 3431; x_wconf 81' lang='lat' dir='ltr'><strong>Cultum,-et</strong></span> <span class='ocrx_word' id='word_1_383' title='bbox 3306 3355 3614 3438; x_wconf 88' lang='lat' dir='ltr'><strong>publicam</strong></span> <span class='ocrx_word' id='word_1_384' title='bbox 3650 3358 4000 3424; x_wconf 85' lang='lat' dir='ltr'><strong>Juventutis</strong></span> 
     </span>
    </p>
   </div>
   <div class='ocr_carea' id='block_1_8' title="bbox 2339 3451 4001 3535">
    <p class='ocr_par' dir='ltr' id='par_1_12' title="bbox 2339 3451 4001 3535">
     <span class='ocr_line' id='line_1_60' title="bbox 2339 3451 4001 3535; baseline 0.001 -18"><span class='ocrx_word' id='word_1_385' title='bbox 2339 3468 2352 3479; x_wconf 67' lang='grc'>’</span> <span class='ocrx_word' id='word_1_386' title='bbox 2441 3452 2857 3517; x_wconf 81' lang='lat' dir='ltr'><strong>educationem</strong></span> <span class='ocrx_word' id='word_1_387' title='bbox 2884 3497 2902 3525; x_wconf 92' lang='lat'><strong>,</strong></span> <span class='ocrx_word' id='word_1_388' title='bbox 2927 3459 2988 3517; x_wconf 88' lang='grc'><strong>01</strong></span> <span class='ocrx_word' id='word_1_389' title='bbox 3014 3451 3078 3513; x_wconf 83' lang='grc'><strong>10</strong></span> <span class='ocrx_word' id='word_1_390' title='bbox 3104 3470 3180 3514; x_wconf 91' lang='grc'><strong>00</strong></span> <span class='ocrx_word' id='word_1_391' title='bbox 3200 3451 3365 3533; x_wconf 82' lang='lat' dir='ltr'><strong>quod</strong></span> <span class='ocrx_word' id='word_1_392' title='bbox 3400 3451 3616 3516; x_wconf 87' lang='lat' dir='ltr'><strong>attinet</strong></span> <span class='ocrx_word' id='word_1_393' title='bbox 3635 3453 3715 3516; x_wconf 89' lang='lat' dir='ltr'><strong>ad</strong></span> <span class='ocrx_word' id='word_1_394' title='bbox 3735 3454 4001 3535; x_wconf 89' lang='lat' dir='ltr'><strong>deputa·</strong></span> 
     </span>
    </p>
   </div>
   <div class='ocr_carea' id='block_1_9' title="bbox 758 3500 2340 3802">
    <p class='ocr_par' dir='ltr' id='par_1_13' title="bbox 758 3500 2340 3802">
     <span class='ocr_line' id='line_1_61' title="bbox 887 3500 2334 3626; baseline -0.005 -15"><span class='ocrx_word' id='word_1_395' title='bbox 887 3557 1042 3611; x_wconf 62' lang='lat' dir='ltr'><strong>sser-</strong></span> <span class='ocrx_word' id='word_1_396' title='bbox 1063 3554 1265 3626; x_wconf 69' lang='lat' dir='ltr'><strong>Congr.</strong></span> <span class='ocrx_word' id='word_1_397' title='bbox 1289 3552 1381 3609; x_wconf 81' lang='lat' dir='ltr'><strong>die</strong></span> <span class='ocrx_word' id='word_1_398' title='bbox 1406 3506 1492 3607; x_wconf 77' lang='grc'><strong>19.</strong></span> <span class='ocrx_word' id='word_1_399' title='bbox 1519 3551 1834 3609; x_wconf 73' lang='lat' dir='ltr'><strong>Decembris</strong></span> <span class='ocrx_word' id='word_1_400' title='bbox 1855 3550 2016 3606; x_wconf 70' lang='grc'><strong>1729.</strong></span> <span class='ocrx_word' id='word_1_401' title='bbox 2035 3500 2334 3621; x_wconf 74' lang='lat' dir='ltr'><strong>respondite</strong></span> 
     </span>
     <span class='ocr_line' id='line_1_62' title="bbox 884 3639 2340 3713; baseline -0.005 -12"><span class='ocrx_word' id='word_1_402' title='bbox 884 3674 890 3683; x_wconf 86' lang='lat'><strong>·</strong></span> <span class='ocrx_word' id='word_1_403' title='bbox 950 3646 1082 3701; x_wconf 18' lang='lat' dir='ltr'><strong>*Pro</strong></span> <span class='ocrx_word' id='word_1_404' title='bbox 1094 3642 1285 3713; x_wconf 65' lang='lat' dir='ltr'><strong>gratia</strong></span> <span class='ocrx_word' id='word_1_405' title='bbox 1308 3641 1387 3696; x_wconf 74' lang='lat' dir='ltr'><strong>ad</strong></span> <span class='ocrx_word' id='word_1_406' title='bbox 1407 3640 1546 3697; x_wconf 67' lang='lat' dir='ltr'><strong>aum</strong></span> <span class='ocrx_word' id='word_1_407' title='bbox 1569 3657 1778 3696; x_wconf 75' lang='lat' dir='ltr'><strong>menses</strong></span> <span class='ocrx_word' id='word_1_408' title='bbox 1813 3639 1894 3694; x_wconf 76' lang='lat' dir='ltr'><strong>ad</strong></span> <span class='ocrx_word' id='word_1_409' title='bbox 1910 3639 2173 3710; x_wconf 69' lang='lat' dir='ltr'><strong>firmam</strong></span> <span class='ocrx_word' id='word_1_410' title='bbox 2195 3642 2340 3694; x_wconf 70' lang='lat' dir='ltr'><strong>Far-</strong></span> 
     </span>
     <span class='ocr_line' id='line_1_63' title="bbox 758 3728 1550 3802; baseline -0.004 -14"><span class='ocrx_word' id='word_1_411' title='bbox 758 3731 887 3802; x_wconf 74' lang='lat' dir='ltr'><strong>sen.</strong></span> <span class='ocrx_word' id='word_1_412' title='bbox 918 3731 1005 3785; x_wconf 75' lang='lat'><strong>1⁸.</strong></span> <span class='ocrx_word' id='word_1_413' title='bbox 1030 3728 1357 3788; x_wconf 66' lang='lat' dir='ltr'><strong>Novembris</strong></span> <span class='ocrx_word' id='word_1_414' title='bbox 1381 3729 1550 3785; x_wconf 71' lang='lat' dir='ltr'><strong>tm.</strong></span> 
     </span>
    </p>
   </div>
   <div class='ocr_carea' id='block_1_10' title="bbox 1096 3862 1928 4000">
    <p class='ocr_par' dir='ltr' id='par_1_14' title="bbox 1096 3862 1928 4000">
     <span class='ocr_line' id='line_1_64' title="bbox 1096 3862 1928 4000; baseline -0.009 -12.097"><span class='ocrx_word' id='word_1_415' title='bbox 1096 3882 1565 4000; x_wconf 75' lang='lat' dir='ltr'><strong>QUAEsno</strong></span> <span class='ocrx_word' id='word_1_416' title='bbox 1599 3862 1928 3986; x_wconf 65' lang='lat' dir='ltr'><strong>ccxciv.</strong></span> 
     </span>
    </p>
   </div>
   <div class='ocr_carea' id='block_1_11' title="bbox 822 4120 2295 4333">
    <p class='ocr_par' dir='ltr' id='par_1_15' title="bbox 822 4120 2295 4333">
     <span class='ocr_line' id='line_1_65' title="bbox 822 4120 2295 4333; baseline -0.006 -48"><span class='ocrx_word' id='word_1_417' title='bbox 822 4129 1093 4245; x_wconf 83' lang='grc'>”””’</span> <span class='ocrx_word' id='word_1_418' title='bbox 1130 4124 1994 4333; x_wconf 49' lang='grc' dir='ltr'><strong>Ἥωὲοέἕῗῗᾲῗ</strong></span> <span class='ocrx_word' id='word_1_419' title='bbox 2031 4120 2295 4194; x_wconf 65' lang='lat'><strong>‘&#39;⁸⁸⁰⁰‘&#39;</strong></span> 
     </span>
    </p>
   </div>
   <div class='ocr_carea' id='block_1_12' title="bbox 782 4354 2344 5428">
    <p class='ocr_par' dir='ltr' id='par_1_16' title="bbox 782 4354 2344 5428">
     <span class='ocr_line' id='line_1_66' title="bbox 784 4354 2338 4493; baseline -0.003 -23"><span class='ocrx_word' id='word_1_420' title='bbox 784 4354 959 4474; x_wconf 82' lang='lat' dir='ltr'><strong>In</strong></span> <span class='ocrx_word' id='word_1_421' title='bbox 904 4409 1172 4493; x_wconf 75' lang='lat' dir='ltr'><strong>Collegio</strong></span> <span class='ocrx_word' id='word_1_422' title='bbox 1198 4409 1316 4471; x_wconf 87' lang='lat' dir='ltr'><strong>PP.</strong></span> <span class='ocrx_word' id='word_1_423' title='bbox 1342 4406 1679 4471; x_wconf 87' lang='lat' dir='ltr'><strong>Societatis</strong></span> <span class='ocrx_word' id='word_1_424' title='bbox 1717 4402 1881 4470; x_wconf 75' lang='lat' dir='ltr'><strong>Iesu</strong></span> <span class='ocrx_word' id='word_1_425' title='bbox 1900 4403 2176 4469; x_wconf 77' lang='lat' dir='ltr'><strong>Civitatis</strong></span> <span class='ocrx_word' id='word_1_426' title='bbox 2209 4390 2338 4465; x_wconf 64' lang='grc' dir='ltr'><strong>’.1ιο-</strong></span> 
     </span>
     <span class='ocr_line' id='line_1_67' title="bbox 786 4496 2334 4588; baseline -0.006 -20"><span class='ocrx_word' id='word_1_427' title='bbox 786 4505 1029 4588; x_wconf 81' lang='lat' dir='ltr'><strong>gionen.</strong></span> <span class='ocrx_word' id='word_1_428' title='bbox 1055 4523 1159 4567; x_wconf 77' lang='lat' dir='ltr'><strong>sex</strong></span> <span class='ocrx_word' id='word_1_429' title='bbox 1178 4503 1256 4566; x_wconf 87' lang='lat' dir='ltr'><strong>de</strong></span> <span class='ocrx_word' id='word_1_430' title='bbox 1274 4501 1571 4584; x_wconf 88' lang='lat' dir='ltr'><strong>praesenti</strong></span> <span class='ocrx_word' id='word_1_431' title='bbox 1594 4501 1700 4564; x_wconf 82' lang='lat' dir='ltr'><strong>vix</strong></span> <span class='ocrx_word' id='word_1_432' title='bbox 1717 4500 1945 4583; x_wconf 75' lang='lat' dir='ltr'><strong>degunt</strong></span> <span class='ocrx_word' id='word_1_433' title='bbox 1963 4496 2334 4568; x_wconf 87' lang='lat' dir='ltr'><strong>Sacerdotes,</strong></span> 
     </span>
     <span class='ocr_line' id='line_1_68' title="bbox 782 4590 2338 4673; baseline -0.007 -10"><span class='ocrx_word' id='word_1_434' title='bbox 782 4608 844 4663; x_wconf 90' lang='lat' dir='ltr'><strong>et</strong></span> <span class='ocrx_word' id='word_1_435' title='bbox 872 4598 957 4663; x_wconf 84' lang='lat' dir='ltr'><strong>ad</strong></span> <span class='ocrx_word' id='word_1_436' title='bbox 983 4596 1627 4673; x_wconf 70' lang='lat' dir='ltr'><strong>Scholas,vtx.oeutum</strong></span> <span class='ocrx_word' id='word_1_437' title='bbox 1660 4594 1953 4658; x_wconf 85' lang='lat' dir='ltr'><strong>accedunt</strong></span> <span class='ocrx_word' id='word_1_438' title='bbox 1977 4590 2338 4656; x_wconf 78' lang='lat' dir='ltr'><strong>Adolescen-</strong></span> 
     </span>
     <span class='ocr_line' id='line_1_69' title="bbox 783 4682 2339 4773; baseline -0.007 -17"><span class='ocrx_word' id='word_1_439' title='bbox 783 4700 872 4756; x_wconf 88' lang='lat' dir='ltr'><strong>tes</strong></span> <span class='ocrx_word' id='word_1_440' title='bbox 892 4737 910 4766; x_wconf 93' lang='lat'><strong>,</strong></span> <span class='ocrx_word' id='word_1_441' title='bbox 938 4691 1186 4773; x_wconf 87' lang='lat' dir='ltr'><strong>quando</strong></span> <span class='ocrx_word' id='word_1_442' title='bbox 1208 4698 1490 4771; x_wconf 50' lang='lat' dir='ltr'><strong>¹tempore</strong></span> <span class='ocrx_word' id='word_1_443' title='bbox 1542 4687 1867 4770; x_wconf 87' lang='lat' dir='ltr'><strong>praeterito</strong></span> <span class='ocrx_word' id='word_1_444' title='bbox 1914 4686 1980 4748; x_wconf 92' lang='lat' dir='ltr'><strong>in</strong></span> <span class='ocrx_word' id='word_1_445' title='bbox 2033 4682 2339 4767; x_wconf 82' lang='lat' dir='ltr'><strong>praedicto</strong></span> 
     </span>
     <span class='ocr_line' id='line_1_70' title="bbox 782 4774 2334 4868; baseline -0.007 -20"><span class='ocrx_word' id='word_1_446' title='bbox 782 4783 1048 4868; x_wconf 76' lang='lat' dir='ltr'><strong>Collegio</strong></span> <span class='ocrx_word' id='word_1_447' title='bbox 1068 4782 1627 4864; x_wconf 72' lang='lat' dir='ltr'><strong>septem-Sedetatis</strong></span> <span class='ocrx_word' id='word_1_448' title='bbox 1648 4778 1989 4863; x_wconf 77' lang='lat' dir='ltr'><strong>Presbyteri</strong></span> <span class='ocrx_word' id='word_1_449' title='bbox 2011 4774 2334 4861; x_wconf 80' lang='lat' dir='ltr'><strong>degebant,</strong></span> 
     </span>
     <span class='ocr_line' id='line_1_71' title="bbox 782 4870 2336 4961; baseline -0.008 -18"><span class='ocrx_word' id='word_1_450' title='bbox 782 4878 856 4943; x_wconf 89' lang='lat' dir='ltr'><strong>ut&#39;</strong></span> <span class='ocrx_word' id='word_1_451' title='bbox 877 4880 980 4961; x_wconf 89' lang='lat' dir='ltr'><strong>pio</strong></span> <span class='ocrx_word' id='word_1_452' title='bbox 1004 4876 1433 4941; x_wconf 81' lang='lat' dir='ltr'><strong>exercitiorum</strong></span> <span class='ocrx_word' id='word_1_453' title='bbox 1468 4874 1880 4955; x_wconf 87' lang='lat' dir='ltr'><strong>spiritualium</strong></span> <span class='ocrx_word' id='word_1_454' title='bbox 1933 4872 2209 4934; x_wconf 87' lang='lat' dir='ltr'><strong>instituto</strong></span> <span class='ocrx_word' id='word_1_455' title='bbox 2238 4870 2336 4931; x_wconf 87' lang='lat' dir='ltr'><strong>in·</strong></span> 
     </span>
     <span class='ocr_line' id='line_1_72' title="bbox 782 4965 2339 5053; baseline -0.007 -16"><span class='ocrx_word' id='word_1_456' title='bbox 782 4973 1137 5037; x_wconf 87' lang='lat' dir='ltr'><strong>cumberent</strong></span> <span class='ocrx_word' id='word_1_457' title='bbox 1161 5018 1180 5047; x_wconf 93' lang='lat'><strong>,</strong></span> <span class='ocrx_word' id='word_1_458' title='bbox 1226 4970 1503 5053; x_wconf 87' lang='lat' dir='ltr'><strong>quinque</strong></span> <span class='ocrx_word' id='word_1_459' title='bbox 1528 4979 1834 5050; x_wconf 86' lang='lat' dir='ltr'><strong>praeterea</strong></span> <span class='ocrx_word' id='word_1_460' title='bbox 1863 4968 2116 5031; x_wconf 88' lang='lat' dir='ltr'><strong>aderant</strong></span> <span class='ocrx_word' id='word_1_461' title='bbox 2142 4965 2339 5048; x_wconf 83' lang='lat' dir='ltr'><strong>Magi-</strong></span> 
     </span>
     <span class='ocr_line' id='line_1_73' title="bbox 782 5058 2344 5148; baseline -0.006 -19"><span class='ocrx_word' id='word_1_462' title='bbox 782 5067 890 5129; x_wconf 88' lang='lat' dir='ltr'><strong>stri</strong></span> <span class='ocrx_word' id='word_1_463' title='bbox 918 5085 1028 5148; x_wconf 87' lang='lat' dir='ltr'><strong>pro</strong></span> <span class='ocrx_word' id='word_1_464' title='bbox 1058 5058 1426 5127; x_wconf 80' lang='lat' dir='ltr'><strong>instruendis</strong></span> <span class='ocrx_word' id='word_1_465' title='bbox 1451 5062 1848 5144; x_wconf 79' lang='lat' dir='ltr'><strong>octingentis,</strong></span> <span class='ocrx_word' id='word_1_466' title='bbox 1893 5068 1955 5122; x_wconf 90' lang='grc'><strong>01</strong></span> <span class='ocrx_word' id='word_1_467' title='bbox 1999 5058 2160 5121; x_wconf 90' lang='lat' dir='ltr'><strong>ultra</strong></span> <span class='ocrx_word' id='word_1_468' title='bbox 2189 5058 2344 5120; x_wconf 39' lang='lat' dir='ltr'><strong>ado-⁸</strong></span> 
     </span>
     <span class='ocr_line' id='line_1_74' title="bbox 784 5153 2338 5227; baseline -0.007 -3"><span class='ocrx_word' id='word_1_469' title='bbox 784 5161 1143 5225; x_wconf 88' lang='lat' dir='ltr'><strong>lescentibus</strong></span> <span class='ocrx_word' id='word_1_470' title='bbox 1170 5156 1247 5220; x_wconf 88' lang='lat' dir='ltr'><strong>ad</strong></span> <span class='ocrx_word' id='word_1_471' title='bbox 1274 5155 1509 5220; x_wconf 82' lang='lat' dir='ltr'><strong>scholas</strong></span> <span class='ocrx_word' id='word_1_472' title='bbox 1538 5155 1980 5227; x_wconf 83' lang='lat' dir='ltr'><strong>accedentibus,</strong></span> <span class='ocrx_word' id='word_1_473' title='bbox 2004 5161 2065 5227; x_wconf 89' lang='grc'><strong>01</strong></span> <span class='ocrx_word' id='word_1_474' title='bbox 2093 5153 2338 5215; x_wconf 88' lang='lat' dir='ltr'><strong>tandem</strong></span> 
     </span>
     <span class='ocr_line' id='line_1_75' title="bbox 783 5246 2338 5330; baseline -0.008 -12"><span class='ocrx_word' id='word_1_475' title='bbox 783 5252 1149 5319; x_wconf 83' lang='lat' dir='ltr'><strong>duodecim</strong></span> <span class='ocrx_word' id='word_1_476' title='bbox 1131 5271 1194 5314; x_wconf 90' lang='grc' dir='ltr'><strong>ιιι</strong></span> <span class='ocrx_word' id='word_1_477' title='bbox 1228 5250 1439 5313; x_wconf 89' lang='lat' dir='ltr'><strong>eodem</strong></span> <span class='ocrx_word' id='word_1_478' title='bbox 1485 5248 1772 5330; x_wconf 79' lang='lat' dir='ltr'><strong>Religiosi</strong></span> <span class='ocrx_word' id='word_1_479' title='bbox 1817 5248 2185 5322; x_wconf 85' lang='lat' dir='ltr'><strong>alebantur,</strong></span> <span class='ocrx_word' id='word_1_480' title='bbox 2228 5246 2338 5327; x_wconf 86' lang='lat' dir='ltr'><strong>qui</strong></span> 
     </span>
     <span class='ocr_line' id='line_1_76' title="bbox 786 5340 2340 5428; baseline -0.008 -17"><span class='ocrx_word' id='word_1_481' title='bbox 786 5347 1032 5414; x_wconf 86' lang='lat' dir='ltr'><strong>tertium</strong></span> <span class='ocrx_word' id='word_1_482' title='bbox 1066 5343 1456 5428; x_wconf 88' lang='lat' dir='ltr'><strong>probationis</strong></span> <span class='ocrx_word' id='word_1_483' title='bbox 1495 5361 1726 5405; x_wconf 89' lang='lat' dir='ltr'><strong>annum</strong></span> <span class='ocrx_word' id='word_1_484' title='bbox 1773 5340 2142 5422; x_wconf 84' lang='lat' dir='ltr'><strong>explebant,</strong></span> <span class='ocrx_word' id='word_1_485' title='bbox 2199 5357 2340 5400; x_wconf 91' lang='lat' dir='ltr'><strong>cum</strong></span> 
     </span>
    </p>
   </div>
   <div class='ocr_carea' id='block_1_13' title="bbox 2299 4306 2598 4367">
    <p class='ocr_par' dir='ltr' id='par_1_17' title="bbox 2299 4306 2598 4367">
     <span class='ocr_line' id='line_1_77' title="bbox 2299 4306 2598 4367; baseline -0.003 -18"><span class='ocrx_word' id='word_1_486' title='bbox 2299 4337 2306 4349; x_wconf 51' lang='lat'><em>1</em></span> <span class='ocrx_word' id='word_1_487' title='bbox 2443 4306 2558 4367; x_wconf 58' lang='lat' dir='ltr'><strong>m</strong></span> <span class='ocrx_word' id='word_1_488' title='bbox 2580 4341 2598 4359; x_wconf 83' lang='grc'><em>,</em></span> 
     </span>
    </p>
   </div>
   <div class='ocr_carea' id='block_1_14' title="bbox 2440 3543 4002 4288">
    <p class='ocr_par' dir='ltr' id='par_1_18' title="bbox 2440 3543 4002 4288">
     <span class='ocr_line' id='line_1_78' title="bbox 2440 3543 3998 3628; baseline 0 -17"><span class='ocrx_word' id='word_1_489' title='bbox 2440 3546 2666 3611; x_wconf 85' lang='lat' dir='ltr'><strong>tionem</strong></span> <span class='ocrx_word' id='word_1_490' title='bbox 2695 3543 2922 3608; x_wconf 85' lang='lat' dir='ltr'><strong>Vicarii</strong></span> <span class='ocrx_word' id='word_1_491' title='bbox 2961 3544 3038 3606; x_wconf 88' lang='lat' dir='ltr'><strong>ad</strong></span> <span class='ocrx_word' id='word_1_492' title='bbox 3080 3551 3298 3607; x_wconf 90' lang='lat' dir='ltr'><strong>nutum</strong></span> <span class='ocrx_word' id='word_1_493' title='bbox 3327 3543 3674 3607; x_wconf 81' lang='lat' dir='ltr'><strong>amov&#39;ibilis</strong></span> <span class='ocrx_word' id='word_1_494' title='bbox 3694 3590 3715 3619; x_wconf 96' lang='lat'><strong>,</strong></span> <span class='ocrx_word' id='word_1_495' title='bbox 3746 3546 3998 3628; x_wconf 88' lang='lat' dir='ltr'><strong>Episco-</strong></span> 
     </span>
     <span class='ocr_line' id='line_1_79' title="bbox 2440 3635 3999 3722; baseline 0.001 -21"><span class='ocrx_word' id='word_1_496' title='bbox 2440 3657 2556 3722; x_wconf 86' lang='lat' dir='ltr'><strong>pus</strong></span> <span class='ocrx_word' id='word_1_497' title='bbox 2581 3636 2969 3721; x_wconf 78' lang='lat' dir='ltr'><strong>Legionensis</strong></span> <span class='ocrx_word' id='word_1_498' title='bbox 2990 3645 3190 3700; x_wconf 68' lang='lat' dir='ltr'><strong>cenwt</strong></span> <span class='ocrx_word' id='word_1_499' title='bbox 3212 3636 3273 3698; x_wconf 91' lang='lat' dir='ltr'><strong>id</strong></span> <span class='ocrx_word' id='word_1_500' title='bbox 3304 3635 3368 3697; x_wconf 83' lang='lat' dir='ltr'><strong>in</strong></span> <span class='ocrx_word' id='word_1_501' title='bbox 3399 3636 3662 3699; x_wconf 89' lang='lat' dir='ltr'><strong>Domino</strong></span> <span class='ocrx_word' id='word_1_502' title='bbox 3707 3640 3999 3721; x_wconf 77' lang='lat' dir='ltr'><strong>expedire</strong></span> 
     </span>
     <span class='ocr_line' id='line_1_80' title="bbox 2440 3729 3993 3816; baseline 0.001 -20"><span class='ocrx_word' id='word_1_503' title='bbox 2440 3751 2518 3796; x_wconf 74' lang='lat' dir='ltr'><strong>ex</strong></span> <span class='ocrx_word' id='word_1_504' title='bbox 2540 3732 2880 3795; x_wconf 88' lang='lat' dir='ltr'><strong>rationibus</strong></span> <span class='ocrx_word' id='word_1_505' title='bbox 2901 3730 2965 3792; x_wconf 90' lang='lat' dir='ltr'><strong>in</strong></span> <span class='ocrx_word' id='word_1_506' title='bbox 2990 3729 3993 3816; x_wconf 33' lang='lat' dir='ltr'><strong>ejusfiaformationeperlegendist</strong></span> 
     </span>
     <span class='ocr_line' id='line_1_81' title="bbox 2440 3824 3997 3908; baseline 0.002 -18"><span class='ocrx_word' id='word_1_507' title='bbox 2440 3833 2503 3891; x_wconf 85' lang='lat' dir='ltr'><strong>et</strong></span> <span class='ocrx_word' id='word_1_508' title='bbox 2519 3826 2849 3908; x_wconf 83' lang='lat' dir='ltr'><strong>Episcopus</strong></span> <span class='ocrx_word' id='word_1_509' title='bbox 2875 3824 3267 3888; x_wconf 80' lang='lat' dir='ltr'><strong>Astoricensis</strong></span> <span class='ocrx_word' id='word_1_510' title='bbox 3289 3825 3587 3889; x_wconf 86' lang='lat' dir='ltr'><strong>nonnulla</strong></span> <span class='ocrx_word' id='word_1_511' title='bbox 3611 3827 3904 3908; x_wconf 88' lang='lat' dir='ltr'><strong>ponderat</strong></span> <span class='ocrx_word' id='word_1_512' title='bbox 3927 3828 3997 3894; x_wconf 88' lang='grc' dir='ltr'><strong>ἰιι</strong></span> 
     </span>
     <span class='ocr_line' id='line_1_82' title="bbox 2440 3915 4002 4003; baseline 0.001 -19"><span class='ocrx_word' id='word_1_513' title='bbox 2440 3937 2548 3984; x_wconf 83' lang='lat' dir='ltr'><strong>sua</strong></span> <span class='ocrx_word' id='word_1_514' title='bbox 2567 3917 2994 3991; x_wconf 78' lang='lat' dir='ltr'><strong>informatione</strong></span> <span class='ocrx_word' id='word_1_515' title='bbox 3014 3937 3126 3999; x_wconf 78' lang='lat' dir='ltr'><strong>pro</strong></span> <span class='ocrx_word' id='word_1_516' title='bbox 3141 3915 3341 3982; x_wconf 81' lang='lat' dir='ltr'><strong>amovi</strong></span> <span class='ocrx_word' id='word_1_517' title='bbox 3347 3915 3454 3979; x_wconf 86' lang='lat' dir='ltr'><strong>bili</strong></span> <span class='ocrx_word' id='word_1_518' title='bbox 3462 3924 3606 3993; x_wconf 90' lang='lat' dir='ltr'><strong>tate,</strong></span> <span class='ocrx_word' id='word_1_519' title='bbox 3626 3928 3688 3982; x_wconf 90' lang='lat' dir='ltr'><strong>et</strong></span> <span class='ocrx_word' id='word_1_520' title='bbox 3707 3920 3832 4003; x_wconf 81' lang='lat' dir='ltr'><strong>alia</strong></span> <span class='ocrx_word' id='word_1_521' title='bbox 3850 3941 4002 3985; x_wconf 85' lang='lat' dir='ltr'><strong>non·</strong></span> 
     </span>
     <span class='ocr_line' id='line_1_83' title="bbox 2442 4010 4001 4096; baseline 0.001 -18"><span class='ocrx_word' id='word_1_522' title='bbox 2442 4015 2613 4078; x_wconf 87' lang='lat' dir='ltr'><strong>nulla</strong></span> <span class='ocrx_word' id='word_1_523' title='bbox 2636 4033 2748 4096; x_wconf 91' lang='lat' dir='ltr'><strong>pro</strong></span> <span class='ocrx_word' id='word_1_524' title='bbox 2779 4012 3175 4094; x_wconf 78' lang='lat' dir='ltr'><strong>perpetuitate</strong></span> <span class='ocrx_word' id='word_1_525' title='bbox 3197 4010 3585 4087; x_wconf 77' lang='lat' dir='ltr'><strong>vicariorum</strong></span> <span class='ocrx_word' id='word_1_526' title='bbox 3610 4058 3631 4087; x_wconf 92' lang='lat'><strong>,</strong></span> <span class='ocrx_word' id='word_1_527' title='bbox 3658 4021 3722 4078; x_wconf 93' lang='lat' dir='ltr'><strong>et</strong></span> <span class='ocrx_word' id='word_1_528' title='bbox 3741 4034 3818 4078; x_wconf 85' lang='lat' dir='ltr'><strong>-se</strong></span> <span class='ocrx_word' id='word_1_529' title='bbox 3861 4023 4001 4079; x_wconf 89' lang='lat' dir='ltr'><strong>tan·</strong></span> 
     </span>
     <span class='ocr_line' id='line_1_84' title="bbox 2442 4103 3995 4193; baseline 0.001 -20"><span class='ocrx_word' id='word_1_530' title='bbox 2442 4109 2580 4173; x_wconf 89' lang='lat' dir='ltr'><strong>dem</strong></span> <span class='ocrx_word' id='word_1_531' title='bbox 2608 4107 2911 4171; x_wconf 86' lang='lat' dir='ltr'><strong>submittit</strong></span> <span class='ocrx_word' id='word_1_532' title='bbox 2927 4105 3160 4190; x_wconf 75' lang='lat' dir='ltr'><strong>judicio</strong></span> <span class='ocrx_word' id='word_1_533' title='bbox 3181 4103 3368 4188; x_wconf 84' lang='lat' dir='ltr'><strong>hujus</strong></span> <span class='ocrx_word' id='word_1_534' title='bbox 3398 4106 3531 4169; x_wconf 88' lang='lat' dir='ltr'><strong>Sac.</strong></span> <span class='ocrx_word' id='word_1_535' title='bbox 3562 4106 3995 4193; x_wconf 61' lang='grc' dir='ltr'><strong>(ἔπει-080110-</strong></span> 
     </span>
     <span class='ocr_line' id='line_1_85' title="bbox 2444 4198 3994 4288; baseline 0 -21"><span class='ocrx_word' id='word_1_536' title='bbox 2444 4203 2540 4267; x_wconf 90' lang='lat' dir='ltr'><strong>nis</strong></span> <span class='ocrx_word' id='word_1_537' title='bbox 2555 4249 2574 4278; x_wconf 93' lang='lat'><strong>,</strong></span> <span class='ocrx_word' id='word_1_538' title='bbox 2599 4202 2757 4267; x_wconf 90' lang='lat' dir='ltr'><strong>utin</strong></span> <span class='ocrx_word' id='word_1_539' title='bbox 2785 4200 3100 4285; x_wconf 49' lang='lat' dir='ltr'><strong>praedicta¹</strong></span> <span class='ocrx_word' id='word_1_540' title='bbox 3115 4201 3247 4284; x_wconf 83' lang='lat' dir='ltr'><strong>ejus</strong></span> <span class='ocrx_word' id='word_1_541' title='bbox 3265 4198 3707 4266; x_wconf 87' lang='lat' dir='ltr'><strong>Informatione</strong></span> <span class='ocrx_word' id='word_1_542' title='bbox 3731 4203 3852 4288; x_wconf 73' lang='lat' dir='ltr'><strong>legi</strong></span> <span class='ocrx_word' id='word_1_543' title='bbox 3883 4225 3994 4288; x_wconf 89' lang='lat' dir='ltr'><strong>po-</strong></span> 
     </span>
    </p>
   </div>
   <div class='ocr_carea' id='block_1_15' title="bbox 2530 4335 3993 4470">
    <p class='ocr_par' dir='ltr' id='par_1_19' title="bbox 2530 4335 3993 4470">
     <span class='ocr_line' id='line_1_86' title="bbox 2530 4335 3993 4470; baseline 0.002 -17.067"><span class='ocrx_word' id='word_1_544' title='bbox 2530 4388 2778 4470; x_wconf 69' lang='lat' dir='ltr'><strong>Quoad</strong></span> <span class='ocrx_word' id='word_1_545' title='bbox 2824 4335 3209 4463; x_wconf 63' lang='lat' dir='ltr'><strong>Paroohtates</strong></span> <span class='ocrx_word' id='word_1_546' title='bbox 3263 4387 3468 4450; x_wconf 65' lang='lat' dir='ltr'><strong>unius</strong></span> <span class='ocrx_word' id='word_1_547' title='bbox 3526 4388 3993 4456; x_wconf 75' lang='lat' dir='ltr'><strong>cathedrattbus</strong></span> 
     </span>
    </p>
   </div>
   <div class='ocr_carea' id='block_1_16' title="bbox 2442 4480 3998 4658">
    <p class='ocr_par' dir='ltr' id='par_1_20' title="bbox 2442 4480 3998 4658">
     <span class='ocr_line' id='line_1_87' title="bbox 2442 4480 3998 4569; baseline 0.001 -19"><span class='ocrx_word' id='word_1_548' title='bbox 2442 4483 2808 4569; x_wconf 77' lang='lat' dir='ltr'><strong>Collegiatis,</strong></span> <span class='ocrx_word' id='word_1_549' title='bbox 2858 4480 3289 4556; x_wconf 79' lang='grc' dir='ltr'><strong>Μοιιιιο1οι110,</strong></span> <span class='ocrx_word' id='word_1_550' title='bbox 3315 4480 3649 4564; x_wconf 79' lang='lat' dir='ltr'><strong>Collegiis,</strong></span> <span class='ocrx_word' id='word_1_551' title='bbox 3701 4495 3808 4549; x_wconf 90' lang='lat' dir='ltr'><strong>aut</strong></span> <span class='ocrx_word' id='word_1_552' title='bbox 3857 4486 3998 4551; x_wconf 86' lang='lat' dir='ltr'><strong>aliis</strong></span> 
     </span>
     <span class='ocr_line' id='line_1_88' title="bbox 2442 4574 3988 4658; baseline -0.003 -14"><span class='ocrx_word' id='word_1_553' title='bbox 2442 4580 2567 4644; x_wconf 89' lang='lat' dir='ltr'><strong>Piis</strong></span> <span class='ocrx_word' id='word_1_554' title='bbox 2614 4577 2784 4642; x_wconf 85' lang='grc'><strong>10010</strong></span> <span class='ocrx_word' id='word_1_555' title='bbox 2795 4576 2969 4641; x_wconf 71' lang='grc'><strong>0000.</strong></span> <span class='ocrx_word' id='word_1_556' title='bbox 3031 4574 3288 4636; x_wconf 74' lang='lat' dir='ltr'><strong>Tridont</strong></span> <span class='ocrx_word' id='word_1_557' title='bbox 3342 4574 3495 4637; x_wconf 78' lang='lat' dir='ltr'><strong>Sess.</strong></span> <span class='ocrx_word' id='word_1_558' title='bbox 3529 4582 3589 4637; x_wconf 91' lang='grc'><strong>7.</strong></span> <span class='ocrx_word' id='word_1_559' title='bbox 3647 4578 3715 4640; x_wconf 79' lang='lat' dir='ltr'><strong>ds</strong></span> <span class='ocrx_word' id='word_1_560' title='bbox 3737 4579 3988 4658; x_wconf 70' lang='lat' dir='ltr'><strong>Reform.</strong></span> 
     </span>
    </p>
   </div>
   <div class='ocr_carea' id='block_1_17' title="bbox 2417 4668 3993 4757">
    <p class='ocr_par' dir='ltr' id='par_1_21' title="bbox 2417 4668 3993 4757">
     <span class='ocr_line' id='line_1_89' title="bbox 2417 4668 3993 4757; baseline 0.02 -52"><span class='ocrx_word' id='word_1_561' title='bbox 2417 4694 2422 4705; x_wconf 89' lang='lat'><strong><em>.</em></strong></span> <span class='ocrx_word' id='word_1_562' title='bbox 2446 4694 2572 4757; x_wconf 60' lang='grc' dir='ltr'><strong>ΜΡ</strong></span> <span class='ocrx_word' id='word_1_563' title='bbox 2599 4679 2662 4735; x_wconf 83' lang='lat'><strong>7</strong></span> <span class='ocrx_word' id='word_1_564' title='bbox 2700 4669 2912 4734; x_wconf 60' lang='lat' dir='ltr'><strong>,tatuit</strong></span> <span class='ocrx_word' id='word_1_565' title='bbox 2938 4668 3103 4751; x_wconf 85' lang='lat' dir='ltr'><strong>quod</strong></span> <span class='ocrx_word' id='word_1_566' title='bbox 3128 4668 3407 4750; x_wconf 87' lang='lat' dir='ltr'><strong>Episcopi</strong></span> <span class='ocrx_word' id='word_1_567' title='bbox 3435 4669 3668 4749; x_wconf 85' lang='lat' dir='ltr'><strong>solicite</strong></span> <span class='ocrx_word' id='word_1_568' title='bbox 3688 4671 3993 4753; x_wconf 83' lang='lat' dir='ltr'><strong>provideri</strong></span> 
     </span>
    </p>
   </div>
   <div class='ocr_carea' id='block_1_18' title="bbox 2441 4762 4000 5400">
    <p class='ocr_par' dir='ltr' id='par_1_22' title="bbox 2441 4762 4000 5318">
     <span class='ocr_line' id='line_1_90' title="bbox 2446 4762 3992 4874; baseline -0.004 -43"><span class='ocrx_word' id='word_1_569' title='bbox 2446 4771 2809 4874; x_wconf 49' lang='lat' dir='ltr'><strong>procurent.</strong></span> <span class='ocrx_word' id='word_1_570' title='bbox 2842 4774 2908 4824; x_wconf 77' lang='grc' dir='ltr'><strong>ιιι</strong></span> <span class='ocrx_word' id='word_1_571' title='bbox 2941 4781 3041 4843; x_wconf 77' lang='lat' dir='ltr'><strong>per</strong></span> <span class='ocrx_word' id='word_1_572' title='bbox 3068 4763 3291 4823; x_wconf 74' lang='lat' dir='ltr'><strong>idoneos</strong></span> <span class='ocrx_word' id='word_1_573' title='bbox 3325 4762 3580 4825; x_wconf 65' lang='lat' dir='ltr'><strong>Vicat-ios</strong></span> <span class='ocrx_word' id='word_1_574' title='bbox 3599 4768 3769 4825; x_wconf 76' lang='lat' dir='ltr'><strong>etiam</strong></span> <span class='ocrx_word' id='word_1_575' title='bbox 3797 4785 3992 4847; x_wconf 78' lang='lat' dir='ltr'><strong>perpe-</strong></span> 
     </span>
     <span class='ocr_line' id='line_1_91' title="bbox 2446 4846 4000 4938; baseline 0.001 -15"><span class='ocrx_word' id='word_1_576' title='bbox 2446 4873 2592 4935; x_wconf 71' lang='lat' dir='ltr'><strong>tuos,</strong></span> <span class='ocrx_word' id='word_1_577' title='bbox 2621 4861 2738 4921; x_wconf 76' lang='lat' dir='ltr'><strong>nisi</strong></span> <span class='ocrx_word' id='word_1_578' title='bbox 2763 4859 2903 4938; x_wconf 82' lang='lat' dir='ltr'><strong>ipsis</strong></span> <span class='ocrx_word' id='word_1_579' title='bbox 2954 4854 3289 4918; x_wconf 74' lang='lat' dir='ltr'><strong>Ordinariis</strong></span> <span class='ocrx_word' id='word_1_580' title='bbox 3310 4876 3416 4937; x_wconf 81' lang='lat' dir='ltr'><strong>pro</strong></span> <span class='ocrx_word' id='word_1_581' title='bbox 3442 4859 3581 4919; x_wconf 71' lang='lat' dir='ltr'><strong>bono</strong></span> <span class='ocrx_word' id='word_1_582' title='bbox 3606 4846 4000 4924; x_wconf 72' lang='lat' dir='ltr'><strong>Ecclesiarum</strong></span> 
     </span>
     <span class='ocr_line' id='line_1_92' title="bbox 2441 4951 4000 5036; baseline 0.001 -20"><span class='ocrx_word' id='word_1_583' title='bbox 2441 4957 2714 5036; x_wconf 66' lang='lat' dir='ltr'><strong>regimine</strong></span> <span class='ocrx_word' id='word_1_584' title='bbox 2740 4954 2915 5015; x_wconf 78' lang='lat' dir='ltr'><strong>aliter</strong></span> <span class='ocrx_word' id='word_1_585' title='bbox 2935 4951 3200 5032; x_wconf 72' lang='lat' dir='ltr'><strong>expedire</strong></span> <span class='ocrx_word' id='word_1_586' title='bbox 3233 4951 3519 5012; x_wconf 67' lang='lat' dir='ltr'><strong>videbitur</strong></span> <span class='ocrx_word' id='word_1_587' title='bbox 3537 4963 3639 5013; x_wconf 75' lang='lat' dir='ltr'><strong>otc.</strong></span> <span class='ocrx_word' id='word_1_588' title='bbox 3664 4955 4000 5017; x_wconf 74' lang='lat' dir='ltr'><strong>animarum</strong></span> 
     </span>
     <span class='ocr_line' id='line_1_93' title="bbox 2444 5044 3997 5113; baseline -0.001 0"><span class='ocrx_word' id='word_1_589' title='bbox 2444 5070 2587 5113; x_wconf 68' lang='lat' dir='ltr'><strong>caro</strong></span> <span class='ocrx_word' id='word_1_590' title='bbox 2616 5047 2984 5111; x_wconf 72' lang='lat' dir='ltr'><strong>laudabiliter</strong></span> <span class='ocrx_word' id='word_1_591' title='bbox 3008 5052 3382 5106; x_wconf 68' lang='lat' dir='ltr'><strong>exerceatur:</strong></span> <span class='ocrx_word' id='word_1_592' title='bbox 3431 5053 3490 5107; x_wconf 90' lang='lat' dir='ltr'><strong>et</strong></span> <span class='ocrx_word' id='word_1_593' title='bbox 3535 5044 3683 5108; x_wconf 85' lang='lat' dir='ltr'><strong>haec</strong></span> <span class='ocrx_word' id='word_1_594' title='bbox 3740 5046 3997 5112; x_wconf 88' lang='lat' dir='ltr'><strong>Concilii</strong></span> 
     </span>
     <span class='ocr_line' id='line_1_94' title="bbox 2446 5130 3997 5224; baseline -0.002 -17"><span class='ocrx_word' id='word_1_595' title='bbox 2446 5144 2632 5209; x_wconf 81' lang='lat' dir='ltr'><strong>verba</strong></span> <span class='ocrx_word' id='word_1_596' title='bbox 2657 5142 2743 5204; x_wconf 87' lang='grc'><strong>010</strong></span> <span class='ocrx_word' id='word_1_597' title='bbox 2770 5160 2808 5204; x_wconf 87' lang='lat' dir='ltr'><strong>a</strong></span> <span class='ocrx_word' id='word_1_598' title='bbox 2834 5138 3195 5219; x_wconf 82' lang='lat' dir='ltr'><strong>Doctoribus</strong></span> <span class='ocrx_word' id='word_1_599' title='bbox 3215 5130 3617 5218; x_wconf 78' lang='lat' dir='ltr'><strong>explicantur,</strong></span> <span class='ocrx_word' id='word_1_600' title='bbox 3657 5147 3728 5201; x_wconf 90' lang='lat' dir='ltr'><strong>ut</strong></span> <span class='ocrx_word' id='word_1_601' title='bbox 3752 5144 3997 5224; x_wconf 80' lang='lat' dir='ltr'><strong>apposi-</strong></span> 
     </span>
     <span class='ocr_line' id='line_1_95' title="bbox 2447 5230 4000 5318; baseline -0.002 -15"><span class='ocrx_word' id='word_1_602' title='bbox 2447 5239 2529 5303; x_wconf 90' lang='lat' dir='ltr'><strong>tio</strong></span> <span class='ocrx_word' id='word_1_603' title='bbox 2557 5235 2812 5308; x_wconf 79' lang='lat' dir='ltr'><strong>vicarii,</strong></span> <span class='ocrx_word' id='word_1_604' title='bbox 2836 5233 2966 5296; x_wconf 87' lang='lat' dir='ltr'><strong>sive</strong></span> <span class='ocrx_word' id='word_1_605' title='bbox 2995 5230 3296 5313; x_wconf 84' lang='lat' dir='ltr'><strong>perpetui,</strong></span> <span class='ocrx_word' id='word_1_606' title='bbox 3324 5231 3455 5294; x_wconf 83' lang='lat' dir='ltr'><strong>sive</strong></span> <span class='ocrx_word' id='word_1_607' title='bbox 3481 5234 3830 5313; x_wconf 87' lang='lat' dir='ltr'><strong>temporalis</strong></span> <span class='ocrx_word' id='word_1_608' title='bbox 3857 5257 4000 5318; x_wconf 86' lang='lat' dir='ltr'><strong>pen·</strong></span> 
     </span>
    </p>

    <p class='ocr_par' dir='ltr' id='par_1_23' title="bbox 2442 5324 3999 5400">
     <span class='ocr_line' id='line_1_96' title="bbox 2442 5324 3999 5400; baseline -0.003 -2"><span class='ocrx_word' id='word_1_609' title='bbox 2442 5334 2588 5397; x_wconf 87' lang='lat' dir='ltr'><strong>deat</strong></span> <span class='ocrx_word' id='word_1_610' title='bbox 2601 5332 2684 5395; x_wconf 89' lang='lat' dir='ltr'><strong>ab</strong></span> <span class='ocrx_word' id='word_1_611' title='bbox 2701 5327 2957 5393; x_wconf 88' lang='lat' dir='ltr'><strong>arbitrio</strong></span> <span class='ocrx_word' id='word_1_612' title='bbox 2971 5324 3477 5400; x_wconf 80' lang='lat' dir='ltr'><strong>ordinariorum,</strong></span> <span class='ocrx_word' id='word_1_613' title='bbox 3502 5345 3578 5389; x_wconf 83' lang='lat' dir='ltr'><strong>ex</strong></span> <span class='ocrx_word' id='word_1_614' title='bbox 3600 5326 3999 5394; x_wconf 86' lang='lat' dir='ltr'><strong>circumstan-</strong></span> 
     </span>
    </p>
   </div>
   <div class='ocr_carea' id='block_1_19' title="bbox 783 5419 3996 5535">
    <p class='ocr_par' dir='ltr' id='par_1_24' title="bbox 783 5419 3996 5535">
     <span class='ocr_line' id='line_1_97' title="bbox 783 5419 3996 5535; baseline -0.006 -28"><span class='ocrx_word' id='word_1_615' title='bbox 783 5450 985 5507; x_wconf 86' lang='lat' dir='ltr'><strong>autem</strong></span> <span class='ocrx_word' id='word_1_616' title='bbox 1008 5439 1263 5505; x_wconf 89' lang='lat' dir='ltr'><strong>mutatio</strong></span> <span class='ocrx_word' id='word_1_617' title='bbox 1280 5438 1451 5516; x_wconf 84' lang='lat' dir='ltr'><strong>baec,</strong></span> <span class='ocrx_word' id='word_1_618' title='bbox 1472 5457 1631 5535; x_wconf 76' lang='lat' dir='ltr'><strong>quae</strong></span> <span class='ocrx_word' id='word_1_619' title='bbox 1654 5436 2066 5519; x_wconf 83' lang='lat' dir='ltr'><strong>maximopere</strong></span> <span class='ocrx_word' id='word_1_620' title='bbox 2089 5433 2288 5499; x_wconf 87' lang='lat' dir='ltr'><strong>cedit</strong></span> <span class='ocrx_word' id='word_1_621' title='bbox 2269 5453 2335 5497; x_wconf 78' lang='lat' dir='ltr'><strong>tn</strong></span> <span class='ocrx_word' id='word_1_622' title='bbox 2445 5426 2544 5492; x_wconf 88' lang='lat' dir='ltr'><strong>tiis</strong></span> <span class='ocrx_word' id='word_1_623' title='bbox 2563 5420 2919 5510; x_wconf 79' lang='lat' dir='ltr'><strong>regulando:</strong></span> <span class='ocrx_word' id='word_1_624' title='bbox 2935 5420 3174 5483; x_wconf 69' lang='lat' dir='ltr'><strong>Bau-bos.</strong></span> <span class='ocrx_word' id='word_1_625' title='bbox 3195 5419 3336 5482; x_wconf 77' lang='lat' dir='ltr'><strong>Jur.</strong></span> <span class='ocrx_word' id='word_1_626' title='bbox 3358 5420 3576 5485; x_wconf 76' lang='lat' dir='ltr'><strong>Ecclos.</strong></span> <span class='ocrx_word' id='word_1_627' title='bbox 3605 5420 3868 5487; x_wconf 73' lang='lat' dir='ltr'><strong>Univers.</strong></span> <span class='ocrx_word' id='word_1_628' title='bbox 3895 5428 3996 5488; x_wconf 74' lang='lat' dir='ltr'><strong>lib.</strong></span> 
     </span>
    </p>
   </div>
  </div>
 </body>
</html>
