4393 6299
1637 471 1683 539 Q
1710 474 1753 524 U
1777 473 1894 524 252⁵
1923 473 1970 525 Τ
2002 471 2095 524 10
2159 473 2294 524 LlV.
3361 490 3426 538 Μ

388 622 543 693 facto
567 619 991 684 incurrendae.
1020 621 1152 683 Non
1186 622 1464 695 obstante
1491 624 1904 703 prohibitione
1929 674 1946 697 ,

389 715 886 779 Bartholomaeus
927 735 1064 776 cum
1113 716 1369 779 muliere
1412 721 1831 792 conversavit,
1887 731 1947 782 et

385 815 554 876 nulla
580 815 828 876 obtenta
855 812 1238 875 absolutione
1265 859 1282 885 ,
1305 833 1409 875 seu
1443 814 1890 895 dispensatione
1910 835 1946 878 a

386 908 537 971 Sede
563 908 907 988 Apostolica
926 953 943 978 ,
974 907 1186 969 Missas
1212 907 1585 981 celebravit,
1615 910 1770 972 itaut
1793 909 1946 973 irre-

386 1003 619 1085 gularis
646 1002 840 1064 factus
857 1003 936 1065 sit
962 1004 1036 1065 ad
1071 1002 1360 1064 terminos
1386 1003 1601 1065 Textus
1630 1007 1695 1066 in
1717 1026 1844 1087 cap.
1887 1010 1942 1067 1.

382 1099 446 1158 do
470 1099 751 1159 sententia
774 1145 791 1168 ‚
823 1107 875 1159 et
926 1117 986 1158 rc
1016 1098 1284 1175 judicata
1315 1101 1380 1159 in
1412 1111 1572 1160 sexto
1596 1147 1611 1170 ,
1646 1111 1696 1161 et
1726 1103 1787 1159 in
1813 1120 1938 1181 cap.

391 1197 445 1254 1.
481 1193 550 1253 de
584 1194 863 1253 sententia
887 1211 1101 1253 excom.
1129 1194 1195 1253 in
1219 1198 1276 1255 6.

497 1285 620 1347 Pro
646 1285 975 1348 obtinenda
1005 1286 1454 1368 dispensatione
1481 1287 1562 1350 ab
1586 1286 1941 1368 irregulari-

381 1390 501 1444 tate
522 1426 540 1453 ,
596 1380 795 1443 dictus
840 1381 1146 1443 Parochus
1192 1382 1493 1463 supplices
1549 1402 1753 1464 preces
1801 1381 1941 1444 Sedi

378 1474 758 1557 Apostolicae
785 1475 1067 1538 exhibuit
1090 1522 1108 1549 ,
1141 1483 1202 1538 et
1234 1477 1440 1540 audita
1473 1478 1548 1541 de
1589 1496 1755 1539 more
1783 1475 1941 1539 rela-

381 1570 546 1633 tione
573 1570 887 1633 Ordinarii
917 1616 936 1644 ,
959 1580 1193 1635 constat
1219 1573 1299 1635 ab
1324 1591 1397 1634 eo
1425 1571 1609 1635 fuisse
1646 1570 1941 1653 adimple·

377 1672 499 1729 tam
553 1665 987 1746 poenitentiam
1050 1666 1395 1747 impositam
1418 1712 1437 1740 ,
1494 1676 1620 1728 tum
1670 1667 1942 1729 vacando

377 1760 685 1831 exercitiis
707 1760 1133 1841 spiritualibus
1151 1782 1257 1841 per
1276 1762 1428 1823 duos
1451 1781 1683 1824 menses
1703 1762 1765 1823 in
1792 1761 1942 1825 Cou-

373 1864 562 1916 ventu
618 1855 933 1917 Leodiensi
987 1856 1240 1918 Ordinis
1279 1857 1684 1919 Eremitarum
1736 1857 1938 1919 Sancti

373 1950 727 2030 Augustini,
749 1960 879 2013 tum
901 1951 1192 2014 solvendo
1217 1952 1501 2014 mulctam
1529 1952 1936 2032 pecuniariam

374 2055 682 2109 scutorum
734 2050 832 2108 40.
860 2066 878 2121 ς
932 2046 1033 2108 sed
1080 2066 1217 2107 cum
1255 2055 1403 2110 ante
1436 2047 1939 2128 supplicationem

379 2141 673 2213 Oratoris,
701 2141 963 2203 loannes
985 2141 1096 2203 Phi
1105 2141 1305 2221 lippus
1325 2143 1587 2223 Wespin,
1602 2142 1938 2223 porrexerit

381 2235 445 2297 in
494 2234 740 2297 Dataria
768 2235 1113 2315 Apostoliea
1160 2237 1343 2298 aliam
1392 2237 1891 2318 supplicationem
1917 2284 1935 2311 ,

376 2348 533 2412 quae
555 2338 757 2392 tamen
788 2350 907 2392 non
938 2330 1078 2393 data
1107 2333 1508 2413 supponitur,
1545 2333 1621 2395 ad
1657 2334 1937 2395 effectum

370 2424 738 2505 impetrandi
793 2425 1206 2488 Parochialem
1233 2472 1249 2499 ‚
1299 2426 1443 2489 hino
1486 2435 1616 2499 est,
1665 2429 1825 2509 quod
1877 2428 1939 2490 in

372 2518 677 2601 praesenti
710 2539 969 2600 sequens
998 2521 1357 2601 proponitur
1384 2521 1665 2583 dubium.

485 2614 585 2675 Aa
606 2617 684 2676 sit
711 2618 861 2677 locus
889 2616 1294 2696 dispensationi
1322 2617 1394 2678 ab
1414 2618 1853 2698 irreqularitate
1876 2623 1941 2683 in

371 2729 537 2773 mu.

472 2904 617 2953 Saer.
649 2901 848 2963 congr.
881 2899 1160 2967 respondit
1190 2922 1205 2956 a

555 2993 669 3042 Pro
708 2990 1116 3053 dispensatione
1157 2990 1429 3057 impositis
1460 2992 1772 3059 praeceptis
1786 3033 1803 3059 ‚
1844 3011 1950 3048 nee

370 3096 471 3130 aon
501 3079 871 3132 poenitentiis
893 3078 1237 3132 salutaribus
1261 3079 1493 3132 arbitrio
1522 3081 1805 3153 Episcopi.

887 3273 1250 3348 QUAESTIO
1312 3275 1441 3337 Lv.

409 3477 478 3537 In
503 3477 700 3540 Causa
728 3477 1115 3539 Bracharenaei
1140 3479 1503 3542 Reduc-tionis
1532 3481 1896 3554 Missurum,

765 3573 857 3633 die
895 3579 953 3635 3.
983 3572 1328 3654 Septembris
1362 3579 1534 3638 1718.

370 3699 886 3824 Confraternitas
929 3761 1384 3824 Misericordiae
1425 3762 1647 3843 Oppidi
1679 3764 1754 3825 de
1780 3763 1931 3826 Gui-

368 3875 650 3917 maraens
673 3855 1045 3917 Bracharen.
1095 3858 1393 3918 Dioecesis
1422 3856 1566 3920 huic
1603 3858 1733 3920 Sac.
1776 3859 1961 3929 Con-,

371 3950 707 4033 gregationi
732 3949 1049 4029 exposuit,
1076 3970 1141 4011 se
1166 3970 1297 4013 esse
1318 3960 1634 4032 gravatam
1668 3973 1928 4035 sequen-

370 4045 529 4107 tibus
554 4044 848 4106 oneribus
891 4043 952 4104 in
999 4044 1243 4125 propria
1287 4045 1550 4108 Ecclesia
1593 4048 1931 4129 adimplen-

367 4138 478 4211 dis,
494 4138 820 4204 Missarum
847 4138 1123 4201 videlicet
1145 4140 1417 4219 quolibet
1440 4161 1603 4202 anno
1623 4142 1932 4205 celebran-

369 4232 586 4294 darum
621 4237 836 4294 10365.
871 4232 1031 4294 inter
1054 4253 1207 4313 quas
1236 4239 1374 4294 366.
1402 4234 1623 4296 'debent
1646 4235 1935 4299 essecan-

368 4335 526 4389 tatae
549 4372 567 4399 ‚
608 4346 720 4387 nec
746 4346 868 4388 non
908 4336 1137 4407 septem
1168 4327 1521 4389 Officiorum
1569 4330 1933 4410 pronosim-

364 4421 470 4482 ctis
492 4467 509 4492 ,
542 4431 604 4482 et
630 4420 873 4482 tandem
908 4421 1208 4484 retinendi
1238 4422 1587 4502 quindecim
1615 4423 1932 4505 Cappella-

2061 626 2434 706 temporibus
2456 636 2702 690 auctum
2732 631 2951 692 nedum
2976 650 3104 695 esse
3122 636 3412 701 salarium
3455 636 3608 726 Cap-

2056 720 2438 802 pellanorum
2465 768 2482 794 ‚
2523 722 2627 785 sed
2666 724 2847 787 etiam
2896 725 3340 813 eleemosynam
3394 737 3611 802 Missae
3667 764 3672 768 ·

2055 834 2176 875 non
2213 817 2503 899 exiguum
2527 817 2809 882 habuisse
2841 821 3304 904 incrementum
3338 839 3609 915 tempore

2054 911 2277 973 etenim
2300 961 2314 982 ,
2353 930 2479 993 quo
2513 914 2734 997 Legata
2761 915 3012 980 fuerunt
3061 920 3267 986 relicta
3298 974 3312 995 ,
3363 936 3422 990 et
3473 930 3608 993 initi

2055 1004 2305 1069 fuerunt
2324 1015 2585 1071 eontract
2596 1030 2686 1083 us,
2709 1012 3087 1097 eleemosyna
3118 1017 3334 1081 Missae
3361 1042 3478 1083 non
3502 1044 3607 1086 ox·

2052 1100 2302 1162 cedebat
2335 1102 2601 1165 valorem
2639 1106 2975 1172 medietatis
3001 1110 3142 1192 julii
3173 1158 3191 1187 ,
3223 1117 3470 1195 quando
3498 1118 3609 1180 ho-

2052 1194 2151 1256 die
2176 1204 2266 1257 est
2306 1198 2558 1260 adaucta
2588 1200 2662 1262 ad
2693 1201 2908 1264 obulos
2937 1204 3139 1267 decem
3165 1252 3182 1281 ,
3231 1218 3337 1271 aut
3379 1212 3607 1276 duode-

2050 1289 2191 1365 cim,
2221 1292 2366 1353 etin
2394 1293 2609 1356 ultima
2631 1305 2802 1377 parte
2823 1299 3110 1381 supplicis
3136 1301 3328 1365 libelli
3353 1306 3607 1370 Confra—
3679 1344 3682 1347 ι

2054 1385 2302 1447 ternitas
2321 1390 2628 1462 exoravit,
2663 1401 2729 1452 ut
2763 1393 3091 1457 Ordinario
3127 1397 3372 1462 daretur
3413 1401 3605 1464 facul-

2045 1487 2134 1540 tas
2160 1483 2462 1546 statuendi
2489 1529 2505 1557 ,
2537 1486 2699 1565 quod
2747 1488 3033 1551 medietas
3061 1493 3365 1556 redituum
3398 1496 3609 1578 impii·

2048 1585 2290 1638 caretur
2311 1598 2418 1660 pro
2437 1580 2844 1645 celebratione
2864 1584 3185 1647 Missarum
3209 1589 3284 1649 ad
3306 1591 3602 1655 rationem

2050 1667 2471 1754 eleemosynae
2507 1676 2806 1747 manualis
2827 1725 2844 1749 ,
2875 1687 2936 1740 et
2964 1680 3128 1760 quod
3156 1681 3277 1745 alia
3321 1685 3605 1750 medietas

2051 1764 2468 1846 implicaretur
2508 1789 2620 1851 pro
2653 1770 2875 1833 salario
2914 1773 3421 1857 Cappellanorum
3444 1827 3460 1853 ,
3512 1782 3608 1842 di-

2045 1862 2412 1924 stributione
2457 1864 2976 1948 eleemosynarum
3007 1917 3023 1939 ,
3082 1874 3362 1952 expensis
3415 1874 3604 1938 Sacri-

2016 2030 2019 2031 ,
2046 1958 2195 2018 stiae
2222 2004 2236 2028 ,
2267 1965 2324 2018 et
2348 1960 2719 2041 reaptatio‘ne
2747 1962 3067 2025 Ecclesiae.

2163 2050 2469 2130 Scriptum
2512 2054 2627 2117 fuit
2676 2076 2784 2135 pro
2836 2057 3303 2134 informatione,
3355 2072 3415 2124 et
3451 2064 3610 2127 Voto

2048 2145 2511 2229 ,archiepiscopo
2562 2150 2954 2222 Bracharensi
2986 2199 3007 2226 ,
3060 2154 3167 2235 qui
3216 2158 3485 2236 exposita
3541 2159 3601 2221 in

2047 2237 2209 2300 facto
2228 2259 2262 2302 a
2283 2242 3329 2325 Confraternitateconfirmavit,Aut
3358 2273 3432 2314 ex
3467 2257 3602 2336 ejus

2045 2334 2370 2407 relatione,
2402 2357 2561 2419 quae
2593 2338 2918 2403 exhibetur
2944 2390 2958 2408 .
2989 2343 3191 2427 colligi
3225 2354 3433 2426 potest.
3475 2347 3595 2408 Ad·

2049 2426 2137 2489 dit
2161 2430 2322 2508 quod
2348 2430 2408 2491 in
2441 2432 2654 2514 majori
2680 2442 2849 2514 parte
2874 2435 3111 2516 piarum
3141 2437 3606 2518 dispositionum

2047 2540 2079 2584 a
2113 2544 2176 2585 se
2208 2523 2476 2586 visarum
2503 2534 2746 2588 cautum
2778 2529 3101 2609 reperitur,
3131 2539 3197 2592 ut
3215 2542 3602 2613 superextan-

2048 2627 2135 2680 tes
2163 2618 2392 2681 reditus
2416 2666 2434 2694 ,
2479 2620 2690 2682 solutis
2716 2622 3031 2703 stipendiis
3075 2626 3457 2706 applicentur
3486 2649 3603 2709 pro

2041 2712 2333 2776 alimonia
2357 2761 2379 2788 ,
2404 2723 2463 2776 et
2493 2708 2639 2779 cura
2675 2718 3014 2797 Pauper-um
3043 2765 3059 2793 ‚
3097 2730 3281 2801 atque
3317 2722 3605 2785 infirmo-

2047 2828 2222 2881 rum,
2258 2818 2313 2871 et
2344 2811 2510 2892 quod
2537 2813 2896 2892 praestando
2921 2813 3365 2896 eleemosynam
3396 2818 3468 2878 ad
3506 2838 3602 2880 ra-

2047 2903 2270 2964 tionem
2295 2904 2651 2968 hodiernam
2672 2927 2783 2988 pro
2806 2908 3091 2970 omnibus
3113 2909 3310 2972 Missis
3333 2924 3602 2992 accepta-

2048 2998 2156 3072 tis,
2193 2998 2349 3060 nihil
2378 3008 2649 3081 superest
2680 3021 2789 3083 pro
2814 3002 3098 3077 salariis,
3150 3012 3255 3066 aut
3299 3005 3437 3067 aliis
3486 3007 3606 3086 piis

2044 3093 2333 3173 operibus
2359 3093 2672 3176 explendis
2698 3141 2720 3169 ,
2743 3096 2910 3178 juxta
2943 3097 3314 3160 vohtntatem
3341 3100 3599 3162 Testato-

2045 3205 2184 3246 rum
2217 3231 2234 3259 ,
2267 3185 2423 3248 itaut
2456 3196 2864 3268 opportunum
2896 3210 3021 3252 esse
3065 3191 3341 3253 videatur
3367 3238 3384 3262 ,
3434 3192 3601 3271 quod

2046 3280 2335 3343 medietas
2358 3281 2663 3344 redituum
2699 3283 3043 3364 implicetur
3065 3303 3183 3366 pro
3197 3286 3608 3351 celebratione

2044 3375 2391 3448 Missarum‚
2422 3377 2497 3439 ad
2522 3377 2816 3440 rationem
2840 3372 3603 3462 eleemosynae‘manualis,

2043 3468 2101 3530 et
2131 3469 2293 3550 quod
2323 3470 2443 3532 alia
2476 3470 2761 3533 medietas
2792 3471 3134 3552 implicetur
3165 3475 3239 3535 ad
3273 3475 3419 3536 us0s
3444 3477 3600 3557 pios,

2044 3566 2296 3627 curandi
2319 3565 2598 3628 videlicet
2621 3564 2927 3642 Infirmos,
2952 3568 3278 3649 recipiendi
3304 3561 3608 3652 Pauperes

2045 3657 2106 3718 in
2138 3659 2438 3741 Hospitali
2458 3706 2475 3732 ,
2506 3660 2714 3722 alendi
2736 3660 3084 3724 Carceratos
3103 3712 3124 3734 ,
3158 3671 3219 3726 et
3244 3663 3479 3746 reliqua
3508 3665 3601 3728 fa-

2040 3751 2239 3815 ciendi
2271 3774 2381 3835 pro
2410 3755 2740 3818 necessaria
2771 3756 2985 3818 domus
3011 3759 3483 3821 conservatione.

2160 3848 2388 3911 Habita
2416 3849 2861 3932 Archiepiscopi
2899 3843 3190 3914 rela'tione
3214 3899 3231 3926 ,
3270 3853 3603 3916 demanda-

2041 3949 2168 4003 tum
2215 3943 2371 4018 fuit,
2422 3944 2584 4025 quod
2613 3944 2802 4006 Causa
2835 3954 3158 4025 poneretur
3193 3945 3256 4008 in
3285 3946 3432 4009 solio
3458 3994 3474 4020 ,
3507 3949 3604 4010 uti

2041 4037 2302 4100 habetur
2352 4058 2425 4100 ex
2481 4038 2775 4119 rescripto
2821 4040 2983 4102 edito
3028 4042 3117 4102 dio
3165 4046 3223 4101 5.
3257 4040 3604 4124 Septembris

2046 4138 2220 4195 1716.
2237 4141 2298 4195 et
2311 4125 2701 4197 cohaerenter
2718 4133 2793 4196 ad
2816 4135 2961 4197 haec
2984 4143 3355 4199 renovantur
3377 4136 3392 4196 i
3401 4145 3526 4197 usta
3536 4158 3599 4197 n-

2042 4227 2160 4289 tiae
2188 4247 2222 4290 a
2270 4228 2777 4293 Confraternitate
2807 4249 2917 4310 pro
2944 4249 3200 4291 onerum
3252 4230 3612 4294 reductione

2040 4321 2116 4384 ad
2155 4322 2425 4384 tramites
2453 4322 2903 4385 informationis
2934 4324 3268 4387 Ordinarii.

2160 4417 2546 4479 Potissimum
2586 4417 2893 4499 petitionis
2929 4412 3392 4480 fundamentum
3447 4439 3592 4480 con-

366 4534 471 4577 nos
502 4535 618 4596 pro
662 4515 914 4577 servitio
962 4516 1170 4578 Chori.
1216 4517 1514 4597 Exposuit
1552 4517 1812 4580 ulterius
1853 4521 1932 4582 ab
1986 4549 1992 4572 2
2039 4511 2315 4574 stituitur
2345 4513 2407 4572 in
2441 4512 2556 4574 hoc
2579 4559 2598 4586 ,
2621 4512 2784 4593 quod
2811 4560 2827 4583 ,
2859 4521 3055 4575 stante
3088 4523 3412 4595 augmento
3441 4513 3602 4574 elee-

366 4609 1003 4681 Administratoribus,
1027 4611 1215 4672 variis
1239 4611 1616 4692 temporibus
1632 4621 1933 4694 receptam
1985 4581 1992 4670 l
2042 4625 2331 4688 mosynae
2357 4607 2679 4669 Missurum
2701 4608 2782 4668 ‘in
2810 4627 3043 4668 summa
3071 4613 3227 4668 adeo
3252 4609 3596 4669 considera-

363 4704 549 4766 fuisse
591 4723 704 4785 pro
750 4704 1053 4766 dictorum
1100 4724 1361 4766 'onerum
1412 4705 1926 4786 adimplemento,

367 4818 667 4860 summam
690 4808 999 4860 scutorum
1030 4803 1248 4859 saus.
1283 4800 1563 4861 Monetae
1592 4801 1923 4872 Romanae,

368 4903 423 4954 et
445 4895 511 4954 in
542 4892 832 4954 omnibus
859 4892 1359 4973 dispositionibus
1382 4894 1630 4955 Piorum
1678 4895 1928 4957 Benet'a-

368 4996 603 5049 ctorum
627 5036 643 5058 ,
674 4997 859 5067 atque
898 4988 1306 5050 contractibus
1347 4988 1800 5068 superadditum
1830 4989 1927 5051 fu-

367 5080 933 5160 isseobligationem
955 5082 1358 5144 distribuendi
1395 5082 1457 5143 in
1484 5084 1635 5146 alias
1663 5084 1931 5147 diversas

365 5175 779 5258 eleemosynas
818 5176 877 5237 id
908 5225 924 5247 ,
977 5177 1140 5257 quod
1181 5197 1260 5239 ex
1308 5177 1505 5238 reditu
1551 5188 1925 5256 superesset,

2040 4700 2192 4775 bili,
2223 4702 2389 4764 locus
2414 4711 2500 4764 est
2534 4712 2748 4765 earum
2795 4693 3130 4764 reductioni
3162 4748 3180 4773 ,
3226 4702 3458 4764 etiamsi
3515 4703 3597 4762 lo-

2036 4809 2301 4876 quamur
2330 4798 2405 4859 de
2431 4797 2631 4860 Missis
2663 4817 2770 4879 per
2819 4805 3194 4858 contractum
3247 4797 3590 4877 acceptatis,

2038 4890 2331 4964 Additur,
2363 4893 2525 4973 quod
2572 4892 2712 4954 lieet
2736 4911 2880 4953 vera
2911 4891 2990 4952 sit
3017 4891 3226 4974 regula
3251 4938 3267 4964 ‚
3302 4892 3464 4973 quod
3496 4893 3590 4951 in-

2037 4991 2128 5046 ter
2168 4985 2269 5066 pia
2300 5003 2484 5067 opera
2531 4986 2754 5047 diversi
2787 4986 3027 5067 generis
3053 5035 3069 5057 ,
3113 4986 3333 5048 Missae
3363 4995 3594 5066 postre-

2036 5098 2205 5140 mum
2252 5081 2366 5142 sibi
2408 5080 2716 5144 vindicent
2746 5083 2942 5143 locum
2974 5126 2990 5154 ,
3020 5082 3270 5162 quande
3295 5080 3499 5163 agitur
3522 5081 3604 5142 de

2035 5192 2293 5235 onerum
2320 5174 2672 5237 reductione
2696 5223 2713 5250 ,
2769 5175 2857 5237 uti
2911 5175 3174 5238 advertit
3225 5175 3476 5235 Bou-don.
3532 5177 3606 5236 de

363 5269 683 5333 satisfactis
719 5270 1030 5332 oneribus.
1064 5270 1363 5351 Exposuit
1387 5271 1631 5333 tandem
1662 5271 1804 5333 dicti
1836 5292 1931 5334 ca·
1979 5291 1986 5324 ι
2036 5267 2264 5347 Loqetis
2281 5290 2405 5349 cop.
2437 5274 2531 5331 15.
2557 5291 2618 5331 n.
2650 5277 2752 5333 35.
2775 5275 2952 5331 0142.
2976 5279 3037 5332 et
3058 5271 3330 5332 testando
3353 5270 3427 5332 de
3456 5289 3600 5350 pra-

370 5364 572 5445 pitalis
596 5365 858 5427 reditum
890 5384 1009 5426 non
1041 5366 1330 5428 excedere
1365 5365 1527 5427 hisce
1556 5366 1931 5447 temporibus
1980 5336 1989 5418 l
2037 5360 2099 5424 xi
2124 5362 2308 5446 hujus
2328 5363 2545 5427 Sacrae
2568 5363 3063 5446 Congregationis
3087 5362 3470 5444 prosequitur
3484 5362 3600 5423 F·-

364 5478 665 5522 summam
683 5478 953 5523 annuam
972 5468 1279 5523 scutorum
1301 5466 1474 5523 1705.
1502 5460 1664 5524 hisce
1687 5481 1931 5544 quoque
2036 5477 2213 5537 qaae.
2262 5459 2326 5519 ia
2347 5478 2473 5542 cap.
2527 5479 2602 5522 ecc
2636 5471 2804 5543 parte
2848 5479 3012 5521 narn.
3042 5462 3138 5520 34.
3179 5459 3250 5519 ds
3281 5455 3601 5520 Constitue.
