4393 6299
1693 552 1740 621 Q
1766 554 1812 608 0
1837 555 1895 608 aa
1924 555 1957 606 s
1986 557 2033 609 ‘r
2061 556 2158 610 10
2221 558 2484 613 cccxiv.

464 706 736 765 mentum
773 698 837 764 in
884 699 1029 764 locis
1071 702 1368 765 Montium
1392 749 1409 778 ,
1441 711 1545 765 aut
1566 704 1884 767 stabilibus
1910 707 1998 770 uti
2112 709 2572 774 celebrationem
2607 709 2959 788 Missurum,
2984 732 3153 776 secus
3182 723 3382 779 autem
3408 721 3652 799 quando

458 814 643 877 supra
668 842 686 871 ,
737 806 796 859 et
839 797 1082 879 quidem
1140 797 1203 858 in
1257 797 1407 860 facie
1452 797 1748 860 Ecclesiae
1770 844 1787 874 ,
1834 802 1995 882 qnod

459 892 702 953 tandem
750 891 1030 971 Princeps
1080 891 1341 953 Joannes
1388 891 1654 972 Baptista
1702 893 1862 955 filius
1886 940 1904 969 ,
1940 905 2001 958 et

451 983 663 1047 haeres
691 986 1011 1047 Testatoris
1040 1032 1056 1056 ,
1087 985 1190 1065 qui
1219 986 1388 1047 binas
1408 985 1558 1048 alias
1583 986 1997 1068 Cappellanias

454 1080 520 1139 in
551 1081 759 1141 eadem
793 1079 1056 1141 Ecclesia
1086 1080 1147 1140 S.
1180 1080 1425 1162 Agnetis
1448 1098 1526 1141 ex
1555 1100 1664 1143 suo
1707 1084 1994 1162 patrimo-

451 1173 555 1235 nio
584 1174 902 1256 erigendas
930 1173 1282 1246 mandavit‘,
1311 1194 1625 1256 nunquam
1653 1176 1991 1256 supplevit,

452 1286 563 1330 nec
590 1287 862 1348 unquam
885 1267 1230 1349 Cappellani
1256 1314 1274 1343 ,
1305 1279 1409 1331 aut
1436 1269 1696 1333 Ecclesia
1721 1290 1830 1351 pro
1852 1292 1994 1353 sup-

447 1359 751 1442 plemento
778 1362 1154 1423 insteterunt.

561 1457 725 1516 lnter
754 1466 985 1519 caetera
1008 1502 1026 1530 ‚
1065 1476 1223 1537 quae
1250 1477 1358 1537 pro
1385 1457 1498 1520 hoc
1527 1458 1734 1521 codem
1768 1478 1991 1522 assum·

2105 803 2374 865 Testator
2415 804 2732 868 haeredem
2761 806 3038 888 gravavit
3068 808 3143 870 ad
3177 810 3535 875 tradendum
3564 814 3651 876 le-

2103 898 2335 976 gatario
2357 918 2479 959 rem
2509 899 2786 980 legatam,
2817 911 2878 963 et
2901 901 3189 982 legatario
3211 903 3480 987 injunxit
3500 926 3652 973 onus

2104 992 2353 1052 curandi
2383 992 2865 1055 celebrationem.

2220 1086 2550 1148 Concordat
2579 1107 2716 1148 cum
2758 1088 2867 1151 hac
2893 1088 3274 1153 distinctione
3302 1092 3643 1177 Pasqualig.

2106 1179 2172 1239 de
2201 1177 2418 1258 Sacris.
2452 1201 2623 1243 novae
2658 1184 2791 1261 leqis
2832 1195 3045 1263 quaest.
3099 1190 3270 1247 1026.
3302 1207 3363 1247 n.
3401 1192 3460 1249 3.
3490 1198 3544 1250 et
3587 1193 3648 1251 4.

2110 1273 2327 1352 Alfene.
2383 1277 2446 1336 de
2478 1275 2649 1337 Leon.
2706 1280 2772 1338 de
2829 1278 2988 1359 Offie.
3045 1278 3386 1362 cappellani
3426 1293 3555 1346 sect.
3589 1290 3649 1348 5.

2107 1378 2321 1447 quaest.
2349 1373 2447 1429 24.
2479 1390 2638 1430 num.
2675 1376 2812 1432 355.
2845 1383 2895 1432 et
2922 1393 3069 1452 seqq.

2221 1461 2297 1521 Et
2318 1460 2708 1525 cohaerenter
2736 1463 2812 1525 ad
2842 1462 2988 1526 haec
3008 1466 3139 1527 Sac.
3166 1467 3559 1552 congregatio
3583 1470 3648 1532 in

440 1559 544 1628 pto
575 1551 914 1611 afferuntur
941 1596 957 1622 ,
999 1552 1248 1612 affertur
1281 1551 1461 1613 etiam
1496 1553 1801 1616 distinctio
1833 1552 1990 1616 inter
2097 1554 2358 1636 allegata
2417 1574 2598 1618 causa
2659 1558 2927 1620 Brixien.
2996 1560 3365 1626 reductionis
3420 1565 3653 1628 censuit

440 1662 678 1719 casum,
710 1664 832 1726 quo
872 1647 1143 1707 Testatur
1173 1649 1416 1708 mandet
1447 1645 1692 1710 haeredi
1719 1693 1737 1722 ,
1767 1656 1837 1709 ut
1870 1648 1988 1710 sol-

439 1748 542 1801 vat
569 1739 892 1820 quotannis
923 1752 1145 1802 certam
1190 1741 1650 1804 determinatam
1692 1762 1989 1806 summam

439 1832 623 1894 alicui
650 1833 933 1897 ecclesiae
966 1834 1136 1897 nulla
1164 1835 1319 1898 facta
1347 1835 1758 1918 designatione
1785 1857 1895 1899 nec
1923 1837 1985 1898 in

437 1947 692 2009 genere,
731 1947 840 1990 nec
878 1928 941 1989 in
989 1929 1184 2010 specie
1212 1978 1227 2000 .
1278 1930 1439 2010 quod
1471 1930 1664 1993 solvat
1709 1933 1782 1993 de
1813 1933 1987 1995 honis

437 2020 857 2084 haereditariis
882 2068 899 2095 ,
951 2031 1008 2084 et
1054 2023 1213 2084 inter
1254 2042 1456 2086 casum
1483 2070 1500 2097 ,
1551 2044 1673 2105 quo
1716 2026 1984 2087 Testator

439 2115 682 2178 mandet
718 2118 1007 2199 assignari
1054 2116 1353 2180 Ecclesiae
1399 2118 1705 2199 Capitale,
1751 2140 1825 2182 ex
1860 2139 1983 2201 quo

433 2209 688 2294 singulis
716 2213 894 2273 annis
929 2211 1063 2273 talis
1108 2212 1503 2275 determinata
1538 2231 1769 2276 summa
1804 2233 1981 2294 pecu·

434 2302 633 2366 niaria
661 2306 1003 2368 retrahatur
1032 2305 1393 2386 implicanda
1427 2306 1488 2367 in
1518 2305 1979 2369 celebrationem

434 2396 753 2460 missarum
780 2420 797 2473 ς
829 2400 1211 2461 contenditur
1249 2399 1412 2462 enim
1454 2400 1616 2480 quod
1647 2401 1709 2461 in
1747 2400 1861 2463 hoc
1885 2420 1978 2464 se·

428 2492 627 2552 cundo
672 2512 813 2555 casu
854 2492 1009 2555 facta
1052 2513 1158 2574 per
1208 2492 1523 2554 haeredem
1576 2493 1981 2574 assignatione

430 2583 755 2664 Capitalis,
786 2586 1116 2666 eodemque
1148 2584 1435 2647 translato
1463 2586 1525 2646 in
1557 2586 1857 2650 Ecclesiae
1879 2588 1980 2650 do·

432 2679 690 2740 minium
717 2728 730 2750 ‚
784 2680 949 2741 locus
990 2700 1116 2742 esse
1149 2688 1406 2761 nequeat
1449 2679 1866 2761 supplemento
1913 2681 1976 2743 in

430 2793 571 2836 casu
600 2772 1019 2836 diminutionis
1063 2775 1234 2854 juxta
1270 2776 1385 2835 dee.
1412 2777 1551 2835 433.
1579 2795 1682 2855 per
1722 2785 1822 2835 tot.
1857 2796 1973 2837 eor.

432 2866 644 2941 Gerra,
690 2868 786 2928 cui
812 2870 981 2928 etiam
1021 2868 1276 2929 adhaesit
1319 2867 1468 2929 Rota
1495 2869 1558 2926 in
1583 2868 1843 2930 Romana
1869 2889 1975 2930 an-

425 2979 574 3021 nuae
589 2962 989 3041 praestationis
1012 2965 1103 3021 19.
1128 2960 1410 3022 Ianuarii
1429 2965 1603 3023 1702.
1622 2982 1810 3024 coram
1827 2964 1971 3023 clar.

428 3074 589 3115 mem.
619 3053 797 3115 Card.
829 3053 1118 3135 Caprara.

543 3148 885 3211 Consimilis
933 3168 1103 3209 casus
1153 3147 1271 3212 fuit
1321 3145 1702 3213 examinatus
1750 3151 1812 3211 in
1865 3149 1979 3214 hac

425 3244 556 3306 Sac.
611 3243 1083 3325 Congregatione
1111 3246 1175 3303 in
1206 3246 1453 3324 quadam
1491 3266 1664 3307 causa
1700 3246 1973 3307 Brioeien.

423 3339 763 3398 reductionis
798 3337 1113 3399 Missurum
1143 3342 1198 3398 1.
1234 3337 1548 3399 Decembris
1581 3343 1755 3400 1685.
1785 3340 1979 3419 dispo-

423 3440 625 3493 suerat
672 3432 941 3492 Testator
983 3451 1089 3511 per
1131 3431 1278 3493 haec
1325 3433 1513 3495 verba
1538 3478 1555 3506 ,
1614 3435 1829 3504 tuscia,
1881 3436 1978 3496 che

424 3527 468 3586 ἴ
483 3528 829 3605 ἰηῙνωονίαι
853 3527 1122 3587 men-odi
1145 3528 1309 3588 siano
1326 3528 1602 3605 obbliqate
1630 3529 1814 3588 sabito
1837 3528 1976 3607 dopo

424 3620 484 3682 la
522 3631 695 3681 morte
724 3640 830 3681 sua
870 3639 1164 3698 assequare
1207 3623 1359 3681 tanti
1388 3623 1514 3681 suoi
1562 3623 1685 3681 beni
1720 3624 1786 3683 ai
1827 3622 1974 3701 Req-

417 3717 574 3795 9enti
601 3717 753 3776 della
788 3713 1001 3775 Scuola
1046 3715 1137 3775 dot
1178 3714 1520 3776 santissimo
1549 3715 1792 3776 Rosario
1821 3716 1974 3779 della

423 3807 600 3871 Terra
626 3810 688 3870 di
715 3808 1048 3879 Ladriaao,
1081 3811 1287 3888 quanti
1327 3811 1488 3870 siano
1512 3810 1811 3889 sufficienti
1839 3813 1976 3872 colli

419 3903 624 3980 fruti,
668 3905 763 3965 che
789 3903 864 3965 da
897 3905 1001 3963 essi
1025 3904 1078 3963 si
1104 3922 1452 3973 cavwanno,
1484 3903 1546 3962 di
1572 3904 1669 3981 sar
1696 3906 1972 3967 celebrare

417 4014 537 4059 aaa
557 3995 751 4059 Messa
776 3995 1113 4076 quotidiana
1133 3999 1197 4058 al
1226 3997 1372 4057 detto
1393 3999 1581 4059 altare
1606 3998 1696 4059 del
1732 3996 1967 4060 Samis-

416 4092 558 4153 simo
585 4091 825 4153 Rosario
845 4112 868 4159 ,·
896 4091 1139 4152 docendo
1171 4092 1311 4151 detti
1333 4091 1605 4171 Reqqeati
1630 4111 1763 4154 aver
1784 4113 1925 4155 cura
1947 4140 1964 4165 ,

416 4188 571 4250 accio
589 4188 743 4248 detta
767 4184 960 4247 Messa
975 4188 1064 4246 sia
1095 4187 1372 4247 celebrata
1391 4197 1861 4267 perpetuamente.

2099 1650 2357 1711 haeredes
2382 1670 2499 1711 noa
2530 1654 2707 1712 teneri
2732 1652 2810 1715 ad
2835 1655 3225 1734 supplendum.

2215 1743 2329 1805 His
2353 1744 2681 1818 stantibus,
2717 1747 3066 1826 quaeritur:

2219 1836 2316 1897 Aa
2352 1840 2427 1897 sit
2472 1839 2621 1900 locas
2653 1839 2969 1899 reductioni
3000 1839 3513 1922 Coppellanorum,
3553 1866 3651 1909 seu

2096 1933 2285 2010 potius
2311 1933 2691 2014 supplemento
2715 1934 2780 1993 in
2806 1953 2974 2007 casu,
3006 1945 3058 1995 et
3081 1935 3158 1997 ad
3182 1935 3432 2018 effectum
3456 1951 3557 2001 etc.

2206 2122 2359 2173 Sacra
2385 2122 2580 2192 Congr.
2613 2122 2918 2191 respondit:

2276 2209 2373 2263 Ad
2395 2210 2636 2279 primam
2658 2225 2873 2281 partem
2912 2213 3182 2282 negative,
3211 2225 3263 2266 ee
3289 2216 3551 2286 amplius,
3578 2216 3656 2269 ad

2087 2297 2385 2350 secundam
2411 2298 2609 2351 iterum
2630 2311 2987 2370 proponatur.

2519 2520 2878 2596 QUAESTIO
2924 2522 3205 2587 CCva.

2185 2738 2260 2800 In
2291 2737 2486 2802 Causa
2511 2739 2869 2816 Mutinensi,
2899 2742 2989 2802 die
3027 2747 3121 2804 13.
3153 2742 3329 2806 Iunii
3363 2748 3536 2806 1722.

2083 2899 2306 3018 Anno
2333 2962 2507 3019 1706.
2553 2967 2828 3021 mortuus
2854 2971 2943 3022 est
2969 2960 3203 3023 Nobilis
3229 2962 3344 3024 Vir
3368 2962 3633 3025 Alexan-

2087 3050 2195 3113 der
2244 3052 2476 3114 Zuccoli
2528 3073 2562 3115 e
2605 3053 2858 3116 Civitate
2902 3055 3192 3118 Mutinae.
3239 3055 3490 3136 Scripsit
3533 3055 3633 3120 hic

2089 3143 2406 3208 haeredem
2457 3146 2964 3210 usufructuariam
3013 3148 3306 3212 Joannam
3356 3151 3431 3212 de
3476 3152 3641 3212 Bono

2088 3259 2260 3302 suam
2297 3242 2590 3314 Uxorem,
2623 3251 2679 3304 et
2716 3252 2843 3323 post
2873 3245 2999 3323 ejus
3024 3243 3255 3305 obitum
3293 3254 3640 3306 executores

2089 3336 2359 3416 rogavit,
2410 3346 2473 3396 ut
2516 3337 2901 3416 procederent
2937 3337 3010 3398 ad
3056 3336 3464 3399 venditionem
3507 3358 3637 3400 om-

2091 3430 2261 3491 nium
2294 3449 2541 3491 suorum
2583 3430 2881 3492 honorum
2913 3441 3032 3492 tam
3073 3431 3422 3507 mobilium,
3453 3451 3635 3513 quam

2086 3524 2491 3585 immobilium
2508 3570 2525 3598 ,
2547 3534 2607 3586 et
2630 3543 2706 3586 ex
2732 3525 2922 3605 pretio
2944 3524 3234 3587 celebrari
3260 3526 3525 3589 facerent
3550 3537 3635 3592 tot

2075 3617 2302 3679 ‘Missas
2325 3618 2385 3680 in
2410 3617 2800 3701 privilegiatis
2822 3618 3117 3681 altaribus
3140 3639 3249 3700 pro
3276 3621 3478 3682 anima
3502 3641 3633 3697 sua,

2082 3719 2142 3775 et
2169 3713 2343 3796 juxta
2373 3732 2542 3774 suam
2580 3714 3006 3787 intentionem3
3039 3733 3297 3794 cumque
3342 3713 3495 3775 nihil
3541 3715 3634 3777 di-

2084 3807 2379 3887 sposuerit
2427 3807 2636 3870 favore
2666 3807 2907 3888 Josephi
2944 3808 3175 3871 Zuccoli
3217 3808 3308 3869 sui
3339 3827 3634 3890 pronepo-

2087 3900 2193 3973 tis,
2221 3901 2333 3962 filii
2366 3900 2638 3963 videlicet
2666 3921 2742 3962 ex
2767 3901 2955 3963 fratre
2985 3902 3247 3982 nepotis,
3278 3900 3526 3964 fuerunt
3552 3903 3633 3965 ab

2082 4015 2154 4057 eo
2181 3995 2479 4076 supplices
2508 4014 2710 4076 preces
2746 3995 3052 4057 exhibitae
3079 3997 3140 4057 S.
3171 3997 3256 4058 M.
3293 3995 3480 4059 Clem.
3516 3997 3630 4059 Pa-

2080 4108 2193 4170 pae
2231 4090 2345 4151 xt.
2392 4109 2502 4170 pro
2528 4090 2733 4170 aliqua
2764 4089 3161 4171 assignatione
3190 4090 3307 4151 sihi
3353 4110 3429 4151 ex
3458 4090 3631 4152 bonis

2077 4182 2500 4246 haereditariis
2538 4182 2867 4245 Alexandri
2915 4183 3180 4245 facienda
3224 4191 3357 4263 post
3391 4184 3626 4246 obitum

417 4304 428 4311 ·
532 4280 746 4342 Secuto
788 4279 1112 4341 Testatoris
1138 4281 1306 4341 obitu
1336 4325 1353 4351 ,
1386 4279 1539 4342 facta
1573 4279 1689 4342 fuit
1714 4282 1793 4342 ab
1826 4281 1966 4343 hae-
2078 4276 2349 4339 1000000
2375 4277 2450 4338 de
2472 4278 2638 4337 Bono
2663 4274 2937 4338 haeredis
2965 4276 3479 4351 usufructuariae,
3509 4285 3568 4338 et
3594 4297 3629 4340 a

387 4373 662 4436 'redihus
702 4373 1026 4455 assignatio
1070 4373 1440 4454 Regentibus
1479 4373 1673 4435 dictae
1711 4374 1966 4436 Scholae
2081 4371 2409 4433 Sanctitate
2430 4389 2537 4432 sua
2560 4370 2809 4432 suerunt
2837 4389 3037 4450 preces
3066 4370 3348 4433 remissae
3370 4372 3444 4433 ad
3474 4369 3632 4433 hanc

413 4476 506 4530 tot
530 4469 932 4530 Terrenorum
956 4512 973 4541 ,
1019 4480 1168 4548 quot
1210 4468 1583 4530 sufficiebant
1616 4488 1723 4547 pro
1757 4487 1965 4530 annuo
2073 4463 2205 4527 Sac.
2246 4465 2802 4547 Congregationem.

411 4554 614 4624 mu
625 4560 866 4624 tutans
875 4560 1286 4643 quotidianae,
1314 4581 1572 4641 cumque
1596 4569 1786 4623 tractu
1814 4572 1962 4624 tem-

2195 4558 2431 4621 Pluries
2460 4570 2658 4621 actum
2694 4558 2811 4619 fuit
2851 4557 2925 4618 de
2952 4556 3076 4617 illis
3103 4556 3261 4619 inter
3298 4557 3626 4620 summaria

407 4648 580 4736 poris
621 4654 752 4716 sine
780 4653 956 4735 culpa
1000 4654 1297 4716 dictorum
1344 4656 1699 4736 Regentium
1727 4703 1742 4726 ,
1787 4664 1848 4718 et
1884 4675 1961 4716 ex
2078 4671 2319 4732 precum
2344 4699 2361 4725 ,
2392 4661 2707 4734 postquam
2743 4654 2919 4733 juxta
2963 4669 3189 4712 rnorem
3225 4651 3467 4713 auditus
3511 4652 3626 4713 suit

413 4756 696 4810 consueto
723 4747 986 4809 naturali
1028 4747 1403 4809 decremento
1432 4747 1751 4829 contigerit
1789 4767 1960 4810 casus
2070 4746 2463 4821 Ordinarius,
2494 4757 2553 4808 et
2583 4747 2823 4808 tandem
2862 4746 2940 4807 ab
2968 4744 3457 4807 Eminentissimo
3484 4747 3624 4808 Cor·

413 4840 831 4903 diminutionis
872 4840 1057 4903 annui
1088 4841 1317 4902 reditus
1342 4887 1359 4914 ,
1400 4849 1609 4903 exorta
1639 4850 1727 4903 est
1750 4843 1956 4923 dispu-

411 4934 560 4997 tatio
584 4981 600 5007 ,
629 4954 707 4997 an
738 4934 1023 4997 haeredes
1054 4941 1403 4996 tenerentur
1426 4935 1724 5016 supplere.

435 5028 881 5091 '³'.¹=*Mandatum
914 5027 1062 5101 suit,
1102 5035 1171 5088 ut
1206 5028 1490 5090 instantia
1521 5038 1954 5109 proponeretur

407 5118 473 5182 in
497 5120 643 5184 folio
667 5168 684 5196 ,
713 5134 773 5184 et
800 5124 862 5182 in
882 5121 1169 5202 suffragio
1196 5122 1336 5181 hon.
1373 5141 1549 5183 mem.
1573 5120 1786 5182 Albitii
1815 5134 1955 5184 tuuc

408 5206 724 5279 Secretarii
756 5216 1064 5278 firmatum
1105 5215 1220 5276 suit
1242 5260 1258 5286 ,
1310 5215 1624 5276 haeredem
1660 5215 1847 5275 teneri
1878 5216 1952 5277 ad

407 5311 887 5393 supplementum
920 5356 937 5384 ,
973 5310 1216 5390 quando
1236 5308 1352 5370 fuit
1385 5310 1574 5391 legata
1604 5309 1909 5388 quantitas
1930 5355 1949 5383 ,

406 5404 500 5466 vel
529 5406 771 5488 quando
814 5404 930 5466 fuit
961 5404 1151 5485 legata
1181 5422 1277 5464 res
1302 5404 1364 5464 in
1408 5404 1603 5484 specie
1624 5449 1640 5477 ,
1673 5424 1829 5483 quae
1857 5423 1950 5464 re-

2067 4840 2284 4901 radino
2317 4851 2458 4903 tunc
2497 4840 2797 4922 praefecto
2827 4839 3252 4902 demandatum
3279 4838 3428 4914 fuit,
3460 4840 3623 4922 quod

2066 4952 2247 4996 causa
2276 4944 2600 5015 poneretur
2630 4934 2694 4995 in
2725 4932 2894 4994 solio.

2183 5028 2375 5089 Porro
2409 5028 2473 5089 in
2500 5047 2604 5101 eo,
2636 5028 2798 5108 quod
2834 5026 3047 5089 attinet
3073 5026 3153 5088 ad
3182 5025 3490 5090 Ordinarii
3523 5027 3617 5088 in-

2065 5121 2521 5196 formationem,
2556 5121 2621 5182 in
2649 5141 2719 5182 ea
2750 5123 3126 5192 continetur,
3163 5120 3360 5199 primo
3404 5140 3615 5182 nume-

2063 5235 2201 5277 rum
2262 5217 2582 5278 Missarum
2643 5215 2955 5295 hucusque
3006 5212 3444 5276 celebratarum
3511 5234 3620 5295 pro

2060 5308 2280 5369 Anima
2332 5308 2660 5370 Alexandri
2711 5327 2787 5371 ex
2838 5306 3150 5390 pecuniiS,
3195 5316 3257 5368 et
3309 5309 3621 5370 nonnullis

2060 5402 2391 5465 mobilibus
2420 5402 2839 5467 haereditariis
2877 5400 3138 5467 venditis
3178 5403 3498 5467 ascendere
3544 5406 3619 5465 ad

407 5504 610 5565 manet
637 5519 818 5584 penes
838 5498 1153 5562 haeredem
1175 5498 1498 5562 habentem
1521 5518 1676 5562 onus
1699 5498 1950 5561 curandi
2064 5517 2127 5559 n.
2162 5503 2341 5560 6095.
2404 5526 2409 5541 ·
2462 5522 2519 5561 ¹a
2620 5532 2623 5543 ·
