4393 6299
1683 494 2141 568 Qusssrto
2213 500 2445 557 cccxt..

440 632 611 721 aliud
634 658 866 731 tempus
898 648 1128 732 judicio
1159 665 1339 729 super
1379 647 1770 712 translatione
1822 647 1972 711 Con·

2075 653 2210 715 dem
2256 654 2628 737 delegatione
2676 655 2916 737 speciali
2964 654 3041 720 ad
3105 664 3333 719 certum
3374 665 3611 731 actum,

441 745 832 809 fraternitatis
852 744 954 805 SS.
985 743 1357 807 Sacramenti
1388 742 1452 804 in
1480 743 1687 805 eadem
1710 742 1971 806 Ecclesia
2086 748 2291 829 vigore
2320 748 2601 814 videlicet
2629 751 2847 814 decreti
2893 751 3076 833 hujus
3108 750 3324 814 Sacrae
3353 751 3617 831 Congre-

426 847 688 913 ‘erectae,
702 839 1003 901 decretum
1031 835 1148 899 fuit
1165 836 1329 899 illico
1350 840 1744 918 acceptatum,
1762 845 1823 899 et
1839 857 1974 900 exe·

434 933 663 995 cutioni
713 931 1062 995 mandatum
1087 975 1104 1004 ,
1160 938 1221 993 et
1273 930 1574 993 Parochus
1622 931 1683 992 S.
1717 931 1966 993 Joannis

434 1026 872 1108 Evangelistae,
914 1025 1154 1087 nemine
1189 1024 1652 1098 contradicente,
1705 1024 1971 1087 visitavit

434 1119 649 1182 domus
673 1118 1001 1181 Parochiae
1040 1118 1100 1178 S.
1134 1116 1338 1178 Severi
1371 1116 1486 1178 sibi
1520 1127 1789 1179 recenter
1829 1118 1968 1179 uni-

436 1220 557 1285 tae,
595 1221 814 1274 statum
865 1212 1227 1273 Animarum
1266 1209 1541 1283 confecit,
1588 1210 1967 1272 Sacramenta

433 1306 898 1379 administravit,
916 1308 1213 1368 bonorum
1245 1304 1517 1366 omnium
1549 1304 1874 1366 Parochiae
1900 1305 1960 1366 S.

430 1400 637 1463 Severi
674 1401 1102 1481 possessionem
1129 1400 1351 1480 coepit;
1380 1409 1444 1462 at
1471 1408 1679 1461 exorto
1697 1418 1964 1471 rumore,

429 1494 595 1576 quod
630 1493 910 1556 nonnulli
955 1493 1167 1555 unioni
1191 1493 1685 1574 refragabantur,
1707 1500 1786 1567 {et
1804 1493 1964 1574 quod

428 1607 561 1653 eam
591 1595 786 1649 essent
825 1586 1272 1668 impugnaturi,
1301 1587 1539 1648 oblatus
1565 1586 1681 1648 fuit
1713 1585 1965 1666 supplex

427 1681 574 1743 huic
605 1681 735 1743 Sac.
764 1680 1223 1762 Congregationi
1258 1680 1501 1742 libellus
1526 1700 1561 1742 a
1596 1680 1861 1743 Parocho
1897 1680 1959 1741 S.

430 1775 680 1836 Ioannis
709 1774 1162 1857 Evangelistae,
1194 1783 1261 1837 ut
1304 1774 1589 1837 instantia
1640 1774 1963 1836 adversan-

430 1870 582 1930 tium
606 1869 818 1931 unioni
855 1869 1228 1951 rejiceretur,
1259 1876 1319 1930 et
1335 1870 1509 1950 juxta
1554 1887 1780 1931 morem
1828 1867 1958 1929 Sac.

426 1962 820 2044 Congregatio
845 1982 1047 2043 preces
1071 1961 1303 2024 remisit
1328 1962 1403 2025 ad
1425 1962 1840 2025 Ordinarium.

541 2056 902 2118 Ordinarius
923 2056 986 2117 in
1012 2075 1120 2118 sua
1149 2074 1306 2118 nova
1345 2054 1772 2120 informatione
1798 2065 1962 2118 retu-

435 2148 509 2212 lit
532 2169 626 2224 ea,
648 2169 805 2232 quae
837 2169 872 2213 a
902 2170 966 2212 se
992 2159 1154 2232 gesta
1175 2159 1317 2213 sunt
1344 2150 1407 2211 in
1431 2152 1843 2214 executionem
1865 2150 1961 2213 de-

430 2243 576 2307 creti
611 2263 795 2324 supra
826 2246 1162 2317 memorati,
1185 2253 1246 2306 et
1277 2264 1313 2308 a
1348 2244 1730 2307 Sanctissimo
1752 2263 1964 2325 appro-

423 2337 572 2412 bati,
607 2337 836 2400 nullam
872 2357 1118 2420 quoque
1162 2338 1497 2401 aitadesse
1556 2338 1959 2420 conquerendi

425 2430 712 2506 Causam,
775 2440 904 2494 tum
949 2433 1095 2512 quia
1138 2432 1441 2495 Parochus
1465 2431 1664 2494 Sancti
1713 2432 1964 2499 loannis

428 2525 848 2608 Evangelistae
880 2526 996 2589 sibi
1029 2527 1179 2587 duos
1208 2526 1559 2606 capellanos
1584 2525 1856 2599 adscivit,
1894 2530 1965 2589 ut

422 2619 707 2681 omnibus
737 2620 949 2700 Populi
975 2621 1431 2683 necessitatibus
1453 2627 1686 2702 praesto
1706 2620 1806 2692 sit,
1832 2627 1960 2681 tum

418 2714 566 2795 quia
600 2711 862 2776 Ecclesia
882 2714 943 2775 S.
973 2713 1225 2775 loannis
1277 2713 1697 2795 Evangelistae
1745 2712 1961 2795 majori

422 2805 863 2868 recurrentium
894 2806 1049 2886 parti
1078 2805 1411 2885 proximior
1437 2814 1557 2879 est,
1588 2815 1647 2869 et
1695 2824 1959 2868 commo·

415 2898 574 2974 dior,
603 2920 714 2963 nec
739 2899 1042 2963 clauditur
1066 2899 1171 2963 illa
1195 2901 1256 2962 S.
1286 2901 1512 2975 Severi,
1560 2920 1697 2962 cum
1747 2900 1957 2963 eadem

417 2993 482 3054 in
508 2994 802 3073 praesenti
832 2995 1020 3076 magis
1043 2993 1479 3076 frequentetur,
1495 3013 1677 3076 quam
1703 2995 1766 3057 in
1791 3014 1956 3077 prae-

418 3088 687 3164 teritum,
712 3090 1034 3170 Patresque
1054 3090 1347 3163 Oratorii,
1367 3098 1486 3153 tam
1523 3092 1586 3153 in
1612 3090 1746 3164 hac,
1773 3110 1958 3173 quam

416 3182 482 3244 in
525 3183 664 3245 aliis
710 3184 1017 3246 Parochiis
1059 3186 1273 3247 solatio
1324 3185 1710 3248 infirmorum
1743 3185 1950 3248 sedulo

416 3277 803 3359 pervigilent,
828 3286 888 3338 et
905 3279 966 3339 in
991 3296 1097 3339 sua
1118 3278 1379 3341 Ecclesia
1399 3280 1771 3354 domesticos,
1782 3283 1956 3362 juxta

420 3390 596 3434 suum
645 3371 1015 3446 Institutum,
1066 3391 1369 3435 sermones
1412 3374 1698 3446 habeant,
1725 3383 1784 3437 et
1811 3394 1955 3436 con·

417 3464 749 3527 fluentibus
779 3464 1167 3553 Sacramenta
1212 3465 1679 3540 administrent;
1725 3475 1783 3528 et
1809 3466 1954 3547 quia

416 3557 702 3622 unionem
719 3562 845 3640 jam
866 3578 975 3622 suo
996 3560 1207 3622 effectu
1224 3560 1470 3641 potitam
1496 3561 1835 3642 impugnari
1862 3561 1957 3622 in-

416 3652 669 3728 tellexit,
701 3661 826 3716 tum
860 3662 1103 3738 propter
1133 3655 1412 3717 omissam
1446 3655 1952 3718 Parochianorum

414 3747 784 3819 citationem,
839 3757 967 3811 tum
1015 3757 1260 3830 propter
1308 3749 1604 3812 defectum
1635 3768 1955 3812 consensus

415 3839 702 3921 Capituli,
733 3841 937 3903 subdit
966 3841 1295 3924 Episcopus
1346 3842 1640 3923 Populum
1690 3841 1752 3903 in
1794 3841 1958 3922 hisce

414 3932 746 3993 unionibus
768 3951 889 3994 non
909 3925 1035 3996 esse
1054 3934 1384 4009 citandum,
1413 3935 1513 3996 sed
1538 3936 1952 3997 tantummodo

416 4025 784 4087 audiendum
805 4074 821 4097 ,
850 4037 1149 4106 quatenus
1177 4028 1409 4110 aliquid
1459 4029 1732 4091 relevans
1759 4029 1951 4091 addu-

415 4127 510 4180 cat
524 4166 542 4190 ,
563 4121 734 4200 juxta
755 4118 996 4182 firmata
1013 4142 1117 4202 per
1132 4123 1271 4184 Pac.
1292 4122 1538 4183 Jordan.
1566 4124 1782 4183 lucubr.
1815 4133 1945 4183 tom.

414 4217 475 4274 2.
501 4215 598 4273 lib.
641 4216 736 4274 10.
766 4217 857 4275 tit.
892 4219 988 4276 32.
1033 4237 1190 4277 num.
1224 4221 1320 4278 94.
1355 4215 1595 4278 Barbas.
1633 4219 1708 4279 ad
1727 4237 1849 4297 cap.
1886 4224 1943 4278 5.

414 4327 542 4368 sess.
569 4311 667 4368 21.
704 4328 859 4369 nam.
894 4314 952 4370 8.
986 4309 1296 4372 Monacell.
1355 4315 1421 4371 in
1443 4313 1674 4390 formul.
1725 4321 1853 4372 tom.
1891 4317 1944 4372 1.

414 4403 505 4461 tit.
532 4405 592 4460 2.
616 4402 846 4480 formul.
881 4408 941 4463 7.
968 4423 1126 4464 nam.
1158 4410 1215 4466 3.
1242 4414 1300 4467 et
1321 4404 1591 4467 adhaesit
1614 4405 1951 4469 haecSacra

412 4493 803 4576 Congregatio
857 4499 920 4556 in
960 4496 1317 4577 Fulqinaten.
1372 4498 1607 4561 Unionis
1650 4505 1745 4561 30.
1801 4499 1942 4562 Jan.

414 4592 691 4651 currentis
705 4593 847 4651 anni
872 4595 1045 4652 1723.
1062 4599 1123 4653 et
1143 4592 1433 4673 disputari
1466 4594 1621 4655 inter
1642 4596 1945 4669 Doctores,

2079 843 2339 924 gationis
2367 863 2402 907 a
2429 844 2677 906 Summo
2699 845 2990 908 Pontifice
3012 845 3375 918 confirmati,
3399 846 3488 908 uti
3511 847 3617 909 be-

2080 957 2155 1000 ne
2176 938 2468 1018 ponderat
2491 937 2740 1001 Garzias
2762 942 2827 1000 de
2848 941 3065 1021 benefic.
3090 950 3244 1020 part.
3276 946 3370 1002 12.
3397 961 3522 1021 cap.
3550 946 3612 1002 2.

2078 1031 2142 1114 §-
2174 1039 2232 1093 2.
2264 1054 2422 1094 num.
2469 1038 2601 1095 151.
2647 1041 2773 1095 tum
2809 1034 2952 1115 quia
2987 1052 3313 1095 consensus
3343 1034 3606 1115 Capituli

2078 1127 2362 1206 subsequi
2391 1135 2602 1206 potest,
2622 1134 2682 1189 et
2708 1126 3018 1189 duodecim
3041 1146 3116 1188 ex
3143 1126 3368 1198 decem,
3400 1136 3460 1189 et
3484 1135 3617 1190 octo

2076 1220 2391 1282 Canonicis
2411 1219 2752 1301 supplicant
2766 1240 2874 1301 pro
2888 1221 3351 1283 conservatione
3375 1222 3619 1283 unionis

2075 1322 2365 1394 tanquam
2411 1316 2709 1377 tendentis
2756 1316 2830 1376 ad
2878 1315 3188 1395 publicum
3236 1317 3460 1377 bonum
3487 1362 3504 1390 ‚
3556 1323 3617 1380 et

2073 1409 2584 1470 conservationem
2613 1407 3103 1490 Congregationis
3128 1409 3391 1471 Oratorii
3409 1454 3424 1470 .

2199 1503 2230 1562 J
2239 1522 2347 1566 ura
2374 1502 2907 1576 circumferuntur,
2940 1503 3221 1584 quocirca
3247 1524 3410 1567 nunc
3432 1524 3618 1586 quae-

2076 1594 2269 1658 ritur:

2187 1688 2239 1750 I.
2279 1689 2375 1749 An
2415 1692 2729 1771 suppressio
2775 1689 3249 1753 Parachialitatis
3270 1737 3288 1765 ‚
3337 1701 3388 1753 et
3440 1712 3610 1754 curae

2071 1784 2419 1845 Animarum
2443 1783 2513 1844 S.
2538 1784 2756 1855 Severi,
2786 1785 3009 1863 ejusque
3036 1788 3339 1866 respectiva
3369 1789 3506 1846 anio
3539 1788 3615 1848 ad

2072 1878 2254 1939 aliam
2274 1877 2667 1939 Parochialem
2695 1876 3009 1939 Ecclesiam
3038 1878 3106 1940 S.
3152 1878 3398 1941 Ioannis
3421 1879 3616 1941 Evan-

2069 1972 2297 2049 9elistae
2323 1973 2674 2033 sustineatur
2704 1974 2770 2032 in
2814 1991 2948 2033 casu
2974 1981 3074 2034 etc.
3111 1981 3165 2033 et
3199 1982 3475 2052 quatenus
3513 1994 3612 2035 ne-

2068 2067 2255 2144 yative
2279 2108 2296 2125 .

2182 2157 2265 2220 11.
2297 2158 2394 2219 An
2413 2162 2489 2220 sit
2511 2159 2659 2220 lectu
2675 2177 2848 2221 necas
2858 2161 3260 2240 sappi-essionis
3286 2160 3604 2224 Par-achia·-

2071 2254 2253 2314 litatis
2277 2251 2483 2316 Sancti
2524 2251 2741 2327 Severi,
2793 2254 3016 2331 ejusque
3046 2258 3378 2334 respectivae
3402 2258 3611 2317 unioni

2066 2348 2144 2409 ad
2163 2350 2344 2410 aliam
2384 2348 2692 2410 Ecclesiam
2712 2346 2918 2411 Sancti
2935 2347 3180 2411 Ioannis
3212 2349 3613 2431 Ecanqelistae

2066 2445 2133 2503 in
2158 2462 2294 2504 casu
2326 2451 2429 2504 etc.

2175 2632 2549 2701 Sacracongr.
2579 2631 2667 2684 dia
2692 2630 2778 2685 ⁸1.
2806 2632 2932 2686 Julii
2963 2630 3121 2687 1⁷2³.
3146 2632 3463 2701 respondit:

2244 2720 2344 2773 Ad
2359 2719 2599 2789 primum
2626 2716 2995 2791 affirmative.
3020 2720 3121 2775 Ad
3138 2720 3434 2775 secundum
3478 2721 3616 2776 satis

2057 2805 2337 2880 provisum
2364 2809 2422 2862 in
2438 2808 2621 2880 primo
2638 2845 2651 2861 .

2484 2997 2843 3074 QUAESTIO
2883 2998 3186 3063 CCCXLI.

2139 3199 2214 3260 In
2259 3199 2778 3282 CausaAquilana
2804 3200 3263 3271 lurisdictionis,
3303 3203 3392 3263 die
3424 3208 3520 3264 31.

2652 3294 2811 3357 Jalii
2840 3299 3011 3357 1723.
3111 3349 3114 3356 .

2064 3416 2309 3542 Dubia
2343 3481 2419 3542 ad
2449 3481 2667 3543 calcem
2690 3480 3000 3544 referenda
3026 3481 3357 3562 respiciunt
3394 3481 3604 3544 visita-

2063 3573 2287 3635 tionem
2329 3575 2408 3637 ab
2460 3575 2751 3656 Episcopo
2803 3576 3107 3654 Aquilano
3165 3575 3498 3636 faciendam
3539 3576 3603 3637 iu

2063 3668 2444 3729 Monasteriis
2459 3669 2819 3731 Monialium
2839 3669 3085 3732 Ordinis
3106 3669 3602 3743 Caelestinorum,

2059 3767 2120 3822 et
2162 3779 2320 3841 quae
2350 3769 2491 3823 sunt
2543 3762 2804 3844 subjecta
2855 3761 3278 3843 Superioribus
3323 3762 3589 3844 ejusdem

2064 3852 2332 3915 Ordinis.
2383 3851 2656 3935 Cumque
2693 3855 2831 3936 jura
2868 3854 3131 3934 partium
3161 3852 3304 3914 hinc
3329 3855 3469 3915 inde
3490 3855 3605 3916 cir·

2057 3947 2494 4020 cumferantur,
2530 3948 2646 4011 mei
2673 3949 2940 4010 muneris
2968 3968 3092 4009 esse
3113 3966 3322 4009 censeo
3352 3948 3604 4009 innuere

2062 4049 2294 4103 tantum
2319 4043 2576 4115 dec-reta,
2607 4061 2763 4123 quae
2796 4042 2856 4102 in
2884 4042 3150 4123 Regestis
3176 4041 3359 4124 hujus
3386 4042 3602 4102 Sacrae

2058 4134 2551 4216 Congregationis
2581 4134 2856 4196 invenire
2884 4135 3084 4215 potui,
3139 4153 3416 4214 quaeque
3456 4154 3601 4195 con-

2056 4229 2276 4290 ducere
2311 4235 2559 4309 possunt
2582 4228 2658 4290 ad
2680 4228 2976 4290 dictorum
3011 4227 3333 4289 dubiorum
3367 4229 3599 4289 resolu-

2056 4323 2312 4385 tionem.

2173 4417 2420 4478 Sacrum
2442 4416 2774 4478 Concilium
2799 4415 2948 4477 Sess.
2966 4420 3064 4476 25.
3088 4416 3151 4474 de
3173 4414 3445 4494 Regulam
3468 4431 3595 4493 cap.

2059 4516 2119 4572 5.
2156 4510 2220 4571 in
2251 4510 2630 4572 Monasteriis
2653 4510 3012 4572 Monialium
3051 4509 3231 4570 etiam
3253 4509 3546 4588 exemptis
3577 4554 3594 4580 ,

2057 4612 2116 4666 et
2138 4622 2297 4684 quae
2320 4604 2723 4686 Regularibus
2774 4605 3038 4686 subjecta
3079 4611 3252 4675 sunt,
3298 4601 3597 4663 commisit

413 4701 493 4744 an
514 4683 590 4745 sit
604 4684 964 4745 necessarius
987 4683 1247 4764 Capituli
1272 4705 1630 4761 consensus;
1667 4689 1943 4751 nonnulli
1995 4670 2004 4754 l
2052 4695 2362 4777 Episcopis
2379 4705 2667 4777 tanquam
2687 4696 2855 4757 Sedis
2877 4694 3248 4776 Apostolicae
3272 4693 3591 4780 Delegatis,

415 4776 641 4859 quippe
669 4777 1047 4851 affirmative,
1074 4778 1353 4839 nonnulli
1406 4780 1682 4862 negative
1711 4801 1948 4863 respon-

412 4873 577 4946 dent,
607 4873 782 4953 juxta
805 4891 874 4935 ea
904 4891 1060 4953 quae
1081 4872 1262 4953 plene
1295 4872 1596 4935 habentur
1617 4875 1776 4957 apud
1802 4875 1947 4937 Gal-

416 4965 636 5028 teman.
662 4965 738 5027 ad
758 4986 881 5046 cap.
909 4972 966 5027 5.
992 4985 1119 5027 sess.
1145 4971 1242 5028 21.
1276 4969 1429 5047 apud
1449 4967 1685 5030 Barbas.
1711 4971 1787 5031 ad
1807 4990 1945 5031 eun-

410 5058 532 5120 dem
579 5062 757 5122 locum
789 5080 945 5122 num.
1004 5066 1061 5121 9.
1127 5062 1282 5141 apud
1317 5062 1625 5124 Monacell.
1684 5066 1797 5124 loco
1863 5065 1945 5124 ci·

415 5163 532 5215 tato
555 5174 712 5215 nam.
777 5159 835 5215 2.
868 5155 992 5217 -sed
1023 5173 1251 5218 cessare
1283 5156 1346 5216 in
1376 5156 1693 5238 hypothesi
1730 5176 1944 5238 quam-

411 5266 669 5329 cumque
712 5250 1179 5312 controversiam
1206 5298 1222 5321 ,
1262 5250 1457 5331 primo
1502 5252 1646 5331 quia
1693 5252 1756 5312 in
1804 5269 1944 5313 casu

411 5360 749 5422 processum
778 5343 896 5405 fuit
925 5344 997 5405 ad
1020 5346 1519 5424 suppressionem,
1550 5354 1608 5406 et
1632 5345 1939 5420 unionem,

411 5456 532 5500 non
559 5438 910 5502 auctoritate
929 5439 1265 5516 ordinaria,
1284 5443 1386 5505 sed
1409 5441 1702 5525 delegata,
1729 5449 1787 5504 et
1805 5441 1943 5523 qui·

2053 4798 2120 4851 ut
2155 4798 2547 4869 procurarent
2568 4836 2585 4863 ,
2612 4789 2963 4852 Clausuram
2993 4788 3550 4851 Sanctimonialium
3576 4836 3592 4859 ,

2052 4882 2158 4943 ubi
2188 4882 2408 4944 violata
2456 4881 2686 4955 fuisset,
2719 4882 3038 4962 diligenter
3067 4880 3323 4952 restitui,
3381 4889 3441 4941 et
3485 4881 3593 4942 ubi
3721 4957 3732 4962 Ὗ

2050 4966 2341 5037 inviolata
2366 4984 2474 5048 est,
2505 4976 2844 5038 conservari
2872 4996 2890 5048 ς
2919 4984 2980 5036 et
3002 4974 3330 5055 Gregorius
3362 4974 3499 5036 XV.
3526 4974 3590 5035 in

2051 5087 2158 5130 sua
2185 5068 2625 5129 Constitutione
2648 5074 2742 5129 18.
2772 5067 3008 5127 Ballar.
3040 5080 3171 5126 tom.
3221 5070 3280 5126 4.
3311 5064 3377 5147 §.
3403 5071 3461 5126 2.
3491 5068 3596 5128 ad·

2053 5161 2207 5222 didit
2232 5209 2248 5231 ,
2300 5171 2365 5221 ut
2390 5161 2664 5241 Episcopi
2699 5160 2983 5222 adversus
3036 5159 3446 5219 inobedientes
3468 5205 3485 5232 ,
3534 5167 3595 5222 et

2054 5254 2522 5316 contradictores
2552 5253 2937 5335 procederent
2976 5272 3081 5334 per
3135 5252 3429 5314 Censuras
3477 5254 3591 5314 Ec·

2048 5347 2424 5422 clesiasticas,
2445 5357 2504 5410 et
2538 5347 2687 5411 alias
2716 5365 2957 5428 poenas,
2987 5355 3046 5407 et
3074 5345 3138 5428 §.
3167 5350 3226 5407 4.
3266 5346 3425 5425 quod
3465 5348 3581 5407 Re-

2048 5442 2289 5526 gulares
2322 5443 2736 5525 delinquentes
2778 5443 2937 5505 circa
2960 5439 3311 5503 Clausuram
3342 5440 3578 5503 Monia-
