4393 6299
1674 508 2138 581 QnAEsTlo
2199 508 2505 568 ccumx„

431 660 698 742 eJusdem
728 658 994 742 Agnetis,
1017 669 1077 724 et
1104 660 1422 727 inimicitia
1445 664 1606 726 inter
1647 665 1879 745 ipsum,
1910 672 1972 725 et

2087 661 2349 730 Ecclesia
2408 683 2562 725 anno
2612 668 2788 730 16⁹5.
2839 666 2914 730 ad
2964 683 3168 748 preces
3220 666 3634 730 serenissimae

433 757 724 837 Agnetem
751 761 963 818 exorta
1005 764 1252 838 propter
1291 756 1607 837 querelam
1661 757 1854 839 stupri
1900 758 1980 820 ab
2089 757 2377 820 Ducissae
2409 759 2719 834 Mantuae,
2754 761 2854 823 cui
2888 759 3235 824 Confratres
3260 768 3629 832 annuerunt,

431 848 561 930 ipsa
586 849 789 912 datam
808 894 828 923 ,
853 858 914 913 et
935 850 1454 932 quinquennalem
1485 852 1978 924 carcerationem,

428 961 618 1024 quam
638 962 715 1004 ex
743 943 901 1005 dicta
923 962 1102 1006 causa
1126 963 1333 1023 passus
1361 954 1469 1008 est.

550 1038 842 1100 Remanet
862 1037 1154 1120 obligatio
1176 1039 1255 1101 ad
1280 1040 1635 1114 dotandum,
1661 1059 1696 1103 a
1720 1060 1842 1121 qua
1866 1041 1981 1102 Do·

432 1131 693 1193 minicus
721 1151 785 1193 se
810 1133 1150 1213 praetendit
1175 1133 1532 1206 immunem,
1561 1134 1981 1198 deficientibus

432 1227 625 1308 stupri
641 1227 1125 1307 probationibus3
1139 1237 1198 1290 et
1214 1230 1291 1291 ad
1313 1230 1743 1309 amputandam
1763 1249 1980 1310 quam-

429 1340 670 1402 cunque
695 1322 1191 1392 controversiam,
1218 1343 1356 1385 cum
1388 1323 1611 1386 factum
1634 1325 1761 1404 jam
1793 1324 1979 1387 fuerit

426 1415 507 1477 ab
540 1415 672 1496 ipso
721 1416 1056 1495 depositum
1120 1417 1186 1478 iu
1240 1416 1422 1480 Sacro
1480 1419 1687 1481 Monte
1734 1419 1979 1481 Pietatis

431 1509 712 1591 Neapolis
732 1529 1005 1573 summae
1027 1510 1383 1574 ducatorum
1415 1512 1510 1575 bis
1536 1512 1726 1584 mille,
1751 1522 1820 1574 ut
1841 1533 1977 1576 cum

427 1603 516 1666 eis
535 1606 734 1686 Agnes
771 1603 994 1665 Virum
1053 1606 1321 1688 reperire
1377 1606 1573 1669 valeat
1603 1655 1617 1677 ,
1674 1606 1978 1669 concludit

428 1716 554 1854 :¹1:11
582 1715 711 1759 esse
740 1696 859 1759 sibi
887 1716 964 1759 ex
990 1696 1106 1761 hoc
1129 1700 1325 1781 capite
1352 1700 1687 1764 molestiam
1712 1699 1979 1763 inferen-

512 1811 571 1852 m
592 1833 610 1852 .

548 1884 663 1947 His
688 1885 1010 1961 stantibus,
1035 1887 1387 1967 quaeritur:

547 1976 601 2038 1.
638 1976 732 2038 Aa
758 1989 964 2040 constet
990 1980 1056 2041 de
1084 1978 1484 2061 sponsalibus,
1520 1983 1586 2044 in
1607 2002 1745 2046 casu
1793 1992 1897 2045 etc.
1927 1993 1982 2044 et

427 2082 706 2152 quatenus
744 2073 1113 2153 affirmative:

548 2165 631 2227 11.
667 2165 763 2226 Aa
785 2166 1119 2229 Dominicus
1145 2167 1490 2233 Ueientanus
1514 2172 1590 2233 sit
1615 2172 1888 2252 coqendus
1908 2171 1985 2234 ad

427 2260 871 2322 contrahendum
897 2281 998 2342 per
1025 2264 1196 2325 verba
1224 2265 1290 2324 de
1308 2267 1593 2346 praesenti
1619 2285 1748 2327 cum
1771 2265 1984 2346 Aqnete

427 2352 676 2426 Avossa,
725 2373 823 2415 seu
842 2357 1035 2437 potius
1083 2367 1343 2421 teneatur
1381 2358 1577 2422 dotare
1625 2369 1729 2421 ete.
1770 2361 1836 2421 in
1884 2379 1983 2422 ca-

430 2457 622 2511 uste.

499 2639 643 2692 διον.
669 2638 872 2706 congr.
900 2638 989 2693 die
1018 2641 1108 2694 10.
1138 2641 1471 2712 Septembris
1500 2643 1658 2697 ¹⁷22.
1688 2643 1984 2713 respondit:

607 2726 706 2780 Aa
720 2725 966 2796 primum'
999 2725 1358 2798 affirmative.
1388 2730 1486 2784 Ad
1502 2731 1800 2784 secundum
1828 2731 1984 2802 affir-

426 2815 625 2874 mative
673 2815 862 2884 quoad
905 2816 1146 2886 primam
1167 2834 1405 2888 partem,
1432 2833 1487 2873 et
1508 2821 1754 2892 negative
1801 2822 1989 2891 quoad

421 2901 744 2956 secandam.

819 3096 1182 3183 QuAEsno
1223 3098 1574 3164 cctxxx.

548 3297 622 3360 In
662 3298 855 3363 Causa
882 3301 1220 3363 Mantuano
1262 3302 1640 3365 cathechismi
1675 3305 1767 3365 die
1794 3309 1854 3366 8.

968 3395 1217 3474 Anqusti
1259 3400 1435 3456 1⁷22.

431 3524 788 3644 Contendit
815 3582 1126 3644 Promotor
1148 3582 1342 3645 Fiscal
1352 3584 1400 3645 is
1417 3583 1635 3647 Curiae
1652 3586 1974 3668 Episcopa-

428 3673 504 3736 lis
523 3675 893 3739 Mantuanae
919 3677 1274 3739 exercitium
1300 3677 1679 3752 Catecbismi,
1715 3680 1845 3742 sive
1869 3681 1976 3742 do-

427 3768 600 3830 cendi
624 3770 863 3832 Puellas
903 3771 1254 3833 Doctrinam
1282 3772 1685 3835 Christianam
1715 3794 1842 3838 csse
1871 3796 1976 3838 ex-

430 3861 719 3941 plendum
747 3863 811 3924 in
836 3865 1101 3927 Ecclesia
1124 3864 1645 3929 Confi-aternitatis
1665 3867 1727 3929 S.
1749 3868 1978 3932 Mariae

427 3954 505 4016 de
553 3954 915 4020 numilitate
965 3968 1310 4039 nuncupata
1350 3959 1755 4041 Quadraqinta
1808 3964 1978 4025 hora-

429 4067 562 4109 rum
594 4048 866 4113 Civitatis
886 4052 1176 4115 Mantuae
1204 4074 1223 4125 ς
1247 4054 1335 4116 sic
1367 4054 1529 4116 enim
1555 4063 1848 4119 statutum
1893 4057 1980 4120 ait

429 4160 582 4204 anno
606 4150 777 4206 1593.
801 4164 837 4207 a
860 4145 1178 4210 Francisco
1197 4147 1477 4231 Gonzaga
1498 4149 1977 4233 EpiscopoMan-

436 4243 642 4310 tuano,
655 4236 740 4299 sic
759 4247 959 4300 actum
977 4240 1189 4302 asserit
1209 4260 1404 4323 usque
1427 4243 1506 4304 ad
1525 4263 1743 4305 annum
1769 4249 1972 4320 1695„

430 4347 556 4410 quo
585 4337 852 4410 tempore
872 4330 1098 4393 dictum
1133 4333 1486 4395 exercitium
1518 4333 1634 4397 fuit
1669 4336 1974 4400 intermis-

430 4442 565 4485 sum
593 4443 669 4486 ex
692 4443 870 4486 causa
892 4423 1178 4497 fabricae,
1204 4426 1370 4489 etsie
1395 4427 1640 4491 demum
1664 4431 1978 4495 continua-

433 4523 560 4578 tum
581 4517 839 4580 subinde
861 4517 1043 4581 fuisse
1070 4521 1409 4601 praetendit
1427 4541 1619 4604 usque
1647 4525 1721 4586 ad
1746 4544 1976 4587 annum

433 4615 608 4673 1716.
634 4631 709 4674 ex
727 4612 952 4693 quibus
970 4614 1256 4676 omnibus
1273 4614 1478 4691 infert,
1499 4638 1619 4679 non
1635 4632 1761 4681 esse
1779 4619 1978 4682 locum

431 4706 750 4768 remotioni
783 4705 924 4768 dicti
958 4708 1229 4770 exercitii
1289 4712 1369 4772 ab
1406 4710 1703 4783 Ecclesia,
1737 4713 1814 4775 de
1857 4734 1979 4795 qua

430 4817 592 4861 nunc
610 4799 834 4881 agitur,
864 4821 1002 4862 cum
1023 4802 1201 4883 juxta
1231 4803 1473 4866 Bullam
1500 4803 1570 4867 S.
1602 4804 1706 4867 Pii
1738 4806 1806 4869 V.
1839 4812 1974 4870 137.

430 4890 599 4953 Ball.
626 4904 758 4954 tom.
792 4899 850 4955 5.
885 4895 1183 4975 pertineat
1201 4897 1276 4958 ad
1295 4898 1657 4981 Episcopum
1690 4899 1981 4982 deputare

429 4986 666 5068 aliquas
687 4986 1003 5063 Ecclesias,
1028 4988 1092 5051 in
1124 4990 1350 5072 quibus
1372 4993 1659 5056 Doctrina
1688 4992 1979 5060 Christia-

434 5100 515 5144 na
543 5082 743 5143 doceri
769 5081 1022 5144 debeat.

546 5174 871 5256 Excipiunt
894 5196 928 5238 e
948 5185 1156 5239 contra
1181 5176 1527 5242 Confi-atres
1551 5180 1618 5241 in
1641 5201 1750 5245 sua
1775 5182 1978 5245 Eccle-

433 5268 523 5330 sia
550 5269 908 5331 exercitium
944 5272 1302 5333 Catecbismi
1329 5293 1438 5353 pro
1467 5274 1677 5338 Pueris
1709 5285 1975 5351 tantum,

434 5368 494 5422 et
513 5379 631 5422 non
648 5381 757 5443 pro
777 5362 1002 5425 Puellis
1015 5363 1146 5426 fieri
1167 5364 1418 5441 debere;
1439 5368 1841 5433 Catechismus
1858 5380 1980 5434 ete·

2092 869 2233 913 cum
2262 852 2687 932 protestatione
2712 863 2933 927 tamen,
2953 854 3116 936 quod
3139 854 3437 918 concessio
3453 853 3634 916 babe-

2088 954 2258 1008 retur
2281 966 2392 1027 pro
2436 966 2557 1009 non
2609 947 2788 1023 sacta,
2843 948 3048 1013 statim
3080 967 3152 1013 ac
3190 968 3267 1011 ex
3288 946 3632 1030 eaaliquod

2086 1039 2535 1102 incommodum
2561 1041 2623 1102 in
2650 1041 3019 1115 Confi-atres,
3049 1051 3156 1105 aut
3179 1041 3506 1106 Ecclesiam
3528 1041 3635 1105 de-

2085 1132 2355 1194 rivaret.

2205 1227 2452 1289 Addunt
2469 1228 2544 1290 de
2565 1229 2947 1292 incommodo
2961 1230 3086 1303 hic,
3101 1238 3162 1293 et
3182 1247 3345 1292 nunc
3367 1248 3487 1290 non
3507 1246 3636 1290 esse

2083 1320 2514 1396 dubitandum,
2536 1334 2662 1384 tum
2684 1334 2929 1406 propter
2945 1325 3286 1407 angustiam
3309 1322 3629 1394 Ecclesiae,

2087 1422 2215 1476 tum
2248 1424 2492 1495 propter
2522 1415 2861 1480 functiones
2887 1418 2950 1479 in
2970 1436 3042 1480 ea
3060 1437 3139 1480 ex
3163 1417 3440 1480 instituto
3459 1434 3635 1497 pera-

2085 1509 2310 1588 gendas
2331 1553 2348 1568 .
2411 1510 2687 1574 Afferunt
2732 1511 2997 1593 denique
3026 1514 3218 1574 Breve
3262 1530 3392 1573 san.
3447 1529 3626 1572 mem.

2087 1602 2361 1683 Gregorii
2388 1605 2441 1665 X
2453 1606 2562 1666 111.
2590 1605 2653 1668 in
2673 1625 2796 1686 quo
2824 1606 2895 1669 fit
2925 1608 3152 1669 mentio
3169 1605 3245 1669 de
3262 1605 3634 1668 Catecbismo

2085 1716 2200 1778 pro
2231 1699 2439 1760 Pueris
2483 1699 2545 1760 in
2578 1700 2840 1762 Ecclesia
2866 1745 2884 1773 ,
2934 1701 3010 1763 de
3036 1720 3160 1782 qua
3201 1720 3361 1764 nunc
3387 1700 3586 1781 agitur
3611 1743 3631 1774 ‚

2087 1789 2386 1866 faciendo,
2423 1813 2499 1854 ex
2526 1795 2698 1875 cujus
2730 1803 2936 1856 tenore
2961 1796 3170 1859 Brevis
3194 1794 3466 1857 inferunt
3511 1813 3633 1856 non

2087 1904 2216 1948 esse
2264 1886 2702 1949 Catechismum
2755 1887 2980 1950 Puellis
3020 1889 3083 1949 in
3118 1889 3327 1951 eadem
3370 1887 3632 1951 Ecclesia

2086 1978 2562 2059 explanandum,
2592 2000 2730 2044 cum
2755 1980 2942 2054 locus,
2973 1980 3036 2042 in
3061 2000 3183 2062 quo
3204 1981 3465 2043 traditur
3485 1981 3635 2043 Pue-

2089 2071 2175 2133 ris
2196 2071 2606 2136 Catecbismus
2624 2074 2835 2137 debeat
2854 2094 2982 2137 esse
3003 2075 3276 2138 diversus
3296 2075 3375 2137 ab
3398 2074 3541 2150 alio,
3566 2075 3633 2138 in

2086 2185 2213 2248 quo
2239 2167 2397 2229 idem
2420 2168 2829 2231 Catechismus
2845 2168 3109 2232 traditur
3128 2167 3379 2238 Puellis,
3399 2177 3460 2231 et
3481 2167 3637 2230 mul-

2089 2270 2151 2323 to
2174 2261 2388 2343 magis,
2411 2282 2548 2324 cum
2578 2262 2641 2323 in
2669 2262 2922 2325 decretis
2944 2262 3343 2326 Generalibus
3370 2262 3634 2344 Congre-

2088 2355 2348 2436 gationis
2375 2355 2694 2419 Sacrorum
2726 2357 2975 2419 Rituum
3019 2358 3188 2418 editis
3244 2376 3398 2417 anno
3453 2361 3628 2420 1703.

2090 2449 2397 2531 proposito
2430 2450 2618 2512 dubio
2649 2454 2743 2513 17.
2773 2450 2872 2511 An
2900 2450 3225 2522 Pas-ochus,
3254 2449 3451 2512 invitis
3484 2449 3636 2512 Con-

2087 2543 2369 2619 fratribus
2393 2590 2409 2614 ,
2459 2545 2646 2605 doecre
2672 2546 2845 2624 possit
2879 2543 3211 2606 Doctrinae·
3241 2542 3637 2606 Christianam

2087 2638 2154 2698 in
2176 2639 2481 2717 praedictis
2523 2637 2814 2711 Eccleaiis,
2844 2650 2897 2699 et
2938 2635 3228 2700 Orator-iis
3252 2640 3500 2720 publicis
3526 2686 3542 2710 ,
3581 2650 3635 2700 et

2085 2733 2329 2811 privatis
2369 2752 2409 2793 a
2459 2730 2799 2794 Paroehiali
2828 2733 3059 2806 divisis,
3107 2743 3159 2794 et
3201 2735 3512 2814 separatis,
3546 2752 3637 2798 re·

2086 2843 2372 2907 sponsum
2400 2824 2519 2888 fuit
2544 2829 2796 2906 negative
2820 2869 2838 2888 .

2208 2920 2357 2983 Jura
2385 2918 2531 2982 hinc
2579 2919 2721 2983 inde
2769 2919 3306 2996 circumferuntur,
3341 2928 3403 2983 et
3448 2938 3635 3002 quae·

2088 3013 2248 3077 ritur
2275 3035 2294 3075 ε

2204 3108 2301 3170 An
2327 3110 2401 3171 sit
2431 3109 2820 3171 removendum
2855 3110 3193 3171 exercitium
3249 3107 3630 3180 catechismi,

2085 3212 2138 3263 et
2157 3203 2388 3264 docendi
2412 3203 2646 3265 Puellas
2665 3206 2729 3263 in
2757 3204 2822 3264 V.
2839 3203 3097 3264 Ecclesia
3128 3201 3635 3280 Consi-aternitatis

2087 3296 2158 3357 S.
2191 3297 2428 3360 Mariae
2446 3298 2512 3359 de
2540 3297 2894 3359 Humilitate
2917 3307 3234 3377 nuncupat.
3266 3294 3640 3377 Quodn-aqis-

2085 3399 2146 3452 τα
2165 3391 2439 3452 horarum
2471 3389 2738 3452 Civitatis
2766 3390 3052 3451 Mantuae
3077 3390 3142 3449 in
3168 3408 3305 3451 casu
3330 3399 3432 3450 etc.

2190 3580 2342 3633 Sacra
2367 3579 2567 3642 congr.
2598 3579 2684 3634 die
2711 3578 2799 3630 80.
2830 3579 3042 3649 Augusti
3073 3578 3231 3631 1722.
3265 3578 3571 3649 respondit:

2266 3666 2532 3736 Negaeiue
2555 3705 2571 3732 ,
2609 3680 2662 3720 ee
2697 3668 2963 3737 amplius.

2450 3846 2811 3922 QUAESTIO
2869 3846 3249 3910 CCLXXXI.

2168 4049 2241 4111 In
2270 4048 2465 4113 Causa
2491 4050 2865 4123 Ariminensi,
2890 4051 2980 4112 die
3003 4055 3062 4112 8.
3095 4049 3346 4129 Aequa·
3378 4054 3552 4112 1722.

2089 4184 2340 4319 Joseph
2362 4237 2696 4301 Belluccius
2736 4237 3002 4300 Clericus
3029 4236 3367 4301 Ariminen.
3420 4237 3526 4319 qui
3576 4239 3639 4300 in

2089 4333 2254 4395 Urbe
2293 4341 2736 4402 commoratur,
2794 4351 2957 4395 anno
3010 4337 3185 4394 1719.
3249 4330 3518 4395 obtinuit
3557 4331 3638 4396 ab

2088 4426 2578 4488 Eminentissimo
2601 4427 2672 4487 D.
2701 4424 3007 4487 Cardinali
3033 4424 3368 4486 Barberino
3395 4425 3631 4489 Abbate

2090 4519 2334 4582 Farsen.
2367 4519 2766 4591 Beneficium,
2805 4538 2909 4581 seu
2939 4518 3391 4599 Cappellaniam
3423 4537 3635 4599 perpe-

2091 4624 2256 4676 tuam
2287 4615 2402 4677 sub
2434 4614 2611 4678 titulo
2631 4614 2692 4676 S.
2722 4613 2954 4676 Mariae
2974 4611 3342 4693 Angelorum
3379 4621 3636 4674 erectam

2090 4706 2153 4768 iu
2187 4705 2449 4769 Ecclesia
2475 4705 2814 4770 Parochiali
2839 4705 3030 4767 Castri
3054 4705 3233 4778 Novi,
3260 4704 3447 4766 annui
3473 4704 3636 4767 redi·

2091 4809 2187 4861 tus
2238 4809 2390 4862 scut.
2443 4806 2541 4863 36.
2575 4810 2635 4863 et
2666 4799 2992 4861 obulorum
3022 4803 3119 4859 35.
3149 4817 3287 4859 cum
3332 4817 3515 4860 onere
3544 4807 3635 4861 ta-

2089 4912 2227 4954 men
2271 4894 2670 4957 ducentarum
2716 4892 2967 4976 triginta
2998 4891 3272 4974 quinque
3315 4892 3638 4954 Missarum

2088 4985 2403 5061 lectarum,
2434 4996 2493 5049 et
2520 4987 2786 5050 aliarum
2823 4984 3009 5047 trium
3056 4993 3459 5058 cantatarum,
3497 5004 3636 5047 nec·

2090 5097 2214 5141 nou
2246 5081 2429 5143 unius
2477 5077 2927 5151 Anniversarii,
2980 5097 3244 5158 cumque
3297 5076 3638 5157 praedictus

2085 5171 2315 5252 loseph
2359 5173 2435 5234 ad
2463 5172 2707 5235 titulum
2737 5171 2933 5235 dictae
2977 5168 3403 5252 Cappellaniae
3431 5171 3637 5252 cupiat

2088 5266 2287 5328 Sacris
2307 5267 2641 5330 Ordinibus
2664 5264 2919 5339 initiari,
2945 5273 3005 5328 et
3036 5265 3117 5328 ab
3145 5264 3636 5328 Eminentissimo

2087 5359 2381 5442 Episcopo
2409 5361 2744 5424 Ariminen.
2778 5358 3019 5422 litteras
3055 5357 3484 5419 dimissoriales
3522 5358 3633 5420 ob-

430 5452 558 5516 uim
579 5475 692 5536 pro
718 5456 946 5519 Puellis
968 5457 1100 5523 fieri
1133 5460 1397 5541 coepisse
1420 5462 1643 5527 dicitur
1676 5463 1742 5527 in
1763 5465 1973 5529 eadem
2093 5453 2343 5519 ῑῐῦΰθΐίῑ
2364 5475 2503 5519 cum
2528 5451 2795 5517 0181181118
2820 5452 3118 5513 dmm
3150 5450 3515 5533 Bffl‘fifl‘ssmn
3539 5471 3637 5513 *θ’

752 5578 959 5619 atauo.
1000 5581 1115 5623 xiv,
1155 5583 1303 5626 τοι.
1341 5570 1451 5627 m

3236 5561 3308 5613 47
