4393 6299
910 502 1013 554 1¹1

715 657 821 739 qui
852 657 995 719 dicit
1038 650 1447 721 Beneficium,
1501 647 1577 708 de
1626 661 1748 724 quo
1808 661 1971 703 nunc
2012 639 2215 720 agitur
2240 684 2257 711 ,

1902 486 2345 557 Quizs'rtomcs
2389 483 2750 539 ememor,

2377 637 2470 697 nis
2507 636 2768 718 alicujus
2789 652 3061 697 summae
3095 652 3168 693 ex
3195 625 3492 698 ‘trictibus
3532 627 3815 696 Beneficii
3847 629 3926 694 tia

715 751 1040 815 consistens
1064 749 1129 809 in
1152 744 1491 829 praebenda
1521 736 1868 803 Canonicali
1900 734 2267 816 Collegiatae
2382 732 2506 793 tulo
2537 728 2726 791 livelli
2751 775 2767 801 ,
2809 728 2936 808 ipse
2980 736 3130 788 esset
3155 774 3169 799 ,
3218 746 3326 788 nec
3373 746 3453 788 ne
3497 727 3928 788 resolutionem

715 844 1012 909 Ecclesiae
1034 842 1137 905 SS.
1183 839 1342 902 Petri
1372 887 1386 908 ,
1437 846 1495 896 et
1540 832 1828 912 Stephani
1882 829 2268 891 Bellinzonae

720 942 1039 1004 fundatum
1066 936 1248 998 fuisse
1277 955 1313 996 a
1336 930 1653 993 Francisco
1678 928 1830 988 Cusa
1860 971 1876 996 ,
1901 925 2005 1005 qui
2033 924 2109 985 ad
2139 924 2270 1003 jus·

726 1042 1079 1117 patronatus
1122 1029 1390 1112 ejusdem
1418 1023 1655 1086 vocavit
1676 1021 1981 1082 Andream
2010 1020 2228 1080 Cusam
2253 1061 2270 1088 ,

717 1140 779 1193 et
805 1132 1130 1209 Pompeum
1160 1122 1569 1189 Chicherium,
1599 1134 1934 1195 eorumque
1955 1113 2268 1186 haeredes,

720 1237 780 1288 et
817 1238 1179 1287 successores
1210 1215 1504 1278 masculos
1544 1214 1608 1273 in
1648 1210 1983 1280 infinitum,
2015 1228 2091 1268 ex
2134 1207 2273 1287 qui-

720 1324 835 1384 bus
877 1316 1159 1378 omnibus
1198 1312 1361 1374 solus
1407 1316 1678 1388 superest
1715 1307 1977 1367 Joannes
2008 1303 2277 1382 Baptista

718 1416 937 1478 Orator
955 1459 969 1482 ,
997 1409 1101 1491 qui
1144 1428 1250 1489 per
1278 1420 1650 1484 consequens
1679 1408 1768 1462 est
1792 1398 2008 1460 unicus
2042 1395 2276 1458 Benefi-

719 1509 795 1571 cii
821 1508 1119 1568 Patronus
1138 1546 1153 1561 .

840 1598 1017 1675 Quod
1045 1595 1269 1678 paritor
1317 1598 1479 1654 certa
1516 1590 1595 1651 sit
1635 1586 1908 1650 Oratoris
1957 1592 2278 1667 paupertas

723 1693 1028 1776 colligitur
1064 1709 1138 1751 ex
1181 1687 1389 1749 eadem
1431 1680 1742 1745 Ordinarii
1792 1679 2085 1742 relatione
2113 1727 2127 1748 ‚
2165 1676 2272 1757 qui

724 1791 926 1871 inquit
947 1832 963 1857 ,
994 1784 1108 1846 sibi
1141 1791 1415 1843 constare
1445 1799 1521 1841 ex
1549 1776 1924 1840 documentis
1946 1773 2238 1836 exhibitis
2257 1819 2274 1846 ,

725 1882 889 1965 quod
917 1882 1177 1942 loannes
1205 1875 1473 1956 Baptista
1501 1874 1659 1934 bona
1689 1870 2029 1952 possidebat
2063 1868 2127 1928 in
2162 1869 2278 1930 Re-

722 1995 842 2060 gno
874 1969 1374 2054 Peloponnesiaco
1399 2015 1415 2042 ,
1441 1975 1501 2030 et
1548 1965 1712 2047 quod
1756 1983 1894 2028 cum
1937 1983 2007 2026 ea
2051 1962 2283 2024 fuerint

725 2092 762 2135 a
789 2070 999 2133 Turcis
1024 2072 1335 2146 occupata,
1366 2062 1607 2124 nullum
1636 2060 1748 2141 ipsi
1772 2067 2042 2139 superest
2066 2058 2282 2120 huma-

729 2185 879 2228 num
898 2162 1257 2231 remedium,
1283 2176 1406 2240 quo
1420 2156 1545 2218 suis
1564 2154 1912 2236 indigentiis
1933 2170 2286 2215 succurrere

813 2257 941 2319 ssit.

735 2279 812 2341 po
845 2348 1024 2425 Quod
1045 2346 1343 2426 denique,
1373 2344 1639 2406 detracta
1666 2341 1849 2403 etiam
1876 2358 2112 2402 summa
2135 2338 2285 2402 Ora·

733 2446 849 2508 tori
877 2440 1270 2525 assignanda,
1302 2438 1479 2501 titulo
1505 2436 1689 2500 livelli
1719 2482 1734 2509 ,
1765 2434 2023 2515 supersit
2045 2451 2281 2496 summa

727 2538 1061 2602 necessaria
1100 2555 1212 2617 pro
1244 2532 1674 2595 sustentatione
1720 2528 1987 2593 Rectoris
2013 2575 2029 2602 ,
2080 2536 2282 2609 patet,

731 2632 878 2714 quia
900 2677 917 2704 ,
946 2633 1121 2692 Teste
1149 2628 1465 2709 Episcopo,
1497 2624 1847 2686 Praebenda
1871 2622 1946 2683 de
1981 2620 2278 2702 praesenti

730 2726 915 2788 habet
941 2726 1004 2784 in
1034 2722 1235 2784 reditu
1264 2727 1428 2782 scuta
1467 2723 1598 2779 109.
1634 2738 1763 2778 cum
1804 2717 2040 2776 dimidio
2070 2735 2279 2777 mone·

735 2827 832 2882 tae
863 2814 1348 2886 Mediolanensis,
1377 2821 1435 2888 et
1472 2809 1910 2890 praebendatus
1939 2818 2172 2890 praeter
2198 2828 2289 2872 as-

730 2911 1065 2975 sistentiam
1115 2907 1314 2970 Choro
1340 2952 1357 2979 ,
1407 2914 1646 2967 tenetur
1693 2906 1771 2967 ad
1815 2903 2285 2965 celebrationem

734 3006 954 3070 Missae
974 3001 1369 3087 quotidianae
1387 3019 1624 3060 summo
1652 3016 1828 3061 mane
1849 2997 2186 3060 faciendam
2212 2996 2289 3059 ad

736 3099 986 3181 aliquod
1011 3097 1217 3160 Altare
1249 3093 1701 3178 Privilegiatum
1728 3139 1744 3166 ,
1782 3101 1842 3157 et
1868 3091 2156 3156 instantia
2176 3093 2282 3154 Jo-

735 3195 913 3258 annis
934 3200 1022 3255 est
1045 3190 1319 3254 restricta
1356 3187 1435 3250 a‘d
1461 3207 1761 3250 summam
1786 3205 2052 3249 annuam
2081 3194 2280 3248 scuto·

740 3305 878 3350 rum
902 3292 1001 3348 20.
1028 3303 1186 3365 quae
1209 3329 1226 3356 ,
1250 3284 1423 3343 Teste
1442 3281 1652 3343 eodem
1677 3280 1988 3362 Episcopo,
2024 3279 2284 3361 persolvi

742 3383 897 3445 bene
925 3386 1115 3462 potest
1140 3397 1177 3441 a
1212 3377 1652 3438 praebendato.

861 3478 1103 3556 Absque
1146 3493 1218 3535 eo
1258 3471 1420 3553 quod
1469 3472 1804 3552 quidquam
1852 3469 2033 3533 faciat
2052 3516 2068 3542 ,
2121 3470 2285 3552 quod

741 3572 962 3636 Orator
976 3589 1100 3631 non
1119 3576 1211 3630 est
1239 3587 1315 3629 ex
1340 3567 1497 3628 linea
1521 3566 1903 3637 Fundatoris,
1927 3564 2101 3645 quasi
2126 3564 2291 3646 quod

742 3665 857 3728 hac
891 3665 965 3726 de
996 3682 1175 3726 causa
1219 3661 1333 3741 ipsi
1379 3661 1516 3722 licet
1558 3661 1858 3730 Patrono,
1900 3678 2021 3720 non
2069 3659 2296 3739 possint

744 3780 870 3822 esse
914 3758 1119 3820 debita
1159 3755 1447 3818 alimenta
1470 3800 1487 3826 ,
1525 3754 1669 3834 quia
1709 3753 1919 3814 Tea-tus
1949 3757 2012 3814 ia
2059 3752 2293 3814 Canens

741 3857 1077 3934 quicumque
1106 3855 1200 3911 16.
1238 3861 1453 3929 quaest.
1488 3854 1547 3909 7.
1594 3849 1848 3928 loquens
1873 3848 1950 3909 de
1995 3846 2299 3909 alimentis

743 3944 1277 4009 subministrandis
1296 3943 1630 4004 'Fundatori
1659 3990 1674 4013 ,
1706 3951 1767 4004 et
1794 3944 1923 4024 ejus
1952 3941 2102 4002 filiis
2125 3989 2141 4012 ‚
2172 3960 2294 4002 non

748 4040 1021 4121 loquitur
1044 4037 1329 4109 taxative,
1354 4035 1455 4097 sed
1473 4036 1961 4108 demonstrative,
1990 4052 2111 4114 quo
2138 4041 2299 4096 stan·

749 4145 808 4197 te
832 4180 851 4208 ,
882 4134 1169 4197 alimenta
1197 4138 1339 4192 sunt
1365 4130 1567 4191 debita
1591 4128 1867 4191 Patronis
1893 4130 2075 4191 etiam
2094 4135 2299 4190 extra·

751 4228 882 4292 neis
904 4277 920 4299 ,
952 4227 1042 4290 uti
1073 4225 1499 4307 magistraliter
1520 4223 1863 4287 examinata
1888 4222 2171 4297 materia,
2206 4222 2303 4283 fir-

753 4324 944 4387 mavit
970 4323 1119 4384 Rota
1143 4323 1208 4381 iu
1233 4318 1610 4382 Salernitana
1630 4317 2045 4379 Alimentorum
2072 4322 2166 4378 11.
2190 4316 2304 4377 Ja-

752 4421 955 4480 nuarii
988 4420 1163 4479 1712.
1199 4427 1249 4476 ot
1278 4417 1345 4475 in
1389 4415 1508 4494 ojus
1533 4415 1956 4495 confirmatoria
1995 4417 2094 4473 20.
2128 4410 2307 4471 Iunii

754 4514 994 4593 ejusdem
1016 4513 1160 4574 anni
1184 4529 1373 4572 coram
1403 4509 1862 4569 Emimntissimo
1896 4506 2136 4567 Domino
2159 4504 2305 4569 Car-

754 4610 943 4670 dinali
968 4605 1159 4668 Scotto
1174 4649 1190 4665 .

877 4703 1096 4763 Parum
1129 4717 1372 4780 quoque
1402 4696 1772 4780 refragante,
1802 4695 1965 4777 quod
2010 4695 2305 4777 allegatus

755 4798 979 4859 Textus
1017 4793 1289 4873 loquitur
1317 4791 1392 4852 de
1418 4791 1720 4853 alimentis
1742 4837 1759 4863 ,
1787 4809 1907 4851 non
1932 4789 2007 4852 de
2050 4788 2258 4851 livello
2287 4833 2305 4861 ‚

757 4889 1032 4951 livellnm
1076 4885 1299 4948 etenim
1345 4882 1471 4963 pari
1509 4903 1683 4963 passu
1709 4883 1984 4946 ambulat
2013 4883 2154 4945 cum
2186 4883 2307 4946 ali·

759 4983 1006 5055 mentis,
1036 4984 1212 5063 juxta
1243 4980 1408 5040 decis.
1448 4984 1585 5040 671.
1612 4998 1802 5041 coram
1825 4977 2101 5039 Mer-lino.

878 5076 1187 5157 Proposita
1216 5073 1489 5136 Oratoris
1532 5072 1819 5136 instantia
1848 5073 1914 5135 in
1958 5073 2311 5155 congrega·

760 5175 925 5235 tione
958 5166 1313 5250 rescriptum
1334 5167 1451 5229 fuit
1490 5167 1694 5229 Dilata
1716 5215 1733 5238 ,
1761 5178 1812 5229 et
1842 5169 1919 5228 ad
1948 5178 2185 5228 mentem
2208 5214 2223 5238 ‚
2257 5174 2318 5228 et

764 5285 932 5328 mens
959 5264 1076 5326 fuit
1104 5312 1118 5333 ,
1171 5273 1242 5325 ut
1281 5262 1664 5342 exquirerem
1708 5282 1744 5323 a
1797 5268 2127 5324 memorato
2177 5279 2310 5323 san.

760 5377 1012 5422 memor.
1043 5357 1348 5420 Clemente
1377 5357 1485 5417 xt.
1508 5401 1526 5429 ‚
1556 5375 1668 5428 an,
1726 5354 1791 5415 in
1837 5354 2195 5436 hypothesi,
2252 5353 2318 5414 in

763 5472 886 5537 qua
906 5452 1036 5514 Sacz
1065 5450 1461 5532 Congregatio
1490 5457 1640 5512 esset
1661 5449 1725 5510 in
1752 5467 1931 5511 sensu
1958 5447 2318 5531 assignatio-

2377 825 2865 895 confirmaturus,
2890 829 2950 884 et
2969 821 3264 884 Sanctitas
3286 822 3406 883 Sua
3424 821 3732 900 respondit
3757 820 3927 881 aliud

2379 939 2503 981 esse
2531 918 2877 998 pensionem
2904 915 3392 987 ecclesiasticam,
3430 915 3597 977 aliud
3621 915 3925 984 livellnm,

2380 1021 2439 1073 et
2481 1011 2643 1092 quod
2689 1012 2753 1071 in
2802 1018 3021 1091 puncto
3061 1009 3251 1070 livelli
3307 1010 3488 1071 Sacra
3535 1008 3934 1090 Congregatio

2386 1106 2733 1186 procederet
2763 1113 2942 1184 prout
2961 1105 3037 1166 de
3064 1105 3234 1165 Jure.

2502 1199 2593 1261 Ad
2617 1199 2911 1261 trutinam
2945 1199 3150 1279 itaque
3193 1197 3256 1259 in
3300 1195 3597 1279 praesenti
3647 1196 3801 1258 redit
3836 1195 3933 1256 in-

2383 1294 2601 1355 stantia
2621 1295 2655 1354 J
2659 1294 2871 1355 oannis
2891 1293 3217 1373 Baptistae,
3249 1293 3358 1373 qui
3386 1291 3637 1353 innixus
3655 1289 3933 1352 relationi

2386 1388 2696 1450 Ordinarii
2725 1390 2930 1451 omnia
2964 1389 3320 1469 exponenda
3352 1388 3800 1461 confirmantis,
3836 1387 3931 1447 in-

2388 1484 2518 1563 quit
2549 1485 2746 1563 primo
2773 1529 2789 1557 ,
2825 1483 3188 1545 Beneficium
3211 1529 3226 1555 ,
3250 1483 3325 1544 (le
3345 1502 3469 1563 quo
3504 1502 3666 1543 nunc
3691 1484 3892 1562 agitur
3914 1524 3933 1552 ,

2385 1596 2512 1639 esse
2562 1577 2992 1657 praebendam.
3020 1577 3443 1638 Canonicalem
3491 1576 3556 1637 in
3607 1574 3935 1657 Collegiata

2387 1670 2650 1733 Ecclesia
2699 1671 2802 1732 SS.
2854 1670 3011 1731 Petri
3043 1719 3055 1739 ,
3087 1681 3145 1731 et
3172 1670 3459 1750 Stephani
3509 1669 3888 1731 Bellinzonae
3913 1712 3932 1740 ,

2386 1785 2642 1847 eamque
2672 1766 2982 1828 fundatam
3012 1765 3194 1826 fuisse
3217 1786 3251 1827 a
3277 1766 3596 1828 Francisco
3624 1765 3802 1839 Cusa,
3826 1763 3934 1846 qui

2387 1860 2466 1921 ad
2486 1860 2947 1939 Juspatronatus
2977 1860 3216 1922 vocavit
3241 1860 3547 1922 Andream
3572 1859 3789 1921 Cusam
3812 1904 3830 1932 ‚
3881 1865 3941 1920 et

2394 1953 2741 2037 Pompejum
2770 1953 3157 2016 Chicherium
3187 2001 3203 2025 ‚
3237 1971 3571 2033 eorumque
3608 1952 3896 2014 haeredes
3920 1995 3942 2027 ,

2390 2057 2449 2109 et
2471 2067 2833 2113 successores
2862 2047 3157 2109 masculos
3202 2046 3264 2108 in
3303 2045 3617 2108 infinitum
3642 2091 3660 2119 ,
3692 2064 3770 2109 ex
3794 2045 3939 2126 qui-

2391 2142 2505 2204 bus
2528 2189 2544 2215 ,
2574 2163 2711 2203 cum
2735 2142 2898 2204 solus
2925 2142 3050 2222 ipse
3071 2140 3367 2221 supersit,
3393 2140 3611 2202 unicus
3641 2159 3750 2221 per
3794 2159 3943 2202 con-

2391 2256 2646 2318 sequens
2671 2244 2939 2299 remanet
2967 2235 3251 2298 Beneficii
3276 2236 3596 2297 Patronus.

2510 2334 2815 2406 Secundo,
2846 2353 2909 2395 se
2936 2352 3063 2394 esse
3094 2350 3442 2413 pauperem,
3468 2350 3605 2392 cum
3634 2330 3800 2392 enim
3828 2331 3943 2391 bo-

2395 2448 2473 2491 na
2493 2429 2821 2508 possideret
2846 2428 2907 2488 in
2939 2429 3143 2508 Regno
3172 2425 3675 2506 Peloponnesiaco
3705 2471 3722 2498 ,
3757 2425 3947 2487 illud-

2395 2542 2513 2604 que
2540 2523 2724 2584 fuerit
2742 2542 2778 2584 a
2798 2521 3011 2583 Turcis
3036 2529 3418 2602 occupatum,
3437 2519 3678 2582 nullum
3699 2520 3817 2583 sibi
3840 2540 3945 2581 su·

2395 2628 2591 2698 perest
2615 2617 2954 2679 humanum
2985 2615 3285 2677 auxilium
3309 2659 3328 2689 ‚
3364 2633 3491 2696 quo
3513 2614 3639 2676 suis
3668 2613 3948 2695 indigen-

2395 2712 2495 2774 tiis
2519 2712 2720 2773 valeat
2749 2709 3077 2771 subvenire
3096 2752 3113 2769 .

2512 2805 2714 2868 Tertio
2736 2851 2754 2879 ‚
2790 2824 2853 2866 se
2889 2803 3043 2864 nihil
3074 2801 3242 2865 aliud
3272 2809 3475 2882 petere
3500 2801 3679 2864 titulo
3701 2799 3892 2864 livelli
3919 2846 3938 2874 ,

2394 2919 2577 2982 quam
2608 2918 2875 2961 annuam
2906 2917 3206 2958 summam
3232 2904 3544 2965 scutorum
3570 2901 3670 2957 20.
3705 2944 3721 2966 ,
3748 2903 3808 2957 et
3836 2914 3950 2957 an-

2397 3014 2551 3056 nuos
2569 2994 2796 3057 reditus
2814 2992 3200 3054 Praebeudae
3218 3007 3346 3053 esse
3365 2988 3429 3052 in
3451 2990 3632 3054 scutis
3655 2997 3789 3053 109.
3813 3011 3955 3053 cum

2397 3089 2649 3151 dimidio
2681 3094 2955 3149 monetae
2988 3084 3460 3147 Mediolanensis
3484 3130 3501 3158 ,
3546 3093 3606 3147 et
3650 3085 3954 3147 Praeben-

2398 3184 2604 3245 datum
2632 3227 2650 3255 ,
2684 3189 2920 3260 praeter
2954 3180 3356 3241 assistentiam
3386 3178 3584 3241 Chore
3607 3228 3623 3251 ,
3659 3179 3845 3241 teneri
3873 3179 3955 3241 ad

2398 3276 2862 3340 celebrationem
2891 3275 3110 3338 Missae
3137 3274 3529 3355 quotidianae
3556 3292 3792 3336 summo
3819 3294 3952 3336 ma-

2400 3393 2478 3435 ne
2494 3371 2854 3451 explendam
2873 3369 2950 3431 ad
2973 3368 3219 3449 aliquod
3246 3368 3453 3431 Altare
3472 3367 3949 3449 privilegiatum.

2519 3468 2591 3528 In
2613 3487 2684 3527 eo
2700 3466 2862 3547 quod
2885 3465 3100 3527 attinet
3118 3464 3195 3526 ad
3213 3464 3502 3526 alimenta
3523 3465 3781 3525 Patrono
3800 3464 3950 3525 sub-

2404 3560 2804 3623 ministrando
2829 3559 3232 3621 ex·fructibus
3254 3557 3559 3631 Beneficii,
3582 3577 3797 3640 urgere
3825 3577 3957 3639 pos-

2402 3663 2492 3718 set
2517 3654 2835 3718 difficultas
2859 3700 2875 3727 ,
2902 3655 3067 3735 quod
3103 3653 3314 3715 Toxlus
3343 3655 3409 3713 in
3436 3652 3582 3714 Can.
3618 3655 3959 3732 quicumque

2408 3757 2501 3813 16.
2531 3761 2746 3829 quaest.
2788 3755 2848 3810 7.
2898 3747 3150 3820 statuit,
3181 3746 3468 3809 alimenta
3499 3765 3625 3808 esse
3651 3746 3955 3808 submini-

2403 3845 2647 3908 stranda
2672 3842 3004 3905 Fundatori
3030 3887 3046 3914 ,
3077 3848 3136 3903 et
3174 3842 3305 3922 ejus
3335 3839 3478 3901 filiis
3506 3885 3522 3912 ,
3574 3859 3651 3901 ex
3690 3859 3957 3920 qnorum

2406 3958 2662 4001 numero
2689 3937 2907 4000 Orator
2937 3956 3053 3998 non
3084 3942 3215 4009 est,
3258 3954 3397 3997 cum
3424 3934 3501 3995 sit
3527 3936 3825 3997 Patronus
3852 3955 3960 3998 ex·

2409 4042 2675 4107 traneus,
2695 4032 2799 4094 sed
2821 4050 2888 4093 re
2916 4030 3178 4092 discussa
3200 4028 3265 4089 in
3289 4029 3470 4090 Sacro
3499 4030 3686 4091 Rotae
3705 4029 3961 4092 Audito-

2409 4129 2501 4190 rio
2525 4127 2831 4189 firmatum
2847 4130 2973 4207 jam
2996 4124 3134 4197 fuit,
3162 4131 3222 4186 et
3244 4123 3597 4195 admissum,
3626 4124 3790 4204 quod
3810 4125 3963 4186 Tex-

2411 4230 2507 4285 tus
2527 4222 2823 4304 allegatus
2846 4240 2967 4282 non
2989 4218 3263 4299 loquitur
3288 4218 3573 4291 tantive,
3587 4218 3688 4280 sed
3710 4219 3963 4280 demon-

2412 4316 2660 4378 strative
2689 4364 2702 4385 ‚
2753 4315 2908 4377 itaut
2956 4313 3244 4375 alimenta
3295 4313 3631 4374 debeantur
3682 4311 3963 4374 Patronis

2412 4410 2595 4473 etiam
2646 4408 2949 4472 extraneis
2974 4453 2990 4482 ,
3038 4407 3127 4469 uti
3176 4405 3368 4467 videri
3418 4413 3607 4487 potest
3650 4408 3714 4466 in
3757 4406 3963 4467 Saler-

2412 4508 2618 4566 nitana
2644 4503 3058 4563 Alimentorum
3099 4504 3194 4561 11.
3221 4500 3506 4562 Ianuarii
3537 4502 3708 4559 1712.
3753 4508 3806 4558 et
3843 4499 3968 4576 ejus

2411 4598 2834 4679 confirmatoria
2850 4599 2948 4656 20.
2974 4594 3149 4655 Iunii
3166 4595 3409 4672 ejusdem
3429 4592 3573 4655 anui
3590 4610 3779 4652 coram
3801 4590 3860 4651 E
3864 4593 3967 4652 mi-

2412 4695 2735 4755 mutissimo
2766 4689 2842 4750 D.
2885 4687 3064 4750 Carti.
3099 4686 3314 4750 Scotto·

2532 4785 2646 4846 His
2675 4783 3005 4856 stantibus,
3036 4781 3385 4863 quaeritur:

2535 4879 2631 4942 Au
2652 4923 2669 4950 ,
2701 4887 2753 4938 et
2780 4878 2844 4937 in
2884 4896 3001 4955 qua
3025 4893 3246 4937 summa
3275 4873 3538 4935 Orator-is
3585 4872 3840 4953 precibus
3885 4874 3967 4932 sit

2417 4972 2781 5037 annuendum
2813 4973 2880 5031 iu
2899 4989 3035 5032 casu
3064 4978 3168 5030 etc.

2528 5168 2652 5216 Sacr
2700 5166 2897 5232 Congr.
2926 5162 3013 5215 die
3040 5160 3127 5212 ²2.
3157 5157 3475 5214 Novembris
3491 5155 3646 5208 ¹72¹.
3676 5154 3972 5225 respondit:

2602 5253 2883 5321 Negatiue,
2900 5262 2952 5302 ee
2971 5249 3047 5302 ad
3064 5251 3134 5303 D.
3157 5246 3516 5301 secretariam
3525 5244 3701 5314 juxta
3719 5256 3974 5310 mentem,

2414 5338 2652 5405 scilicet,
2695 5338 2843 5407 quod
2866 5348 3163 5392 reservetur
3186 5333 3391 5388 Pensio
3414 5345 3696 5387 scutorum
3735 5331 3822 5386 12.
3865 5332 3976 5384 Ro-

2424 5443 2729 5479 manorum.
