4393 6299
1664 521 2128 589 QuAEsTto
2190 525 2420 581 ccvm.

581 680 751 742 Paris
773 677 849 739 de
879 673 1236 736 Vimerratis
1261 673 1377 735 fuit
1404 674 1482 736 ab
1511 673 1803 754 Episcopo
1833 693 1999 754 prae·

446 776 690 846 electus,
716 782 778 835 et
805 769 1208 850 appellatione
1234 789 1270 829 a
1297 768 1613 829 Sacerdote
1662 770 1864 829 Marco
1907 768 1983 829 de

452 870 850 950 Evangelistis
880 870 948 926 ad
982 868 1130 924 liam:
1176 868 1303 922 Sar.
1345 868 1875 944 tlongia-gationem
1907 866 1995 924 in-
2047 897 2048 901 ¹

454 966 760 1042 terpnsita,
820 964 876 1020 iu
926 962 1214 1040 praest-nti
1267 964 1577 1038 quaeritur
1609 982 1683 1018 an
1731 962 1998 1018 silluvius

453 1082 610 1118 lum)
676 1058 936 1117 examini
980 1102 992 1124 ,

454 1156 618 1212 lorus
650 1174 764 1212 non
796 1164 964 1220 esset,
1014 1172 1086 1210 an
1124 1150 1332 1208 salton:
1367 1150 1609 1208 aliunde
1657 1158 1881 1208 constet
1927 1150 1999 1206 de

458 1246 1104 1325 irrationabilijudicio
1129 1244 1427 1320 Episcopi,
1459 1254 1521 1304 ut
1551 1264 1621 1302 ex
1657 1256 1859 1302 tenore
1887 1244 1997 1300 du-

462 1346 544 1404 bii
584 1344 742 1402 iufra
774 1342 1066 1400 referendi
1100 1340 1455 1398 desumitur.

576 1436 858 1496 Sacerdos
894 1434 1056 1494 l'aris
1102 1432 1447 1502 contendit,
1489 1452 1605 1490 non
1639 1452 1761 1490 esse
1807 1430 1997 1488 locum

458 1554 612 1592 novo
646 1530 934 1594 exartum,
974 1528 1082 1586 nisi
1138 1528 1343 1604 aliqua
1385 1528 1657 1604 probatio
1691 1526 1999 1603 praecedat

458 1624 826 1704 gravaminis
876 1624 952 1682 ab
1006 1622 1293 1698 Episcopo
1347 1620 1495 1678 illati
1553 1622 1611 1678 in
1675 1621 1763 1676 sui
1817 1620 2001 1696 ipsius

460 1720 912 1798 praeelectione,
950 1728 1004 1774 et
1036 1716 1224 1774 mutto
1281 1716 1469 1790 magis
1523 1734 1657 1774 cuin
1719 1714 2003 1774 Sacerdos

460 1816 698 1874 Marcus
730 1814 802 1872 de
838 1810 1236 1888 Evangelistis
1266 1830 1407 1868 suae
1445 1810 1785 1868 idoneitatis
1815 1810 1999 1866 horit}-

460 1908 656 1968 rabile
688 1906 1086 1966 testiinonium
1118 1906 1421 1974 habuerit,
1453 1926 1587 1962 cuni
1625 1926 1695 1962 cx
1727 1904 2001 1982 quinque

466 2002 1000 2070 exantinatorilms,
1036 2008 1150 2058 tres
1182 2020 1317 2058 curn
1353 1998 1841 2058 denuntiat-erint
1875 2000 2000 2054 ido-

464 2120 642 2156 neum
672 2118 774 2174 prn
804 2096 1130 2154 obtinenda
1164 2094 1499 2154 parochiali
1529 2116 1541 2162 ;
1575 2104 1631 2152 et
1687 2104 1813 2170 post
1839 2092 2001 2160 haee,

468 2193 678 2254 transit
728 2194 800 2250 ad
858 2190 1373 2248 enumeratitmem
1407 2208 1653 2248 suorum
1685 2188 2001 2266 requisito-

1070 1068 1126 1114 ut
1180 1064 1475 1132 tpiatnnus
1539 1076 1689 1112 unx-‘o
1731 1054 1991 1112 examini

466 2308 624 2354 runi,
662 2296 896 2364 propter
923 2304 1078 2360 quae
1106 2282 1413 2342 cmitendit
1431 2328 1443 2352 ,
1495 2282 1713 2340 nedum
1741 2292 2009 2340 constare

464 2382 536 2440 de
562 2378 904 2438 rationabili
926 2376 1152 2456 judicio
1180 2376 1477 2454 Episcopi,
1507 2376 1607 2434 sed
1633 2376 1885 2434 ulterius
1917 2396 2009 2432 su-

468 2476 762 2554 pcrlluuni
814 2492 936 2530 esse
986 2472 1259 2530 futurum
1317 2472 1739 2548 quodcumque
1789 2490 2007 2526 tint-‘inu

464 2592 738 2637 examen,
772 2568 830 2625 in
856 2588 976 2645 quo
1004 2566 1138 2625 licet
1167 2564 1451 2625 Sacerdos
1475 2566 1711 2625 Marcus
1737 2564 2011 2641 superior

464 2667 736 2725 evaderet
772 2709 786 2732 ,
864 2683 976 2719 nim
1042 2663 1120 2719 nb
1184 2659 1291 2719 hnc
1345 2669 1541 2719 tamen
1597 2657 2009 2717 parochialem

468 2759 750 2837 consequi
776 2765 986 2837 linisset,
1004 2775 1136 2815 cuin
1158 2754 1535 2815 Parochiales
1559 2753 1851 2811 Ecclesiae
1875 2773 2015 2811 con-

468 2857 738 2915 ferantur
776 2873 892 2909 non
930 2851 1150 2909 intuitu
1206 2859 1435 2907 tantum
1473 2849 1879 2915 litteraturae,
1913 2845 2011 2903 scd

470 2971 540 3009 ex
572 2949 706 3008 aliis
738 2947 916 3005 etiam
948 2943 1369 3023 qualitatibuS,
1415 2943 1488 3003 ad
1521 2963 1671 3021 quas
1701 2941 2013 3001 conserens

470 3045 638 3103 debet
670 3043 888 3101 habere
910 3059 1148 3097 omnem
1170 3037 1731 3097 considerationem.

594 3135 828 3211 Excipit
849 3153 882 3191 e
902 3143 1106 3191 contra
1140 3131 1425 3191 Sacerdos
1455 3133 1693 3191 Marcus
1725 3131 1795 3189 de
1825 3131 2015 3187 Evan-

472 3231 718 3311 gelistiS,
754 3247 974 3287 novum
1000 3245 1251 3285 examen
1291 3245 1414 3284 esse
1439 3227 1509 3285 de
1549 3223 1891 3283 {iecessitate
1923 3223 2015 3279 in-

472 3325 872 3391 stituendum,
918 3341 1052 3379 cnm
1084 3319 1547 3397 appellationem
1599 3321 1721 3397 ipse
1755 3319 2017 3393 interpo-

472 3419 682 3483 suerit.
710 3427 766 3477 et.
796 3417 932 3475 noxi
958 3415 1253 3473 examinis
1281 3413 1529 3473 facultas
1559 3411 2019 3491 appellantibus

476 3515 648 3575 detur
682 3515 742 3571 in
788 3511 1006 3569 celebri
1052 3509 1489 3569 Constitutione
1543 3513 1637 3567 33.
1681 3507 1749 3565 S.
1795 3507 1892 3565 Pte:
1953 3505 2015 3563 Υ.

478 3609 710 3667 Butler.
748 3619 876 3663 tom.
912 3609 968 3661 2.

600 3703 838 3779 Absque
870 3717 938 3757 eo
982 3697 1138 3775 quod
1190 3695 1403 3753 debeat
1462 3697 1583 3773 ipse
1615 3695 1731 3761 hic,
1777 3701 1833 3753 et
1863 3713 2019 3751 uuile

480 3799 691 3857 doc-cre
742 3795 814 3851 (le
852 3791 1202 3869 gravamine
1257 3809 1358 3867 per
1409 3791 1765 3867 Episcopum
1805 3787 1969 3847 illato
2003 3831 2017 3857 ,

478 3887 966 3971 quandoquidem
998 3885 1070 3943 de
1104 3885 1214 3943 huc
1267 3883 1477 3943 (locere
1509 3903 1625 3942 non
1657 3883 1831 3943 debet
1885 3891 2023 3939 ante

478 4003 700 4043 novum
756 3999 1006 4041 examen
1062 3979 1399 4037 faciendum
1449 3999 1647 4037 coram
1689 3977 1895 4035 Judice
1925 3995 2021 4053 ap-

480 4077 1008 4159 pellationisjuxta
1040 4073 1351 4150 antiquam
1393 4073 1571 4151 hujus
1613 4073 1827 4131 Sacrae
1867 4069 2019 4129 Cou-

478 4173 840 4255 gregationis
874 4167 1299 4227 resolutionem
1353 4167 1413 4225 in
1463 4169 1653 4226 Causa
1703 4163 2015 4223 pistorien.

482 4275 576 4327 12.
616 4267 788 4325 duni-i
840 4269 1012 4323 1603.
1058 4263 1407 4337 impressam
1453 4261 1615 4339 apud
1659 4259 1919 4335 Faynan.
1965 4261 2023 4315 ἰη

477 4382 604 4441 cap.
630 4380 752 4421 eom
782 4370 832 4418 te
853 4376 1013 4418 num.
1047 4358 1146 4415 31.
1173 4354 1239 4415 do
1257 4362 1433 4415 aetat.
1460 4365 1514 4415 et
1540 4354 1750 4432 qualit.
1777 4361 1838 4413 et
1849 4352 2024 4431 juxta

479 4464 773 4518 recentem
812 4452 995 4532 hujus
1023 4448 1290 4530 ejusdem
1331 4448 1500 4510 Sacr.
1533 4445 2024 4528 Congregationis

481 4547 915 4612 resolutionem
943 4544 1007 4605 in
1031 4542 1260 4605 luctam
1304 4541 1677 4605 Parochialis
1728 4546 1827 4602 23.
1870 4539 2027 4602 Iulii

483 4647 659 4704 ¹7¹8.

606 4737 682 4796 Et
727 4732 907 4813 quia,
960 4730 1049 4792 uti
1091 4747 1274 4809 supra
1310 4728 1504 4790 visum
1552 4728 1691 4802 fuit,
1742 4727 2028 4790 Sacerdos

478 4830 649 4894 Paris
669 4825 886 4889 insistit
915 4825 978 4886 in
1003 4823 1541 4905 praeponderantia
1560 4843 1807 4885 suarum
1829 4820 2027 4902 quali-

484 4933 698 4996 tatum,
722 4929 784 4982 et
804 4921 866 4981 in
890 4916 1205 4980 sufficienti
1228 4918 1668 4998 approbatione
1688 4917 2031 4979 idoneitatis

483 5038 522 5081 a
549 5014 867 5079 Sacerdote
895 5014 1100 5074 Marco
1127 5019 1453 5091 reportata,
1479 5012 1688 5075 subdit
1722 5013 1880 5074 idem
1930 5033 2027 5075 sa-

482 5112 691 5173 cerdos
719 5109 957 5170 Marcus
1001 5125 1123 5167 non
1153 5125 1280 5166 esse
1302 5105 1424 5177 bic,
1454 5115 1515 5168 et
1544 5126 1708 5169 nune
1729 5108 2028 5190 agendum

484 5205 559 5267 de
578 5203 941 5283 qualitatum
979 5198 1516 5279 praeponderantia
1538 5247 1555 5271 ,
1591 5200 1666 5261 de
1692 5220 1763 5261 ea
1806 5202 2026 5263 etenim

484 5298 603 5360 erit
627 5294 952 5377 agendum,
979 5302 1292 5373 postquam
1321 5298 1685 5373 completum
1714 5294 1899 5358 fuerit
1920 5318 2030 5359 no-

486 5410 631 5452 vum
658 5407 934 5460 examen,
964 5396 1026 5447 et
1057 5388 1303 5464 quando
1323 5387 1651 5447 assumitur
1681 5388 2032 5470 principalis

487 5483 782 5570 quaestio,
802 5502 880 5545 an
906 5481 987 5544 sit
1008 5479 1280 5545 facienda
1312 5500 1469 5545 nova
1490 5480 1732 5546 collatio
1760 5484 1840 5548 ob
1863 5506 2028 5568 prae-

3363 528 3459 579 181

2114 675 2423 740 electionis
2453 677 3061 753 irrationabilitatem,
3094 691 3236 741 tunc
3284 679 3509 759 quippe
3533 678 3650 739 erit

2112 775 2468 834 assumenda
2496 773 2512 833 i
2521 776 2714 854 ndago
2735 775 2809 836 de
2833 774 3126 846 moribus,
3160 773 3234 835 de
3253 793 3324 834 ex
3334 771 3646 852 parientia,

2115 875 2176 927 et
2217 867 2292 928 de
2340 868 2755 928 consimilibus
2798 866 3216 948 qualitatibus,
3235 869 3408 948 juxta
3436 867 3652 927 Sacrae

2108 959 2291 1042 hujus
2322 961 2821 1044 Congrrgationis
2852 962 3263 1036 resolutiones,
3305 980 3457 1041 quas
3502 962 3651 1022 Rota

2117 1069 2463 1117 reverenter
2489 1057 2767 1137 amplexa
2821 1066 2910 1118 est
2936 1059 3100 1118 decis.
3138 1061 3194 1118 Is.
3227 1070 3278 1117 οι
3328 1058 3493 1116 decis.
3548 1059 3647 1116 24.

2116 1170 2309 1211 coram
2364 1151 2672 1214 Cordinali
2704 1151 2885 1220 Celso,
2936 1164 2987 1213 ot
3019 1154 3184 1212 decis.
3217 1155 3275 1211 9.
3307 1162 3357 1211 οε
3392 1155 3485 1211 10.
3530 1160 3655 1230 post

2111 1243 2423 1307 Monocoli.
2454 1249 2519 1306 in
2544 1247 2775 1325 formul.
2812 1260 2941 1307 tom.
2977 1249 3037 1307 4.

2220 1339 2360 1401 Nec
2409 1339 2663 1401 ulterius
2699 1339 3044 1401 idoneitatis
3085 1337 3577 1418 approbationem
3617 1356 3653 1398 a

2114 1432 2311 1495 tribus
2361 1435 2893 1497 Examinatoribus
2940 1433 3344 1515 Synodalibus
3385 1437 3657 1510 reporta·

2118 1535 2239 1590 tam
2272 1529 2416 1591 satis
2442 1548 2589 1600 esse,
2620 1539 2687 1591 ut
2722 1547 2945 1590 novum
2990 1547 3242 1589 examen
3273 1525 3653 1595 excludatur,

2119 1641 2257 1684 cum
2290 1623 2352 1684 in
2377 1623 2729 1685 durioribus
2760 1622 3033 1684 terminis
3056 1623 3315 1684 duorum
3338 1638 3528 1701 aeque
3550 1638 3657 1697 ap·

2125 1719 2518 1799 probatorum
2570 1719 2630 1779 in
2663 1718 3001 1789 Concursu„
3044 1719 3218 1800 juxta
3245 1735 3483 1778 sensum
3538 1723 3658 1775 tam

2109 1812 2327 1875 Sacrae
2352 1813 2864 1894 Congregationis‚
2896 1831 3081 1893 quam
3105 1813 3312 1884 Rotae,
3340 1829 3494 1871 novo
3515 1825 3659 1870 exa·

2120 1906 2271 1968 mini
2299 1906 2368 1969 fit
2392 1907 2577 1981 locus,
2606 1907 2655 1969 si
2680 1906 2834 1969 alter
2855 1927 2931 1968 ex
2954 1906 3040 1968 eis
3071 1905 3534 1987 appellationem
3566 1904 3660 1964 in·

2118 2009 2423 2083 terponat,
2443 2003 2618 2083 juxta
2651 2001 2887 2064 firmata
2936 2003 3001 2060 in
3047 2000 3275 2062 Comen.
3309 1999 3667 2060 Parochialis

2127 2102 2224 2159 10.
2254 2097 2539 2159 Ianuarii
2588 2101 2762 2158 1707.
2822 2096 2886 2178 S.
2919 2116 3017 2156 nec
3055 2115 3253 2173 urqore
3280 2115 3467 2156 coram
3498 2096 3549 2152 b.
3583 2114 3659 2155 m.

2129 2191 2462 2274 Caffnressn,
2487 2205 2536 2253 et
2558 2194 2623 2252 in
2650 2190 2875 2253 Comen.
2909 2191 3356 2272 praepositurae
3387 2195 3480 2250 13.
3509 2189 3672 2267 Mojs‘

2126 2292 2300 2349 1707.
2328 2286 2394 2368 S.
2430 2285 2612 2348 Clara
2641 2272 2841 2347 danim
2871 2306 3060 2347 coram
3090 2286 3142 2346 b.
3173 2305 3250 2346 m.
3284 2282 3572 2344 Omanae.

2120 2474 2421 2536 Discursus
2438 2476 2590 2535 circo
2608 2474 3049 2554 Appellationes,
3070 2493 3214 2552 quas
3229 2475 3671 2552 interponuntur

2200 2570 2287 2630 vel
2311 2589 2350 2630 a
2371 2571 2525 2629 mala
2543 2570 2815 2629 rotatim
2847 2568 3357 2638 Examinntorum,
3380 2567 3465 2626 vol
3485 2566 3557 2627 ab
3581 2567 3670 2624 ir-

2199 2663 2534 2724 rationabili
2551 2662 2772 2739 judicio
2810 2661 3083 2742 Episcopi
3123 2664 3188 2721 in
3210 2661 3525 2741 provisione
3554 2658 3673 2720 Es·

2201 2758 2502 2818 etesiarum
2547 2755 2983 2819 Parochialium
3000 2776 3101 2838 por
3120 2774 3471 2818 concursum.

2129 2948 2157 3005 1
2170 2987 2185 3004 .
2217 2886 2340 3007 Ut
2364 2953 2525 3007 recto
2541 2943 2758 3007 ordine
2772 2944 3156 3025 procedatur,
3176 2961 3397 3023 operae
3414 2940 3675 3021 pretium

2123 3039 2304 3102 estin
2335 3038 2549 3121 primis
2566 3057 2889 3120 exponere,
2918 3038 3068 3119 quid
3089 3038 3150 3100 in
3174 3038 3290 3100 hae
3315 3034 3676 3116 Appellatio·

2126 3155 2272 3197 num
2308 3134 2557 3212 materia
2582 3132 2659 3197 de
2682 3132 2832 3196 Jure
2858 3142 3149 3196 statutum
3174 3132 3252 3195 sit
3275 3154 3293 3207 ς
3325 3129 3544 3194 deinde
3569 3147 3675 3191 ne·

2124 3250 2285 3293 cesse
2315 3238 2402 3292 est
2426 3229 2720 3291 disserere
2747 3228 2822 3290 de
2843 3227 3024 3291 Praxi
3059 3236 3179 3290 tam
3208 3227 3370 3309 apud
3393 3226 3550 3288 hanc
3566 3227 3674 3288 Sa-

2127 3344 2292 3387 cram
2337 3323 2872 3405 congregationem
2897 3367 2913 3394 ,
2957 3340 3143 3402 quam
3177 3320 3337 3402 apud
3378 3321 3678 3382 Tribunal

2130 3421 2621 3498 Rotae·recepta;
2663 3415 2921 3478 ulterius
2948 3416 3023 3478 de
3067 3415 3634 3479 inconvenientibus
3656 3464 3672 3486 ,

2127 3521 2188 3575 et
2219 3512 2632 3595 praejudiciis,
2669 3529 2829 3591 quae
2875 3529 2951 3572 ex
2982 3509 3138 3573 dicta
3173 3512 3346 3591 praxi
3398 3510 3681 3572 derivare

2129 3607 2458 3680 dicuntur,
2506 3605 2723 3666 ultimo
2774 3604 3015 3666 tandem
3067 3604 3143 3666 de
3170 3605 3452 3666 remediis
3475 3651 3493 3678 ,
3521 3625 3683 3686 quae

2129 3701 2333 3782 parari
2364 3720 2530 3782 posse
2553 3700 2835 3761 videntur
2866 3699 3154 3762 adversus
3185 3700 3442 3783 allegata
3469 3700 3680 3764 incon—

2129 3794 2454 3866 venientia,
2486 3801 2546 3855 et
2576 3793 2964 3875 praejudicia.

2247 3893 2307 3949 2.
2346 3889 2535 3949 Porro
2582 3886 2760 3948 initio
2793 3886 2974 3948 ducto
3008 3905 3043 3948 a
3072 3886 3464 3966 dispositione
3490 3885 3683 3960 Juris,

2129 3993 2343 4047 notum
2372 3994 2461 4045 est
2506 3981 2669 4062 quod
2716 3982 2964 4043 Sacrum
3008 3981 3345 4043 Concilium
3378 3980 3683 4042 Tridenti-

2127 4097 2280 4140 num
2319 4097 2447 4138 sess.
2478 4080 2576 4136 24.
2618 4093 2745 4155 cap.
2779 4078 2875 4135 18.
2922 4075 2986 4135 do
3029 4075 3275 4151 Reform.
3307 4092 3526 4135 novam
3558 4073 3681 4135 for-

2132 4193 2290 4235 mam
2311 4172 2553 4232 induxit
2572 4170 2636 4230 in
2657 4168 2978 4231 collatione
3000 4167 3468 4240 parochialium
3489 4168 3684 4231 voluit

2127 4267 2333 4339 enim,
2376 4264 2538 4346 quod
2569 4264 2738 4325 tieret
2780 4263 3157 4332 Concursus.
3205 4263 3369 4345 quod
3416 4264 3680 4325 Concur-

2131 4370 2332 4423 rentes
2378 4358 2874 4420 examinarentur
2928 4359 3009 4419 ab
3056 4358 3350 4437 Episcopo
3375 4402 3391 4428 ,
3444 4357 3538 4418 vel
3605 4358 3692 4419 ab

2131 4458 2261 4537 ejus
2293 4453 2535 4515 vicario
2567 4451 2846 4514 Generali
2872 4497 2889 4523 ‚
2934 4460 2991 4513 et
3040 4452 3121 4512 ab
3155 4450 3692 4513 Examinatoribus

2131 4546 2539 4629 synodalibus
2563 4590 2580 4617 ‚
2627 4564 2747 4605 non
2796 4545 3215 4624 paucioribus,
3247 4562 3436 4623 quam
3465 4545 3687 4615 tribus,

2132 4640 2655 4722 quod-Episcopus
2697 4657 2838 4700 eum
2864 4638 3153 4719 eligeret,
3203 4657 3384 4718 quem
3436 4638 3686 4699 caeteris

2136 4732 2327 4815 tnagis
2352 4733 2637 4794 idoneum
2655 4731 2975 4812 judicaret,
3005 4730 3214 4793 habita
3250 4733 3482 4792 ratione
3519 4742 3682 4793 aeta—

2138 4829 2235 4900 tis,
2270 4846 2531 4898 morum,
2560 4825 2889 4897 doctrinae,
2928 4824 3304 4904 prudentiae,
3337 4832 3398 4885 et
3420 4824 3691 4887 aliarum

2136 4921 2499 5003 qualitatum
2524 4965 2544 4993 ,
2586 4939 2744 5000 quae
2784 4931 2928 4981 sunt
2952 4928 3327 4999 opportunae
3356 4919 3431 4980 ad
3470 4920 3687 5000 guber-

2136 5016 2399 5079 nandam
2432 5014 2754 5075 Ecclesiam
2790 5013 3228 5086 parochialem,
3253 5021 3312 5075 et
3334 5013 3497 5092 quod
3524 5015 3687 5076 Exa-

2136 5111 2504 5171 minatorum
2531 5107 2883 5169 relationem
2913 5107 3083 5169 nulla
3105 5106 3433 5179 devolutio,
3459 5115 3685 5187 antap-

2138 5203 2383 5285 pellatio
2409 5201 2591 5264 etiam
2620 5201 2694 5264 ad
2724 5202 2935 5263 Sedem
2966 5200 3367 5282 Apostolicam
3393 5202 3691 5282 impedire

2138 5297 2367 5359 valeret
2398 5297 2462 5358 in
2507 5296 2858 5376 suspensivo
2882 5341 2899 5356 .
2961 5297 3277 5357 Praeterea
3339 5305 3544 5357 notum
3596 5305 3687 5357 est

2133 5392 2341 5461 etiam,
2366 5389 2529 5471 quod
2559 5392 2812 5451 Sanctus
2849 5390 2991 5451 Pius
3013 5390 3279 5464 Quintus
3305 5392 3369 5448 in
3403 5408 3510 5451 suo
3534 5387 3687 5450 Gon-

2134 5487 2429 5550 stitutioae·
2448 5490 2546 5549 33.
2573 5483 2810 5548 Baiter.
2845 5498 2978 5548 tom.
3016 5490 3077 5547 2.
3110 5491 3177 5547 ut
3206 5503 3329 5546 non
3354 5483 3553 5548 mlum
3592 5483 3692 5548 dt·-
