4393 6299
864 488 966 544 ¹62

1912 482 2357 554 QUAESTIONES
2387 482 2744 542 essentem

679 643 888 708 Fontis
924 640 1318 712 erectionem,
1358 636 1822 719 baptizabantur
1849 636 2063 717 pueri,
2112 635 2222 722 qui
2335 639 2739 701 controversia
2776 638 2975 732 quoad
3017 638 3375 701 solutionem
3424 639 3880 725 eleemosynae,

681 740 1082 804 nascebamur
1133 736 1199 796 in
1247 732 1536 796 Parochia
1590 732 1653 792 S.
1690 731 1919 794 Mariae
1968 732 2174 793 Novae
2210 751 2227 804 ς

682 837 879 918 primo
902 880 919 908 ,
956 833 1102 915 quia
1132 828 1490 894 Parocbiani
1534 827 1723 890 Castri
1789 827 2032 889 Seronis
2085 832 2229 889 ante

682 931 823 994 novi
851 928 1060 990 Fontis
1091 924 1450 987 erectionem
1497 943 1613 984 non
1650 922 1846 984 solum
1874 922 2227 984 deferebant

684 1043 824 1088 suos
865 1021 1130 1085 Infantes
1155 1018 1230 1080 ad
1259 1015 1582 1079 Ecclesiam
1621 1017 1682 1077 8.
1738 1016 2027 1077 Ansovini
2064 1062 2083 1091 ,
2130 1014 2233 1076 sed

681 1118 862 1180 etiam
883 1115 958 1178 ad
980 1113 1130 1174 alias
1155 1111 1442 1172 finitimas
1466 1111 1867 1182 Parochiales,
1900 1119 1967 1171 ut
2013 1109 2075 1170 in
2110 1108 2236 1171 illis

685 1211 1056 1292 Baptismum
1076 1207 1441 1287 reciperent:
1466 1205 1754 1279 secundo,
1798 1204 1942 1286 quia
1970 1204 2238 1266 Ecclesia

685 1308 746 1369 S.
771 1306 998 1369 Mariae
1017 1303 1221 1363 Novae
1246 1301 1433 1364 Castri
1467 1300 1711 1362 Ser-onis
1735 1309 1823 1361 est
1854 1299 2116 1362 totaliter
2139 1299 2239 1360 in-

684 1402 1024 1485 dependens
1043 1400 1122 1460 ab
1147 1396 1414 1459 Ecclesia
1443 1396 1503 1457 S.
1533 1394 1849 1465 Ansovini,
1879 1394 2065 1455 immo
2104 1413 2235 1456 ma·

679 1498 923 1583 joritate
943 1493 1176 1556 obtinet
1191 1512 1371 1573 super
1394 1491 1611 1572 ipsam,
1637 1510 1782 1552 cum
1802 1490 1864 1550 in
1891 1487 2237 1551 Parochiali

687 1590 929 1656 Seronis
961 1587 1066 1650 fiat
1088 1586 1380 1669 processio
1411 1580 1822 1648 Eucharistiae
1845 1584 1909 1645 in
1941 1582 2234 1646 solemni-

687 1693 810 1751 tate
829 1681 1110 1763 Corporis
1129 1679 1380 1753 Christi;
1417 1679 1664 1760 quando
1691 1679 1909 1740 eadem
1937 1675 2235 1758 processio

687 1779 762 1844 fit
801 1779 864 1840 in
897 1774 1232 1839 Parochiali
1285 1773 1346 1834 S.
1395 1772 1681 1834 Ansovini
1724 1771 2037 1833 Dominica
2071 1770 2239 1833 infra

690 1881 987 1945 octavam3
1021 1869 1195 1932 tertio
1229 1868 1493 1940 tandem,
1524 1867 1668 1945 quia
1700 1866 1796 1928 via
1821 1866 2044 1927 ducens
2072 1887 2108 1928 a
2132 1866 2244 1927 Pa-

690 1967 941 2032 rochiali
983 1964 1223 2027 Seu-onis
1267 1964 1344 2024 ad
1386 1961 1794 2023 parochialem
1853 1962 1914 2023 S.
1950 1959 2244 2022 Ansovini

694 2060 1023 2144 aliquando
1049 2069 1289 2139 propter
1322 2056 1490 2117 nives
1538 2063 1810 2117 remanet
1836 2054 2001 2117 invia
2028 2101 2046 2129 ,
2086 2054 2242 2115 itaut

697 2154 1095 2221 necessarium
1123 2152 1373 2214 omnino
1396 2150 1579 2212 suerit
1610 2151 1864 2213 Fontem
1888 2149 2139 2232 erigere,
2172 2147 2248 2211 de

708 2272 832 2334 quo
858 2270 1021 2313 nunc
1054 2248 1279 2328 agitur.

823 2346 934 2407 His
959 2343 1257 2407 stantibus
1280 2388 1296 2415 ,
1336 2340 1399 2401 in
1430 2338 1727 2422 praesenti
1757 2338 2116 2420 proponitur
2150 2355 2249 2398 re·

700 2441 1054 2504 solvendum
1091 2438 1379 2498 dubium.

819 2535 914 2596 An
938 2536 1286 2595 sustineatur
1327 2530 1524 2591 erectio
1551 2528 1744 2590 Fontis
1774 2528 2144 2606 Baptismus
2189 2528 2255 2585 in

699 2632 959 2693 Ecclesia
984 2626 1317 2689 Parochiali
1338 2625 1407 2686 S.
1442 2624 1673 2688 Mariae
1698 2621 1894 2686 Novas
1926 2619 2125 2683 Costri
2147 2617 2256 2681 Sc-

701 2728 857 2787 rom‘s
883 2725 947 2783 in
981 2741 1116 2783 casu
1148 2731 1256 2781 etc.

813 2914 965 2965 Sacra
1000 2910 1195 2975 Congr.
1226 2909 1312 2960 «lia
1336 2908 1425 2959 22.
1453 2908 1593 2961 Sunii
1637 2906 1794 2958 ¹720.
1835 2905 2129 2974 respondit:

883 2994 1269 3067 Affirmatiue,
1308 2993 1500 3046 relicta
1531 2992 1781 3044 libertate
1808 2989 2179 3044 parochianis
2208 2991 2258 3042 S.

702 3085 921 3142 Mariae
951 3084 1131 3138 Castri
1156 3082 1371 3137 Serom's
1392 3080 1672 3147 deser-endi
1695 3081 1872 3149 juaeta
1906 3081 2129 3132 solitum
2158 3080 2266 3132 Fi-

705 3176 809 3227 lios
833 3171 1189 3242 baptizandos
1213 3171 1378 3223 etiam
1402 3170 1477 3222 ad
1500 3171 1646 3222 alias
1680 3168 1991 3222 parochias
2004 3210 2022 3235 ,
2054 3181 2107 3221 ee
2146 3188 2258 3220 am-

702 3264 767 3333 pt
779 3263 885 3314 ius·

1157 3454 1519 3530 QUAESTIO
1574 3453 1848 3517 CXLIV.

714 3662 789 3723 In
830 3659 1023 3724 Causa
1047 3659 1259 3721 AEsina
1282 3658 1451 3720 Iuris
1487 3660 1729 3736 cliqcndi
1768 3656 2265 3727 concionatorem,

1148 3754 1237 3815 dic
1276 3757 1371 3815 16.
1409 3752 1627 3817 Marcii
1669 3757 1843 3814 1720.

716 3885 1080 4022 Postquam
1119 3938 1454 4020 subscripta
1499 3939 1748 4001 fuerunt
1776 3939 1920 4002 bina
1947 3938 2130 4000 dubia
2183 3937 2256 4000 in

714 4034 830 4099 hac
857 4054 1036 4097 causa
1060 4084 1076 4106 ,
1113 4053 1377 4115 quorum
1404 4035 1667 4113 primum
1709 4033 1949 4116 respicit
1972 4032 2268 4094 nomina-

720 4128 945 4191 tionem
971 4172 989 4201 ,
1020 4146 1126 4189 seu
1155 4128 1690 4207 praesentationem
1727 4126 2164 4188 Praedicatoris
2201 4124 2267 4186 in

721 4221 851 4283 loco
877 4219 1067 4282 Castri
1089 4219 1154 4280 S.
1203 4219 1471 4281 Marcelli
1502 4267 1519 4290 ,
1545 4239 1621 4281 an
1654 4239 1725 4282 ea
1759 4219 2036 4281 videlicet
2083 4218 2270 4298 pcrti-

719 4324 863 4378 neat
880 4314 959 4377 ad
984 4314 1251 4375 Priorem
1276 4313 1571 4376 Ecclesiae
1589 4313 1970 4376 Catbedralis
1993 4313 2237 4374 AEsinae
2252 4358 2269 4385 ,

725 4409 833 4489 qui
859 4416 947 4471 est
972 4408 1229 4471 Curatus
1264 4407 1596 4470 habitualis
1626 4408 1921 4470 Ecclesiae
1950 4406 2274 4469 Parochia-

725 4502 802 4564 lis
836 4502 1122 4584 praedicti
1148 4502 1335 4564 Castri
1354 4549 1370 4576 ,
1395 4502 1488 4566 vel
1524 4503 1719 4582 potius
1745 4509 1966 4581 spectet
1987 4500 2066 4563 ad
2100 4500 2276 4562 Com-

728 4596 1085 4658 munitatem
1130 4598 1395 4678 ejusdem
1439 4597 1551 4659 loci
1581 4646 1596 4667 ,
1626 4607 1687 4658 et
1711 4595 1971 4658 alterum
2015 4594 2279 4674 pertinet

722 4690 799 4753 ad
830 4689 1449 4752 subministrationem
1474 4689 1924 4770 eleemosynae,
1955 4706 2114 4768 quae
2145 4686 2277 4749 fieri

704 4782 905 4867 &debet
929 4783 1327 4845 Praedicatori
1346 4829 1364 4856 ,
1396 4803 1473 4845 an
1499 4803 1566 4845 ea
1598 4781 2114 4845 subministranda
2138 4782 2219 4844 sit
2243 4800 2281 4843 a

730 4877 939 4938 Priore
956 4876 1254 4940 Ecclesiae
1278 4877 1652 4940 Catbedralis
1672 4877 1936 4949 AEsinae,
1964 4876 2056 4939 vel
2082 4878 2284 4956 potius

724 4971 1221 5034 aCommunitate
1244 4972 1435 5035 Castri
1457 4972 1518 5032 S.
1559 4971 1874 5043 Marcelli,
1917 4971 2004 5032 uti
2048 4971 2284 5033 desumi

732 5066 894 5128 valet
917 5085 993 5128 ex
1019 5086 1231 5128 eorum
1262 5077 1465 5129 tenore
1494 5068 1571 5129 ad
1600 5066 1823 5128 calcem
1870 5066 2053 5148 hujus
2077 5065 2284 5128 restri-

734 5168 865 5222 ctus
894 5161 1079 5222 relato
1107 5205 1126 5234 ,
1169 5160 1581 5223 Communitas
1621 5159 1825 5241 quoad
1871 5160 2135 5239 primum
2167 5159 2283 5220 du-

740 5254 910 5316 bium
942 5255 1044 5317 dat
1086 5274 1297 5316 manus
1322 5256 1509 5318 victas
1536 5300 1553 5325 ,
1600 5266 1661 5316 et
1690 5253 1902 5316 libenti
1935 5253 2142 5316 animo
2174 5254 2285 5316 ad-

740 5346 926 5409 mittit
951 5395 969 5418 ,
996 5348 1349 5410 electionem
1376 5348 1826 5411 Concionatoris
1854 5346 2160 5428 pertinere
2206 5347 2286 5408 ad

741 5441 1042 5514 Priorem,
1073 5442 1138 5503 in
1163 5461 1286 5522 quo
1311 5460 1517 5503 rerum
1545 5441 1809 5505 themate
1839 5441 1969 5505 sola
2014 5442 2287 5504 remanet

2339 719 2452 779 nisi
2490 718 2642 780 forte
2674 718 3143 781 Eminentissimi
3175 719 3401 792 Patres,
3424 741 3495 783 ex
3521 722 3717 783 officio
3743 745 3883 803 pro-

2339 814 2633 887 cedentes,
2662 821 3067 893 opportunum
3089 833 3215 874 esse
3240 813 3654 877 existimarent
3682 816 3886 897 inqui-

2341 928 2476 970 rere
2501 953 2518 982 ,
2564 927 2644 970 an
2673 907 3109 970 Praedicatoris
3135 908 3442 987 deputatio
3473 909 3537 969 in
3576 912 3833 973 Ecclesia
3864 957 3883 985 ,

2341 1004 2417 1064 de
2442 1023 2563 1084 qua
2589 1023 2750 1064 nunc
2771 1003 2970 1083 agitur
3000 1051 3015 1072 ,
3049 1003 3340 1082 pertineat
3368 1003 3443 1064 ad
3475 1005 3834 1084 Episcopum
3864 1051 3883 1079 ,

2347 1117 2455 1159 nec
2475 1096 2694 1158 etenim
2722 1098 2795 1159 ad
2829 1098 3160 1159 Parochum
3190 1097 3252 1157 in
3277 1116 3382 1159 sua
3416 1099 3747 1160 Parochiali
3778 1100 3891 1160 Ec-

2345 1190 2554 1263 clesia,
2587 1191 2689 1252 sed
2745 1191 2822 1253 ad
2865 1191 3224 1271 Episcopum
3279 1192 3539 1272 pertinet
3583 1195 3890 1271 deputatio

2345 1285 2793 1348 Concionatoris
2817 1285 2880 1346 in
2910 1285 3138 1356 eadem,
3169 1287 3346 1369 juxta
3374 1288 3627 1348 Textum
3653 1292 3713 1346 in
3745 1287 3888 1368 Cap.

2348 1380 2954 1452 Eoecommunicamus,
2980 1380 3043 1462 ὃ.
3074 1384 3210 1459 quia
3241 1401 3370 1442 vcro
3385 1382 3450 1442 dc
3479 1381 3771 1442 hcicraett’cis
3797 1431 3812 1453 ,
3844 1393 3897 1443 ct

2346 1475 2412 1534 in
2445 1472 2590 1553 Cap.
2620 1476 2766 1535 sicut
2792 1476 2973 1534 codem
3002 1477 3168 1536 titulo
3196 1479 3258 1535 in
3310 1481 3368 1537 6.
3416 1497 3553 1537 cum
3598 1476 3733 1537 aliis
3776 1476 3897 1538 late

2348 1567 2668 1630 cumulatis
2689 1569 2752 1629 in
2781 1568 2959 1629 Decis.
2998 1576 3134 1630 598.
3171 1590 3389 1632 numer.
3416 1576 3514 1631 60.
3547 1583 3595 1630 ct
3628 1592 3775 1651 seqq.
3804 1592 3896 1632 co-

2349 1681 2478 1722 ram
2499 1661 2774 1735 Mer-lino,
2804 1670 2862 1723 et
2884 1682 3159 1741 expresse
3186 1663 3529 1725 decernitur
3569 1665 3629 1727 in
3662 1665 3890 1728 Concil.

2350 1756 2620 1818 Trident.
2653 1755 2802 1817 sess.
2837 1761 2935 1817 24.
2966 1777 3092 1837 cap.
3127 1762 3184 1818 4.
3225 1760 3290 1819 de
3323 1759 3579 1838 Reform.

2470 1852 2549 1912 At
2568 1850 2868 1933 quidquid
2889 1851 2967 1913 sit
2990 1852 3063 1914 de
3081 1852 3195 1914 hoc
3218 1863 3462 1932 punctu,
3487 1865 3900 1918 etsermonem

2355 1945 2770 2009 transferendo
2789 1947 2864 2008 ad
2885 1947 3053 2010 aliud
3076 1949 3355 2024 dubium,
3381 1950 3495 2013 hoc
3514 1960 3604 2014 est
3626 1953 3700 2014 ad
3724 1971 3902 2032 quem

2353 2041 2651 2122 pertineat
2680 2059 2833 2102 onus
2855 2042 3123 2105 solvendi
3171 2043 3613 2128 eleemosynam
3656 2047 3907 2109 Praedi-

2356 2137 2541 2200 catori
2560 2183 2575 2209 ,
2607 2136 2781 2199 Prior
2814 2147 2982 2216 putat
3008 2158 3071 2200 se
3096 2139 3176 2200 ab
3203 2139 3318 2201 hoc
3345 2160 3529 2204 onere
3557 2150 3907 2221 exemptum

2357 2230 2419 2291 in
2448 2232 2753 2313 sequelam
2786 2233 3255 2306 consuetudinis,
3291 2235 3462 2315 juxta
3481 2254 3665 2314 quam
3696 2236 3910 2298 electio

2359 2326 2793 2389 Praedicatoris
2820 2327 2893 2390 ad
2915 2348 2977 2390 se
3008 2328 3309 2409 pertinere
3346 2338 3555 2409 potest,
3587 2329 3727 2392 licet
3755 2351 3912 2392 onus

2359 2420 2627 2482 solvendi
2656 2421 3097 2505 eleemosynam
3127 2433 3350 2503 spectet
3373 2425 3448 2486 ad
3497 2424 3912 2490 Communita·

2363 2523 2481 2576 tem
2506 2561 2523 2589 ,
2544 2517 2721 2597 juxta
2757 2516 2995 2580 firmata
3027 2537 3131 2598 per
3162 2518 3339 2582 Card.
3374 2520 3448 2581 de
3479 2520 3634 2582 Luca
3665 2521 3904 2581 discors.

2363 2614 2462 2671 27.
2494 2630 2654 2672 num.
2681 2618 2739 2673 8.
2766 2613 2829 2672 in
2852 2613 3100 2675 Miscell.
3133 2613 3344 2676 Ecclcs.
3367 2664 3383 2686 ‚
3410 2622 3467 2675 et
3492 2616 3667 2695 juxta
3690 2616 3913 2676 resolu-

2368 2704 2590 2766 tionem
2646 2705 2829 2787 bujus
2870 2707 3000 2770 Sac.
3052 2707 3543 2790 Congregationis
3596 2711 3660 2768 in
3703 2709 3914 2770 AEsina
3983 2775 3986 2776 ⁷

2366 2800 2644 2860 electionis
2676 2799 3099 2861 Concionatoris
3130 2807 3188 2862 8.
3214 2800 3469 2880 Auqusti
3508 2807 3681 2862 1711.
3711 2801 3773 2863 in
3796 2820 3919 2883 qua

2264 2936 2279 2951 .
2370 2894 2700 2956 resolutum
2754 2894 2909 2969 fuit,
2958 2894 3305 2958 electionem
3362 2895 3800 2958 Praedicatoris
3852 2895 3915 2956 in

2371 2987 2499 3048 loco
2537 2987 2726 3050 Castri
2772 2988 2944 3050 Plani
2990 2998 3255 3069 spectare
3295 2989 3368 3051 ad
3404 2990 3774 3069 Episcopum
3804 3034 3821 3063 ,
3858 2997 3921 3051 et

2372 3102 2491 3143 non
2514 3083 2589 3145 ad
2612 3082 3112 3145 Communitatem
3132 3129 3147 3156 ,
3175 3083 3274 3145 sed
3297 3083 3803 3146 Communitatem
3830 3091 3921 3146 te-

2373 3178 2501 3238 neri
2529 3179 2602 3239 ad
2628 3178 3207 3241 subministrandam
3232 3180 3641 3243 Praedicatori
3673 3179 3923 3242 eleemo-

2372 3290 2586 3353 synam
2607 3314 2623 3330 .

2491 3366 2902 3427 Communitas
2926 3386 2961 3428 e
2985 3376 3194 3429 contra
3233 3367 3293 3429 S.
3345 3368 3613 3430 Marcelli
3659 3366 3918 3445 excipit,

2372 3461 2535 3539 quod
2556 3461 2728 3523 sicuti
2754 3461 2945 3522 Priori
2967 3463 3248 3541 competit
3270 3462 3525 3525 facultas
3554 3461 3913 3523 nominandi

2372 3554 2905 3629 Concionatorem,
2952 3555 3035 3618 ita
3080 3557 3257 3618 debet
3311 3556 3470 3617 idem
3515 3574 3669 3617 onus
3716 3554 3925 3617 subire

2374 3650 2750 3730 persolvendi
2774 3651 3239 3731 eleemosynam,
3272 3658 3330 3711 et
3355 3648 3731 3711 contrarium
3758 3648 3926 3709 rnili-

2375 3751 2505 3806 tare
2545 3763 2713 3825 posse
2739 3744 2804 3805 in
2831 3744 3145 3817 terminis,
3180 3745 3241 3805 in
3270 3743 3495 3824 quibus
3535 3763 3642 3823 per
3692 3751 3929 3822 tempus

2376 3836 2857 3901 immemorabile
2902 3839 3076 3901 Prior
3128 3838 3491 3900 nominasset
3545 3837 3927 3900 Praedicato-

2379 3951 2506 3994 rem
2530 3978 2549 4007 ,
2600 3941 2659 3995 et
2692 3932 3102 3996 Communitas
3131 3933 3571 4013 eleemosynam
3615 3931 3926 4005 solvisset,

2377 4028 2823 4101 contendendo,
2847 4027 3009 4108 quod
3041 4027 3299 4109 allegata
3336 4026 3834 4088 immemorabilis
3862 4024 3930 4087 in

2377 4121 2691 4204 hypothesi
2720 4141 2841 4183 non
2864 4123 2941 4183 sit
2970 4121 3095 4183 ullo
3130 4121 3306 4183 modo
3336 4140 3372 4182 a
3402 4120 3613 4183 Priore
3641 4120 3928 4201 probata,

2373 4215 2548 4297 juxta
2580 4215 2817 4277 firmata
2841 4234 2944 4294 per
2969 4215 3236 4295 Fagnan.
3269 4217 3332 4274 in
3359 4213 3505 4294 Cap.
3532 4216 3686 4275 inter
3708 4224 3930 4275 coetera

2379 4330 2536 4370 num.
2565 4315 2665 4370 21.
2699 4311 2765 4370 dc
2788 4308 2982 4390 Officio
3015 4308 3344 4381 ordinarii,
3375 4310 3483 4372 ubi
3508 4329 3585 4372 ex
3616 4307 3932 4372 resolutio-

2385 4404 2564 4465 nibus
2588 4404 2770 4485 hujus
2804 4404 2934 4466 Sac.
2962 4402 3453 4485 congregationis
3482 4404 3725 4476 firmat,
3759 4400 3926 4482 quod

2385 4499 2447 4558 in
2491 4498 2777 4560 electione
2829 4499 3259 4561 Praedicatoris
3299 4497 3676 4561 Catbedralis
3727 4495 3932 4558 Eccle-

2385 4591 2543 4663 siae,
2576 4592 2625 4651 si
2663 4591 2988 4673 Episcopus
3020 4592 3228 4673 eligit,
3273 4601 3334 4655 et
3372 4592 3637 4671 Populus
3668 4609 3744 4652 ex
3782 4608 3931 4650 con-

2385 4687 2700 4748 suetudine
2723 4706 2842 4747 non
2876 4686 3345 4749 immemorabili
3378 4687 3575 4749 eidem
3604 4685 3934 4764 eleemosy-

2391 4799 2529 4842 nam
2557 4780 2939 4861 suppeditare
2961 4783 3294 4853 consuevit,
3330 4781 3659 4862 Episcopus
3692 4784 3931 4839 tenetur

2390 4875 2475 4937 sic
2503 4874 2689 4936 electo
2722 4875 3165 4958 eleemosynam
3198 4895 3445 4958 erogare
3467 4921 3485 4949 ,
3529 4875 3607 4936 ad
3653 4873 3933 4934 differen-

2396 4970 2538 5032 tiam
2575 4987 2745 5032 casus
2769 5017 2785 5040 ,
2838 4969 2900 5030 in
2931 4989 3056 5051 quo
3084 4971 3351 5052 Populus
3382 4989 3459 5032 ex
3504 4964 3936 5029 consuetudine

2393 5062 2860 5134 immemorabili
2886 5064 3327 5147 eleemosynam
3353 5068 3705 5144 praestasset
3728 5105 3746 5133 ,
3790 5059 3940 5140 quia

2394 5163 2538 5218 tunc
2561 5157 2824 5236 Populus
2847 5156 3295 5237 compellendus
3327 5162 3479 5218 esset
3503 5154 3579 5218 ad
3608 5153 3937 5215 observan-

2393 5250 2538 5313 tiam
2581 5250 3030 5313 consuetudinis
3057 5299 3074 5322 ,
3115 5271 3236 5337 non
3264 5252 3537 5314 obstante
3562 5294 3580 5323 ,
3610 5247 3773 5330 quod
3814 5246 3940 5310 ele·

2393 5343 2511 5407 ctio
2531 5343 2608 5405 ad
2632 5343 2989 5424 Episcopum
3021 5352 3346 5425 spectaret.

2512 5438 2626 5500 His
2658 5439 2954 5502 stantibus
2972 5438 3286 5520 quaeritur
3317 5458 3334 5499 ε
