4393 6299
959 512 1061 566 138

1937 513 2382 583 ouffisrrouas
2435 513 2690 567 cauom
2706 513 2809 567 (νε

771 683 1087 747 nunquam
1110 685 1264 729 onus
1286 713 1303 741 ‚
1332 668 1408 731 de
1426 686 1551 748 quo
1576 667 1798 749 agitur,
1823 666 2104 730 habitum
2133 665 2321 729 fuerit
2428 664 2925 745 impedimentum
2966 667 3316 747 juramento
3335 714 3353 738 ,
3383 673 3446 729 et
3487 663 3647 729 vices
3690 683 3831 731 suas
3861 666 3974 733 uni

777 778 887 839 pro
931 770 1252 843 perpetuo.

893 856 1203 919 Stantibus
1229 855 1356 932 his,
1382 855 1731 938 quaeritur=

890 952 987 1011 An
1011 972 1152 1012 onus
1176 951 1495 1013 Missarnm
1520 953 1929 1032 praescriptum
1959 952 2024 1010 in
2068 948 2275 1029 Leqato
2305 998 2319 1020 ,

775 1047 842 1106 de
881 1067 990 1126 qno
1034 1050 1231 1126 aqitnr
1261 1095 1278 1118 ‚
1330 1049 1405 1108 sit
1435 1057 1883 1127 temporaneum,
1918 1054 1970 1107 et
2004 1065 2111 1126 pro
2150 1048 2323 1108 unica

774 1144 890 1204 eice
915 1189 933 1213 ,
968 1161 1066 1203 seu
1091 1144 1277 1223 potins
1302 1152 1661 1223 perpetuum,
1690 1143 1756 1201 in
1784 1160 1920 1203 casn
1940 1150 2042 1202 etc.

882 1378 1022 1426 διον.
1055 1375 1251 1443 Congr.
1280 1374 1368 1428 die
1399 1376 1486 1427 18.
1515 1374 1832 1430 Novembris
1847 1376 2003 1427 1719.
2033 1375 2328 1445 respondit:

953 1461 1051 1515 Ad
1076 1463 1313 1531 primam
1342 1463 1499 1516 dubii
1523 1476 1738 1534 partem
1763 1459 2131 1533 affirmative,
2171 1477 2225 1517 et
2261 1464 2337 1519 ad

782 1548 1075 1604 secundam
1113 1551 1385 1621 negative.

1219 1788 1580 1864 QUAESTIO
1619 1789 1874 1852 cxxn.

1051 2022 1123 2083 In
1146 2022 1339 2086 Causa
1375 2022 1769 2103 Fulginatensi
1787 2073 1803 2095 ,
1833 2026 1921 2085 die
1949 2030 2046 2087 30.

1274 2133 1613 2215 Septembris
1638 2138 1834 2195 '1719.

779 2305 1171 2426 Franciscus
1192 2365 1585 2427 Ambrosinus
1597 2365 1935 2428 Canonicus
1947 2364 2321 2431 cathedralis

776 2456 1075 2520 Ecclesiae
1095 2457 1479 2540 Fulginaten.
1504 2459 1610 2539 qui
1654 2479 1688 2521 a
1718 2458 1996 2538 pluribus
2019 2458 2195 2521 annis
2220 2458 2322 2520 tali

780 2552 1046 2633 podagra
1075 2552 1353 2626 laborat,
1392 2562 1461 2613 ut
1481 2573 1515 2614 e
1539 2553 1717 2615 domo
1736 2552 1903 2615 exire
1932 2572 2054 2614 non
2083 2553 2277 2615 valeat
2303 2597 2321 2626 ‚

775 2643 1014 2707 indulto
1059 2646 1285 2708 fruitur
1336 2647 1733 2728 participandi
1770 2647 1854 2710 ¹de
1898 2645 2325 2709 emolumentis

776 2739 870 2801 sui
916 2738 1352 2813 canonicatus,
1405 2760 1522 2800 non
1559 2741 1867 2814 obstante,
1916 2740 2083 2820 quod
2126 2738 2328 2801 Choro

716 2875 719 2876 ν
777 2850 902 2894 non
945 2832 1222 2903 intersit3
1271 2852 1531 2913 cumque
1559 2833 1867 2896 occasione
1898 2833 2326 2915 Congregatio-

781 2944 930 2986 num
960 2925 1433 3006 capitularium,
1469 2928 1531 2988 in
1570 2928 1795 3008 quibus
1818 2928 2021 3010 agitur
2046 2927 2121 2989 de
2150 2927 2327 3008 Capi-

780 3019 892 3080 tuli
925 3021 1206 3101 negotiis,
1243 3031 1523 3083 consueta
1551 3023 1623 3083 ad
1657 3023 1852 3101 ipsum
1882 3022 2327 3084 transmittatur

781 3112 1107 3188 intimatio,
1148 3123 1216 3177 ut
1236 3116 1520 3190 interesse
1550 3114 1830 3196 dignetur
1849 3161 1867 3190 ,
1895 3134 2034 3179 suas
2056 3114 2202 3177 huic
2228 3112 2329 3179 Sa·

780 3227 919 3271 crae
945 3209 1403 3290 Congregationi
1455 3229 1657 3290 preces
1682 3209 1962 3272 exhibuit
1991 3228 2103 3290 pro
2136 3208 2329 3272 facul-

782 3285 903 3364 tate
927 3302 1327 3365 substituendi
1379 3303 1566 3365 alium
1616 3303 2026 3377 Canonicum,
2068 3302 2174 3384 qui
2221 3322 2331 3365 suo

779 3396 1027 3457 nomine
1057 3406 1313 3477 praestet
1340 3398 1695 3479 suffragium
1725 3447 1741 3468 ,
1783 3398 1848 3459 in
1872 3396 2188 3480 hypothesi
2218 3441 2236 3471 ,
2266 3398 2329 3459 in

781 3507 903 3570 qua
932 3492 1008 3551 sit
1037 3491 1362 3571 impeditus
1395 3511 1472 3554 ne
1509 3493 1781 3566 accedat,
1817 3501 1877 3553 et
1905 3492 1966 3552 in
1997 3510 2117 3571 qua
2148 3491 2332 3554 etiam

783 3592 872 3645 est
900 3585 1238 3665 paratusad
1268 3586 1653 3666 probandum
1679 3586 2177 3668 impedimentum
2209 3606 2332 3650 me·

782 3676 884 3739 dio
907 3678 1253 3758 juramento
1273 3721 1290 3738 .

901 3770 1202 3852 Scriptum
1234 3771 1348 3832 fuit
1373 3771 1668 3853 Episcopo
1707 3792 1817 3853 pro
1855 3774 2285 3837 informatione
2314 3820 2332 3849 ,

781 3871 843 3927 et
865 3875 1002 3927 voto
1026 3911 1041 3939 ,
1071 3886 1331 3946 cumque
1350 3866 1679 3947 Episcopus
1711 3868 1934 3930 dixerit
1960 3869 2246 3950 expedire
2268 3871 2331 3930 in

781 3960 1074 4033 Domino,
1098 3961 1260 4040 quod
1291 3961 1436 4022 haec
1466 3961 1719 4024 facultas
1745 3962 2045 4026 Canonico
2085 3963 2330 4026 Oratori

781 4055 1168 4128 concedatur,
1198 4063 1407 4135 utpote
1435 4074 1669 4118 summa
1699 4057 2077 4138 integritate,
2107 4066 2168 4120 et
2195 4077 2335 4139 pru-

785 4148 987 4210 dentia
1015 4149 1286 4228 praedito
1310 4195 1326 4221 ,
1374 4149 1531 4210 itaut
1575 4151 1706 4231 ejus
1742 4151 2097 4232 suffragium
2136 4151 2332 4213 maxi·

786 4260 1030 4322 mopere
1060 4241 1396 4321 proficuum
1444 4241 1719 4303 futurum
1761 4244 1880 4316 sit,
1918 4253 2042 4306 tam
2091 4244 2153 4305 in
2194 4243 2332 4318 his,

783 4353 944 4416 quae
966 4335 1294 4416 respiciunt
1317 4336 1548 4397 cultum
1569 4336 1870 4409 divinum,
1907 4356 2091 4419 quam
2123 4339 2184 4399 in
2210 4358 2337 4401 cae-

786 4431 954 4504 teris,
984 4450 1141 4510 quae
1170 4430 1470 4512 pertinent
1493 4431 1567 4493 ad
1596 4433 2005 4495 oeconomiam
2032 4433 2331 4513 Capituli,

782 4523 938 4587 facta
963 4524 1080 4586 fuit
1107 4524 1290 4608 hujus
1316 4525 1636 4588 instantiae
1667 4526 1878 4589 relatio
1900 4527 1964 4588 in
1994 4527 2329 4611 Congrege-

788 4618 951 4680 tione
975 4618 1183 4681 habita
1224 4620 1314 4680 die
1344 4623 1438 4679 17.
1470 4618 1645 4679 Junii
1682 4623 1854 4681 1719.
1884 4627 1946 4684 et
1973 4623 2332 4702 rescriptum

786 4711 904 4775 fuit
921 4761 934 4783 ,
965 4714 1112 4792 quod
1137 4725 1437 4793 poneretur
1464 4717 1527 4773 in
1552 4715 1692 4792 folio
1713 4758 1729 4775 .

904 4807 965 4867 Si
1002 4824 1264 4868 essemus
1296 4808 1361 4867 in
1391 4808 1642 4869 materia
1664 4807 1992 4883 electionis,
2018 4805 2190 4871 casus
2213 4810 2330 4873 dici

785 4911 982 4983 posset
1009 4902 1241 4964 decisus
1279 4903 1347 4961 in
1371 4899 1516 4980 Cap.
1568 4905 1707 4981 qnia
1737 4913 1967 4983 propter
1994 4952 2009 4975 ,
2061 4904 2124 4985 §.
2171 4903 2332 4964 Illud

783 5008 972 5059 autem
999 4998 1065 5057 de
1090 4998 1378 5068 electione,
1407 5000 1544 5056 etin
1571 4995 1715 5078 Cap.
1741 5001 1793 5058 si
1815 5001 1942 5076 quis
1960 4999 2116 5077 justo
2147 5001 2331 5060 eodem

774 5093 955 5160 titulo
980 5094 1044 5153 in
1063 5097 1121 5152 6.
1149 5091 1255 5152 ubi
1292 5090 1512 5152 dicitur
1531 5140 1545 5162 ,
1576 5091 1738 5172 quod
1763 5093 1977 5154 absens
2004 5113 2039 5156 a
2066 5094 2196 5155 loco
2216 5094 2335 5156 ele·

789 5186 1004 5248 ctionis
1023 5232 1040 5260 ,
1063 5195 1123 5247 et
1145 5204 1377 5247 moram
1398 5185 1620 5247 ducens
1647 5186 1712 5247 in
1736 5186 1867 5248 loco
1888 5232 1905 5260 ‚
1929 5207 1965 5250 a
1993 5207 2117 5269 quo
2141 5197 2334 5268 potest

788 5279 1052 5351 avocari,
1084 5280 1132 5340 si
1149 5281 1312 5360 justo
1333 5279 1765 5360 impedimento
1796 5281 2160 5357 detineatur,
2185 5301 2331 5345 con-

787 5376 1036 5436 stituere
1070 5373 1230 5436 valet
1254 5375 1711 5435 Procuratorem
1738 5419 1755 5449 ,
1789 5375 1895 5455 qui
1934 5394 2045 5437 suo
2086 5375 2335 5438 nomine

787 5469 1141 5552 suffragium
1164 5468 1316 5531 ferat
1336 5468 1400 5529 in
1422 5468 1743 5542 electione,
1768 5469 2096 5534 dummodo
2121 5472 2334 5552 probet

2430 761 2504 822 de
2530 759 2796 842 Collegio
2825 762 3194 824 committat.

2546 858 2625 917 At
2651 856 2794 935 quia
2821 875 2939 917 non
2963 856 3163 938 agitur
3190 856 3266 918 de
3287 856 3599 930 electione,
3631 858 3733 919 scd
3757 859 3832 920 de
3852 877 3978 921 cae·

2432 950 2572 1011 teris
2599 950 2737 1012 aliis
2780 950 3035 1032 negotiis
3056 996 3073 1024 ‚
3099 970 3257 1032 quae
3290 951 3351 1012 in
3395 951 3976 1033 congregationibus

2428 1042 2876 1124 Capitularibus
2912 1052 3379 1125 pertractantur3
3415 1046 3558 1108 binc
3585 1046 3782 1108 oritur
3813 1067 3985 1111 occa-

2430 1137 2520 1198 sio
2546 1137 2864 1200 dubitandi
2894 1184 2911 1210 ‚
2942 1157 3021 1201 an
3067 1139 3130 1200 id
3157 1183 3174 1211 ,
3217 1139 3382 1220 quod
3419 1138 3537 1200 fuit
3576 1147 3870 1202 statutum
3916 1141 3982 1203 in

2432 1231 2682 1293 materia
2721 1231 3066 1306 electioniS,
3114 1233 3191 1295 ad
3223 1233 3375 1295 alios
3400 1243 3568 1297 actus
3595 1235 3659 1296 in
3702 1233 3981 1317 Capitulo

2433 1324 2730 1406 explendo
2751 1327 2993 1388 extendi
3027 1326 3244 1389 valeat.

2553 1421 2743 1482 Porro
2772 1440 2890 1483 non
2940 1421 3157 1483 desunt
3188 1429 3517 1485 asserentes
3540 1470 3560 1496 ,
3590 1425 3752 1505 quod
3805 1424 3989 1488 sicuti

2435 1513 2771 1577 Canonicus
2819 1516 2978 1577 dicto
3032 1517 3207 1578 modo
3257 1517 3472 1579 absens
3521 1527 3972 1598 procuratorem

2437 1609 2616 1670 modo
2653 1609 2961 1672 insinuato
2988 1610 3350 1672 constituere
3393 1620 3586 1693 potest
3628 1613 3692 1674 in
3728 1614 3984 1677 materia

2434 1703 2770 1775 electionis,
2803 1703 2917 1766 hoc
2948 1704 3147 1785 ipsum
3191 1703 3387 1767 facere
3412 1706 3598 1786 possit
3623 1706 3684 1767 in
3706 1706 3842 1768 aliis
3873 1727 3980 1769 ne-

2432 1797 2612 1877 gotiis
2640 1796 3091 1878 capitularibus
3114 1844 3132 1871 ,
3165 1797 3453 1878 Ceccoper.
3485 1801 3704 1861 lacubr.
3758 1799 3983 1862 Canon.

2438 1892 2537 1950 lib.
2570 1895 2631 1952 t.
2660 1911 2819 1951 nam.
2858 1895 2957 1953 tt.
2991 1901 3051 1954 et
3080 1893 3158 1954 ab
3192 1891 3303 1955 bac
3332 1893 3464 1956 Sac.
3507 1892 3986 1976 Congregatione

2433 1986 2523 2046 die
2549 1990 2643 2047 18.
2674 1985 2977 2048 Februarii
3015 1991 3193 2048 1623.
3220 2006 3573 2068 responsum
3601 1987 3719 2049 fuit
3747 2036 3762 2059 ,
3790 1989 3984 2051 Cano·

2434 2077 2636 2139 nicum
2673 2080 2979 2142 absentem
3014 2098 3185 2160 posse
3224 2088 3431 2141 votum
3477 2099 3653 2145 suum
3702 2081 3876 2143 alteri
3914 2083 3990 2145 de

2435 2170 2711 2251 Capitulo
2742 2173 3039 2255 delegare,
3065 2173 3115 2235 si
3147 2172 3413 2236 abfuerit
3436 2176 3517 2237 ob
3543 2174 3812 2256 aliquam
3837 2195 3980 2239 cau-

2434 2283 2563 2327 sam
2581 2285 2656 2327 ex
2683 2265 2781 2328 bis
2798 2312 2813 2339 ,
2845 2287 3004 2348 quae
3035 2275 3176 2328 sunt
3202 2268 3570 2348 approbatae
3593 2269 3657 2329 in
3678 2269 3980 2332 Constitu·

2431 2359 2595 2421 tione
2616 2360 2907 2423 Bonifacii
2944 2360 3197 2436 Octavi,
3229 2363 3318 2422 uti
3358 2362 3564 2424 videre
3597 2370 3688 2425 est
3736 2365 3837 2424 tib.
3886 2369 3986 2426 12.

2435 2452 2649 2513 Decret.
2682 2455 2783 2532 fol.
2818 2458 2950 2514 119.
2990 2475 3028 2515 a
3049 2464 3221 2533 terqo,
3245 2454 3384 2516 etin
3409 2455 3979 2519 ConstitutioueBo·

2432 2545 2635 2608 nifacii
2655 2546 2864 2610 Octavi
2894 2548 3110 2610 absens
3132 2568 3207 2610 ex
3226 2547 3583 2613 infirmitate
3611 2549 3876 2632 legitime
3894 2551 3985 2613 di·

2429 2639 2586 2702 citur
2608 2642 2836 2715 abesse,
2861 2643 2946 2705 ita
2970 2651 3037 2705 ut
3070 2643 3424 2707 admittatur
3448 2644 3524 2707 ad
3548 2644 3873 2707 fruendum
3898 2644 3987 2707 di·

2430 2733 2919 2809 atributionibus,
2944 2737 3455 2819 quemadmodum
3477 2737 3738 2800 babetur
3762 2741 3827 2799 in
3846 2758 3976 2819 cap.

2435 2824 2905 2892 Consuetudinem
2931 2833 2996 2892 de
3028 2830 3265 2893 Clericis
3301 2852 3417 2892 non
3437 2834 3807 2895 residentibus
3841 2837 3906 2894 in
3922 2838 3986 2895 6.

2549 2922 2794 2984 Praeter
2843 2923 2993 2987 baec
3013 2972 3031 2998 ‚
3087 2925 3486 2988 animadverti
3536 2936 3731 3007 posset
3758 2972 3776 3001 ,
3824 2926 3988 3009 quod

2433 3012 2769 3097 Canonicus
2787 3018 2928 3098 jure
2957 3036 3066 3079 suo
3090 3018 3452 3080 constituere
3474 3026 3667 3099 potest
3693 3020 3986 3083 Procura-

2434 3115 2625 3172 torem
2648 3157 2665 3185 ‚
2695 3112 2801 3193 qui
2853 3112 2915 3174 in
2969 3111 3252 3195 Capitulo
3281 3114 3645 3196 suffragetur
3663 3160 3684 3189 ‚
3713 3134 3836 3178 non
3879 3115 3992 3178 ob-

2433 3211 2648 3280 stante,
2685 3208 2848 3287 quod
2874 3227 2982 3289 per
3011 3207 3272 3288 seipsum
3300 3208 3589 3272 interesse
3612 3210 3818 3291 possit,
3842 3211 3992 3292 quia

2433 3299 2691 3379 speciale
2720 3307 2810 3363 est
2839 3299 2902 3363 in
2936 3301 3193 3365 materia
3225 3301 3536 3364 electionis
3560 3347 3579 3376 ,
3612 3303 3773 3384 quod
3799 3303 3993 3366 Cano-

2438 3393 2609 3456 nicus
2636 3394 2999 3458 constituere
3028 3415 3149 3457 non
3173 3395 3359 3477 possit
3387 3393 3874 3470 Procuratorem,
3904 3396 3998 3458 ni-

2436 3490 2486 3552 si
2513 3499 2780 3552 moretur
2802 3492 2867 3551 in
2909 3490 3039 3553 loco
3066 3535 3083 3563 ,
3116 3509 3154 3552 a
3192 3509 3317 3571 quo
3343 3490 3558 3554 debeat
3583 3492 3821 3554 avocari
3847 3537 3865 3566 ,
3888 3493 3994 3574 ju-

2437 3593 2650 3666 stoque
2694 3586 3125 3667 impedimento
3153 3585 3537 3659 detineatur,
3586 3587 3750 3666 qnod
3792 3586 3998 3649 medio

2433 3680 2783 3760 juramento
2810 3679 3071 3761 probare
3106 3688 3364 3741 tenetur.
3396 3678 3686 3741 Theorica
3732 3678 3883 3743 baec
3906 3689 3999 3744 est

2442 3774 2693 3836 Abbatis
2719 3777 2784 3833 in
2817 3773 2964 3854 Cap.
3013 3776 3152 3851 qnia
3194 3782 3425 3853 propter
3455 3819 3473 3844 ,
3507 3771 3573 3854 §-
3606 3774 3761 3833 illud
3786 3819 3803 3847 ‚
3830 3793 3995 3835 nuos.

2444 3872 2499 3929 1.
2527 3870 2592 3928 de
2619 3871 2879 3930 electione
2904 3913 2921 3941 ‚
2951 3867 3075 3929 ibi:
3108 3869 3304 3945 collige
3322 3912 3339 3939 ,
3368 3876 3421 3926 et
3456 3877 3574 3926 tene
3600 3870 3813 3942 menti,
3849 3870 4002 3948 quod

2439 3965 2504 4022 in
2535 3965 2655 4025 alio
2680 3965 2899 4042 neqotio
2943 3973 3115 4042 potest
3158 3964 3287 4040 qnia
3324 3959 3757 4024 Procuratorem
3788 3965 3997 4024 consti·

2442 4067 2594 4117 tuere
2618 4103 2635 4126 ,
2659 4068 2724 4116 nt
2754 4059 2869 4117 vice
2907 4075 3014 4116 sua
3038 4057 3264 4115 intersit
3298 4052 3677 4118 Universitati
3689 4101 3707 4130 ,
3735 4059 3862 4118 licet
3881 4059 4001 4136 ipse

2441 4153 2779 4212 constituens
2793 4153 2965 4231 possit
2984 4169 3093 4212 esse
3108 4168 3213 4231 per
3238 4169 3315 4209 se.
3344 4147 3501 4212 Nam
3531 4152 3769 4231 speciale
3795 4153 3999 4213 statui»

2444 4256 2543 4305 tur
2573 4248 2663 4306 hic
2689 4248 2755 4305 in
2794 4246 3073 4306 electionis
3098 4246 3339 4322 περσεία.
3382 4242 3544 4324 Erqo
3563 4246 3630 4305 in
3669 4247 3806 4307 aliis
3830 4266 3997 4326 neqo-

2444 4341 2539 4399 tiis
2557 4340 2917 4419 explicandis
2941 4355 3041 4418 per
3087 4336 3424 4419 Capitulum
3449 4382 3467 4410 ,
3499 4357 3597 4398 seu
3642 4338 3995 4402 Universito·

2444 4446 2551 4495 tem
2567 4437 2749 4497 aliam
2772 4479 2790 4507 ,
2814 4443 2988 4514 potest
3011 4434 3184 4494 etiam
3216 4451 3333 4492 non
3359 4434 3661 4513 impeditus
3703 4433 3995 4496 Procura-

2445 4540 2619 4589 torem
2658 4531 2992 4590 constituere
3015 4545 3118 4607 per
3143 4528 3319 4588 istum
3340 4535 3561 4587 textum
3576 4547 3601 4586 .·
3633 4526 3816 4608 idque
3842 4527 3995 4591 adeo

2440 4632 2639 4685 tutum
2684 4622 3100 4694 existimatur,
3130 4628 3201 4682 ut
3240 4619 3357 4682 bac
3400 4620 3711 4702 supposita
3749 4621 3995 4685 conclu·

2439 4719 2607 4782 sione
2631 4764 2649 4793 ,
2683 4724 3012 4798 quaeratur
3033 4734 3070 4778 a
3097 4714 3460 4777 Ductoribus
3483 4763 3499 4786 ‚
3531 4734 3608 4777 an
3640 4715 3703 4776 in
3727 4714 3995 4779 aliisue-

2438 4814 2616 4897 gotiis
2664 4820 2837 4874 extra
2883 4810 3236 4872 electionem
3262 4857 3279 4880 ,
3330 4808 3666 4871 Canonicus
3690 4854 3709 4882 ‚
3754 4808 3861 4890 qui
3917 4810 3999 4874 sit

2439 4926 2694 4990 magnae
2726 4904 3119 4977 auctoritatis,
3145 4910 3206 4965 et
3229 4902 3338 4985 qui
3362 4922 3483 4965 non
3513 4903 3589 4965 sit
3621 4903 3948 4984 impeditus
3969 4951 3991 4983 ,

2436 5004 2564 5085 cogi
2593 5002 2790 5064 valeat
2829 5000 2905 5062 ad
2928 4997 3402 5061 interessendum
3444 4995 3721 5077 Capitulo
3749 5017 3856 5079 per
3880 5018 3947 5063 ae
3970 5048 3989 5075 ,

2435 5107 2497 5162 et
2532 5117 2653 5160 non
2696 5116 2804 5178 per
2827 5096 3281 5156 Procuratorem
3308 5135 3325 5163 ,
3366 5090 3431 5152 in
3475 5109 3599 5172 qua
3643 5092 3997 5173 quaestione

2436 5190 2714 5254 nonnulli
2745 5189 3163 5249 affirmativam
3195 5233 3207 5257 ,
3239 5183 3514 5246 nonnulli
3538 5185 3880 5267 negativam
3909 5205 4001 5250 se-

2437 5287 2708 5365 quuntur
2732 5284 3075 5364 opinionem
3109 5326 3121 5352 ‚
3151 5278 3236 5339 uti
3265 5276 3525 5340 habetm·
3560 5279 3627 5337 in
3651 5289 3841 5358 praet.
3868 5280 3990 5343 Ec..

2437 5383 2567 5443 cles.
2598 5378 2798 5441 Marci
2824 5380 3067 5438 Antonii
3089 5374 3397 5435 Gen-ensis
3416 5382 3632 5452 quaest.
3654 5376 3796 5435 239.

2560 5473 2675 5535 His
2698 5470 2997 5535 stantibus
3017 5517 3036 5542 ‚
3065 5464 3407 5551 quaeritur:
