4393 6299
1627 496 2095 566 Quaes‘rtu
2157 492 2379 551 LXXVI.
3289 493 3358 546 ss

328 646 566 710 riarum
621 648 957 712 reservavit
1009 648 1320 730 Episcopis
1344 695 1362 721 ,
1426 647 1589 711 intra
1621 667 1885 729 quorum
1940 690 1946 699 ·

331 742 686 805 Dioecesum
717 742 871 804 fines
905 743 1203 806 Abbatiae
1230 744 1380 806 sitae
1418 751 1583 817 sunt,
1613 763 1734 804 non
1778 744 1888 804 ob·
1942 766 1948 823 ξ

330 847 550 905 stante.
589 838 755 918 quod
775 837 1023 900 eaedem
1053 837 1340 900 fruantur
1360 837 1694 899 Territorio
1719 858 1888 918 sepa-
1944 842 1947 845 ’

334 941 489 1003 rato,
518 931 611 992 uti
633 938 874 1011 praeter
898 932 1273 1011 antiquiores
1292 931 1476 1012 hujus
1503 930 1718 992 Sacrae
1736 930 1894 992 Con·

329 1025 696 1108 gregationis
736 1023 1151 1086 Raeolutiones
1199 1044 1233 1086 a
1283 1024 1700 1087 scribentibus
1744 1023 1895 1086 alle·

333 1130 533 1200 getas,
595 1119 905 1200 respondit
964 1118 1113 1182 haec
1161 1119 1342 1181 Sacra
1392 1119 1789 1201 Congregatio
1831 1121 1895 1179 in

2000 649 2192 729 pitulo
2220 649 2520 713 Ecclesiae
2559 647 3083 730 Metropolitanae,
3134 660 3204 709 ea
3258 642 3536 725 imposita

2001 743 2151 825 lege,
2201 754 2268 806 ut
2297 745 2584 807 Canonici
2615 742 2924 807 celebrare
2953 744 3242 805 deberent
3287 736 3542 819 singulis

1999 840 2308 901 mensibus
2326 842 2475 901 dunas
2498 840 2708 901 Missas
2724 838 3040 906 solemnes,
3054 837 3306 897 alteram
3328 850 3542 910 nempe

2000 953 2113 1013 pro
2143 934 2557 995 incolumitate
2598 935 2825 995 Domus
2859 931 3238 1002 Austriacae,
3289 926 3540 989 alteram

2002 1046 2111 1107 pro
2142 1026 2488 1107 refrigerio,
2537 1035 2597 1087 et
2640 1023 2930 1107 suffragio
2963 1024 3204 1086 animae
3241 1039 3406 1090 suae,
3460 1018 3543 1078 ita

2005 1129 2230 1191 tamen,
2281 1130 2348 1182 ut
2375 1139 2449 1182 ex
2499 1121 2698 1182 Missis
2718 1139 2829 1200 pro
2879 1118 3292 1181 incolumitate
3319 1117 3546 1177 Domus

335 1213 618 1286 Nullius,
668 1233 766 1273 seu
818 1212 1185 1294 Vesprimien.
1229 1212 1701 1283 Jurisdictionis,
1751 1231 1897 1291 quac
2004 1216 2357 1277 Austriacae
2386 1214 2785 1288 celebrandis,
2813 1214 2968 1276 duae
2994 1219 3191 1275 essent
3214 1209 3455 1271 votivae
3475 1206 3551 1268 de

344 1310 456 1386 [uit
484 1311 771 1388 proposita
800 1309 891 1368 die
939 1312 1035 1367 12.
1075 1318 1124 1368 et
1151 1311 1401 1368 resoluta
1424 1309 1514 1369 dic
1540 1312 1640 1368 26.
1680 1306 1898 1368 Martii

335 1404 510 1481 hujus
543 1404 689 1463 anni
722 1406 897 1462 1718.

2006 1309 2357 1372 Venerabili
2380 1310 2797 1372 Eucharistiae
2818 1310 3224 1380 sacramento,
3237 1324 3374 1368 cum
3394 1304 3550 1384 ejus-

2003 1404 2137 1465 dem
2167 1403 2575 1483 expositione;
2607 1412 2668 1465 et
2713 1412 2781 1465 ut
2818 1422 2890 1464 eo
2927 1403 3113 1463 tutius
3139 1400 3286 1462 baec
3312 1397 3412 1477 pia
3441 1415 3548 1456 vo·

464 1496 726 1557 Additur
754 1495 833 1556 ab
859 1494 1155 1576 Episcopo
1199 1493 1623 1557 Brictinorien.
1658 1542 1674 1562 .
1731 1492 1893 1574 quod
2007 1497 2212 1559 luntas
2240 1497 2576 1559 executioni
2608 1498 3032 1570 mandaretur,-
3080 1494 3334 1566 addidit,
3385 1489 3550 1571 quod

346 1589 697 1670 Capitulum
730 1589 932 1652 Sancti
978 1588 1137 1649 Petri
1171 1608 1364 1669 usque
1392 1588 1588 1650 adbuc
1635 1607 1755 1648 non
1789 1607 1895 1649 ex·

340 1684 549 1746 hibuit
573 1684 993 1765 privilegium,
1030 1684 1192 1763 quod
1216 1693 1367 1744 esset
1391 1682 1790 1745 necessarium
1819 1682 1895 1744 ad

343 1781 625 1841 effectum
680 1778 756 1840 de
802 1798 926 1859 quo
971 1779 1171 1859 agitur
1197 1823 1214 1850 ,
1270 1777 1574 1839 facultatis
1621 1776 1899 1838 videlicet

343 1873 706 1936 concedendi
740 1873 972 1934 litteras
998 1871 1392 1945 dimissorias,
1423 1879 1484 1933 et
1511 1870 1674 1951 quod
1699 1869 1896 1931 Privi-

346 1967 576 2047 legium
609 1974 1060 2047 praesumptum
1083 1965 1411 2026 consistens
1428 1965 1490 2037 in
1513 1965 1900 2026 immemora-

345 2063 455 2124 bili
485 2081 607 2122 non
636 2069 726 2121 est
779 2061 1123 2140 probatum,
1160 2070 1218 2121 et
1246 2069 1547 2139 quatenus
1576 2066 1727 2120 esset
1758 2078 1897 2138 pro-

353 2160 584 2228 batum,
624 2176 744 2216 non
773 2155 1091 2227 relevaret,
1124 2162 1330 2234 utpote
1351 2172 1389 2216 a
1411 2152 1771 2215 Tridentino
1797 2172 1899 2214 su-

350 2252 580 2313 blatum
603 2292 620 2310 .

472 2346 548 2404 Se
594 2361 840 2424 quoque
869 2342 943 2404 ad
995 2342 1249 2403 Causam
1291 2342 1533 2404 admisit
1574 2342 1902 2421 Episcopus

350 2440 741 2501 Policastren.
781 2437 844 2497 in
876 2437 1070 2517 cujus,
1104 2436 1193 2498 uti
1237 2436 1671 2517 praetenditur,
1720 2434 1898 2497 Dioe·

351 2534 464 2596 cesi
494 2533 699 2595 existit
722 2532 844 2594 alia
877 2530 1138 2593 Abbatia
1157 2531 1352 2593 eidem
1383 2530 1662 2612 Capitulo
1696 2529 1900 2591 Sancti

352 2628 510 2690 Petri
541 2627 733 2700 unita,
764 2635 824 2688 et
856 2645 934 2687 ex
963 2624 1175 2687 iisdem
1202 2626 1446 2707 juribus
1481 2644 1664 2705 supra
1695 2645 1902 2686 recen-

351 2723 478 2785 sitis
505 2721 780 2791 sustinet,
813 2739 932 2780 non
961 2738 1131 2798 posse
1156 2720 1527 2800 praedictum
1550 2717 1898 2800 Capitulum

356 2817 583 2878 litteras
607 2814 930 2876 concedere
952 2811 1345 2875 dimissorias.

467 2909 582 2971 His
602 2908 924 2983 stantibus,
953 2907 1270 2989 quaeritur
1296 2926 1313 2968 ε

474 3005 596 3077 An,
628 3006 851 3066 etiamsi
882 3013 1157 3065 constaret
1182 3004 1248 3063 de
1298 3002 1607 3077 Territorio
1652 3009 1911 3082 separato

360 3102 527 3183 possit
554 3099 893 3180 Capitulum
914 3097 1121 3161 Sancti
1151 3095 1316 3159 Petri
1338 3097 1624 3159 concedere
1652 3097 1911 3174 dimisso·

364 3198 480 3259 rias
508 3197 571 3256 in
594 3215 752 3257 casu.

462 3388 615 3438 Sacra
642 3387 841 3452 Congr.
872 3383 960 3436 die
984 3384 1071 3434 21.
1100 3383 1332 3436 januarii
1367 3383 1506 3434 17¹9
1558 3384 1832 3452 respondit
1866 3403 1878 3434 ε

538 3472 823 3540 Negaeive,
853 3485 904 3524 et
931 3471 1190 3538 amplius.

788 3663 1151 3739 QUAESTIO
1197 3664 1511 3725 Lxxvn.

373 3855 444 3916 In
474 3854 669 3918 Causa
710 3852 1115 3932 Striqoniensi,
1142 3853 1230 3912 die
1261 3857 1356 3912 17.
1390 3851 1704 3914 Decembris
1742 3812 1914 3914 1718.

372 3992 450 4106 Ε
466 4040 963 4112 minentissimus,
977 4049 1035 4101 et
1056 4039 1610 4103 Reverendissimus
1627 4041 1924 4103 Dominus

374 4136 713 4200 Cardinalis
733 4134 1230 4215 Archiepiscopus
1255 4135 1682 4216 strigoniensis
1709 4137 1925 4197 Sacrae

375 4233 698 4294 Caesareae
745 4229 1040 4312 Majestati
1065 4229 1423 4310 supplicavit
1464 4250 1570 4309 pro
1597 4231 1927 4300 obtinendo

375 4327 738 4407 Diplomate,
773 4343 898 4405 quo
943 4325 1246 4404 perpetuis
1292 4324 1514 4388 suturis
1553 4326 1927 4406 temporibus

377 4419 821 4501 Archiepiscopi
851 4418 1288 4500 strigonienses
1318 4420 1515 4493 titulo,
1548 4430 1607 4482 et
1634 4421 1926 4503 dignitate

377 4514 725 4595 Principum
759 4511 922 4573 Sacri
961 4512 1212 4574 Romani
1266 4514 1525 4594 Imperii·
1553 4514 1922 4596 potirentur,

379 4608 713 4688 eodemque
734 4607 1005 4677 obtento,
1030 4616 1274 4688 erogata
1298 4627 1534 4670 summa
1553 4609 1766 4691 viginti
1791 4611 1929 4670 mil·

385 4699 533 4763 lium
556 4702 928 4762 florenorum
946 4746 961 4769 ,
997 4699 1232 4780 aliquid
1257 4721 1543 4783 peragere
1567 4704 1797 4777 statuit,
1825 4724 1929 4765 ne-

383 4795 609 4858 durnin
631 4795 779 4858 tanti
812 4793 1084 4857 beneficii
1117 4797 1687 4870 memoriam,sedin
1713 4799 1929 4861 suffra·

385 4890 549 4971 gium
587 4890 829 4951 animae
858 4908 1024 4960 suae,
1055 4897 1115 4951 et
1142 4909 1252 4970 pro
1283 4890 1696 4956 incolumitate
1724 4894 1932 4975 Augu-

385 4984 677 5047 stissimae
705 4986 933 5046 Domus
974 4983 1322 5047 Austriacae
1346 5028 1363 5045 .

2006 1592 2071 1653 in
2121 1590 2471 1674 hypothesi,
2528 1591 2592 1652 in
2626 1611 2748 1671 qua
2796 1591 2892 1652 sui
2926 1591 2988 1651 in
3022 1587 3551 1666 Archiepiscopatu

2002 1705 2368 1748 successores
2390 1685 2722 1764 praedictos
2744 1684 2912 1745 mille
2929 1685 3188 1744 florenos
3202 1680 3434 1741 solvere
3456 1695 3553 1738 re-

2004 1788 2285 1840 cusarent
2308 1824 2324 1852 ,
2376 1778 2638 1840 liberum
2689 1786 2841 1839 esset
2886 1776 3165 1858 Capitulo
3211 1776 3343 1835 sine
3395 1770 3555 1852 juris

2006 1875 2258 1953 strepitu
2282 1892 2492 1934 eorum
2506 1871 2970 1935 satisfactionem
3000 1868 3284 1948 consequi
3312 1886 3386 1927 ex
3403 1883 3553 1924 non-

2005 1967 2193 2029 nullis
2241 1966 2487 2030 decimis
2528 1966 2604 2028 ad
2639 1983 2906 2027 mensam
2973 1959 3556 2042 Archiepiscopalem

2006 2063 2438 2144 spectantibus,
2464 2061 2634 2123 nullo
2653 2062 2774 2124 alio
2797 2059 3071 2123 adhibito
3089 2056 3341 2141 judicio,
3372 2073 3559 2136 quam

2006 2160 2269 2220 duorum
2304 2157 2616 2219 Nobilium
2667 2156 3000 2218 Comitatus
3045 2150 3369 2216 Nitriensis
3395 2195 3412 2218 .
3463 2149 3552 2210 uti

1908 2296 1915 2301 ·
2009 2253 2190 2316 latius
2218 2273 2293 2313 ex
2322 2252 2721 2313 instrumento
2750 2251 3087 2311 desumitur
3113 2290 3130 2308 .

2121 2346 2263 2408 Fuit
2302 2348 2448 2406 haec
2502 2346 2600 2424 pia
2647 2345 2924 2406 voluntas
2988 2341 3293 2404 notificata
3340 2340 3558 2401 Sacrae

2007 2441 2297 2503 Caesarae
2326 2437 2619 2519 Majestati
2649 2485 2666 2509 ,
2698 2456 2855 2517 quae
2881 2456 3015 2498 eam
3045 2433 3443 2497 libentissime
3462 2450 3564 2492 ac-

2008 2522 2289 2617 ceptavit.
2345 2534 2487 2595 Fuit
2515 2534 2724 2595 eadem
2770 2531 3076 2593 notificata
3111 2526 3421 2610 Capitulo,
3454 2523 3563 2605 qui

2010 2631 2235 2712 pariter
2261 2626 2661 2689 libentissime
2688 2625 3018 2706 acceptavit
3043 2645 3060 2696 ς
3106 2640 3368 2704 cumque
3396 2619 3567 2681 Emi·

2010 2725 2421 2794 nentissimus,
2446 2731 2507 2783 et
2530 2719 2946 2785 Reverendissi
2956 2738 3088 2780 mus
3109 2718 3403 2779 Dominus
3420 2714 3569 2776 Car-

2012 2819 2235 2881 dinalis
2276 2817 2775 2896 Archiepiscopus
2803 2810 3232 2895 strigoniensis
3254 2806 3571 2871 Sanctissi-

2016 2933 2113 2976 mo
2139 2912 2397 2975 Domino
2425 2912 2640 2973 Nostro
2672 2905 3102 2990 supplicaverit
3151 2925 3262 2987 pro
3297 2900 3574 2984 apostoli-

2014 3029 2082 3072 ca
2112 3007 2573 3071 confirmatione
2619 3025 2653 3067 a
2698 3024 2762 3067 se
2810 3004 2873 3065 in
2914 3001 3269 3064 fundatione
3296 3014 3574 3077 expresse

2018 3111 2319 3167 reservata
2346 3147 2364 3174 ,
2389 3151 2392 3154 s
2418 3100 2667 3163 fuerunt
2720 3117 2757 3162 a
2811 3096 3139 3161 Sanctitate
3191 3095 3312 3157 Sua
3371 3108 3575 3172 preces

2020 3200 2304 3263 remissae
2355 3198 2431 3260 ad
2484 3197 2643 3258 hanc
2697 3196 2941 3257 Sacram
2997 3187 3531 3272 Congregationem
3557 3229 3575 3255 ,

2021 3314 2178 3376 quae
2210 3292 2515 3372 rescripsit
2554 3290 3050 3357 Eminentissimo,
3081 3297 3132 3346 et
3162 3281 3577 3344 Reverendissi-

2022 3411 2110 3449 mo
2138 3390 2376 3449 Domino
2405 3387 2714 3448 cardinali
2749 3383 3021 3451 Tartar-io,
3047 3382 3148 3460 qui
3170 3380 3432 3457 (liquetur
3460 3393 3581 3435 rem

2024 3484 2377 3565 perpendere,
2404 3492 2452 3541 et
2477 3491 2662 3540 cotum
2694 3497 2860 3538 suum
2906 3475 3120 3537 Sacrae
3147 3471 3584 3552 Conyreqationi

2028 3579 2075 3641 C
2076 3580 2277 3639 ancilia·
2299 3579 2520 3658 aperire
2535 3619 2550 3634 .

2062 3691 2067 3694 “
2145 3669 2695 3737 Eminentissimus,
2715 3674 2776 3728 et
2798 3662 3354 3726 Reverendissimus
3381 3659 3583 3721 Domi·

2027 3787 2141 3828 nus
2154 3765 2494 3827 Cardinalis
2510 3760 2807 3824 'ranarius
2824 3778 3046 3819 munus
3066 3757 3181 3818 sibi
3199 3755 3582 3818 commissum

2026 3868 2272 3922 strenue
2316 3859 2391 3920 de
2437 3876 2605 3918 more
2643 3852 3037 3933 adimplevit,
3083 3859 3142 3913 et
3172 3850 3287 3911 tuit
3315 3849 3376 3909 in
3407 3866 3585 3908 sensu

2029 3974 2138 4036 pro
2158 3951 2622 4020 confirmatione
2648 3946 3082 4017 Fundationis,
3102 3943 3242 4006 licet
3260 3941 3425 4004 enim
3450 3959 3589 4021 aga-

2030 4058 2131 4110 tur
2180 4049 2256 4110 de
2302 4044 2672 4108 alienatione
2692 4055 2728 4116 ,⁸
2761 4042 2961 4123 agitur
3038 4035 3436 4099 nihilominus
3513 4033 3592 4095 de

2033 4142 2310 4224 Episcopi
2361 4138 2726 4203 alienatione
2749 4182 2766 4209 ,
2798 4155 2901 4197 seu
2932 4132 3257 4195 donatione
3305 4150 3380 4191 ex
3413 4127 3589 4190 bonis

2032 4258 2177 4300 suae
2205 4254 2445 4298 mensae
2472 4230 2844 4313 Episcopalis
2869 4274 2886 4302 ,
2920 4227 3129 4290 favore
3155 4225 3249 4288 sui
3289 4220 3587 4304 Capituli,

2032 4335 2096 4395 in
2149 4350 2274 4413 quo
2321 4348 2529 4391 rerum
2574 4334 2766 4398 statu,
2812 4322 2909 4385 vel
2943 4320 3290 4383 solemnitas
3331 4337 3451 4379 non
3500 4321 3624 4378 est-

2035 4424 2402 4496 necessaria,
2435 4422 2523 4484 uti
2560 4421 2774 4503 probat
2811 4417 3022 4477 Textas
3053 4418 3118 4474 in
3155 4434 3280 4494 cap.
3322 4411 3397 4474 Ut
3424 4429 3592 4491 saper

2034 4525 2099 4584 de
2118 4523 2281 4583 rebus
2304 4519 2587 4580 Ecclesiae
2615 4535 2727 4575 non
2754 4515 2930 4576 alien.
2963 4519 3023 4573 et
3063 4509 3183 4571 late
3226 4523 3595 4588 prosequun-

2036 4626 2136 4678 tur
2167 4613 2413 4676 Oldrad.
2445 4609 2663 4673 Consil.
2693 4612 2828 4669 182.
2849 4624 2991 4668 vers.
3020 4605 3258 4670 etsicut.
3290 4599 3591 4660 Tur-riceii.

2038 4711 2102 4770 dc
2127 4709 2309 4769 Rebus
2343 4701 2933 4766 Ecclesiaenonalien.
2967 4716 3092 4777 cap.
3117 4699 3391 4755 15.num.
3423 4696 3522 4751 77.
3547 4700 3600 4753 ct

2038 4824 2185 4884 seqq.
2218 4801 2446 4862 Boscul.
2479 4800 2543 4858 in
2564 4806 2898 4857 controvers.
2928 4791 3164 4853 Feudal.
3188 4808 3315 4868 cap.
3348 4790 3406 4870 4.
3435 4806 3592 4846 num.

2041 4904 2138 4958 229.
2162 4905 2286 4977 post
2309 4893 2615 4956 cardinal.
2641 4892 2707 4950 de
2728 4887 2887 4949 luca
2913 4888 2979 4947 dc
2996 4884 3199 4946 Fcudis
3220 4929 3237 4953 ,
3262 4882 3410 4942 Rota
3428 4881 3595 4940 decis.

2039 4997 2178 5052 756.
2206 5008 2365 5049 num.
2395 4992 2453 5048 3.
2490 4995 2539 5046 et
2569 4988 2627 5045 4.
2676 4992 2839 5063 parte
2867 4981 3063 5062 prima
3085 4978 3289 5037 divers.
3322 4972 3417 5035 vel
3449 4969 3598 5034 alie·

503 5080 593 5140 Ex
609 5078 1121 5158 reditibusitaque
1139 5079 1380 5141 Mensae
1400 5079 1939 5162 Archiepiscopalis
2045 5086 2234 5157 natio,
2270 5101 2373 5144 seu
2401 5078 2648 5142 donatio
2678 5075 2814 5139 talis
2842 5081 3094 5136 naturae
3118 5116 3135 5144 ,
3160 5078 3224 5131 et
3249 5067 3473 5129 indolis
3503 5086 3600 5128 re-

388 5173 848 5235 ascendentibus
876 5172 950 5233 ad
983 5191 1218 5234 annuos
1238 5175 1545 5256 sexaginta
1568 5175 1735 5236 mille
1760 5176 1935 5237 circi-

2044 5188 2368 5260 putantur,
2398 5183 2467 5236 ut
2487 5168 3007 5236 confirmationem
3056 5162 3442 5244 apostolicam
3474 5180 3601 5222 me-

396 5276 485 5329 ter
536 5268 797 5329 florenos
845 5266 1169 5328 rhenenses
1200 5267 1484 5342 decrevit,
1521 5279 1588 5330 ut
1634 5269 1939 5349 perpetuis
2047 5281 2295 5339 reantur
2316 5316 2332 5344 ,
2355 5265 2864 5350 quemadmodum
2889 5261 2954 5324 in
2982 5257 3259 5323 terminis
3279 5265 3606 5337 perpetuae

394 5361 611 5423 suturis
636 5362 1010 5441 temporibus
1043 5362 1209 5423 mille
1237 5362 1449 5423 ssoreni
1472 5363 1801 5443 quotannis
1824 5364 1939 5424 sol·

400 5465 680 5518 verentur
701 5457 782 5518 ab
803 5456 1280 5538 Archiepiscopis
1302 5455 1813 5539 strigoniensibus
1830 5459 1943 5522 Ca-

808 5581 1015 5620 nnu.
1056 5581 1168 5621 xtv.
1210 5582 1344 5619 ross.
1395 5567 1507 5623 xil.

2048 5364 2470 5449 applicationis
2489 5378 2833 5424 annuorum
2857 5364 3165 5419 scutorum
3189 5356 3328 5413 876.
3351 5350 3430 5412 ab
3459 5349 3606 5427 Epi·

2050 5480 2229 5543 scopo
2282 5456 2633 5540 Liparitano
2688 5453 3135 5516 subtractorum
3187 5463 3264 5505 ex
3308 5440 3607 5505 reditibus

3127 5553 3194 5607 12
