4393 6299
1659 472 1708 541 Q
1734 475 1774 525 υ
1798 474 1858 526 ts
1885 476 1920 527 s
1948 476 1996 529 Τ
2024 477 2120 529 ιο
2176 476 2485 532 ccccxvt.

451 646 744 693 summam
763 630 1065 688 scutorum
1100 628 1273 686 1000.
1301 630 1429 686 tum
1465 643 1541 686 ex
1561 622 1793 706 judicio
1832 645 1868 688 a
1916 646 1981 688 se

441 725 781 787 introducto
819 724 884 784 in
922 722 1210 802 principio
1236 722 1379 781 anni
1408 724 1582 781 1622.
1616 717 1681 787 in
1712 719 1974 782 Consilio

440 818 833 898 Neapolitano
849 834 1030 896 super
1044 813 1645 893 redditionelrationis
1664 816 1972 898 cujusdam

443 912 741 975 societatis
771 908 1066 991 explenda
1091 929 1128 972 a
1156 909 1314 972 dicto
1334 909 1652 972 Cantisano
1675 952 1692 969 .

562 1006 710 1067 Jura
740 1006 883 1068 hinc
904 1005 1047 1067 inde
1095 1003 1624 1078 circumferuntur,
1659 1002 1976 1084 solumque

454 1100 605 1163 mihi
652 1109 922 1182 superest
962 1100 1405 1170 adnotandum,
1448 1099 1610 1179 quod
1655 1119 1793 1161 cnm
1818 1098 1976 1160 inter

445 1204 577 1259 acta
608 1205 771 1278 gesta
804 1194 1048 1257 nomine
1093 1193 1400 1256 Cantisani
1440 1193 1677 1273 saepius
1708 1194 1972 1268 dicatur,

440 1290 599 1354 hanc
639 1291 881 1352 Sacram
928 1288 1464 1371 Congregationem
1490 1307 1611 1349 non
1643 1288 1869 1369 habere
1908 1289 1973 1351 in

434 1385 823 1448 facultatibus
846 1383 1170 1447 concedere
1210 1402 1380 1463 posse
1407 1381 1746 1463 Apostolica
1784 1384 1973 1446 Bene-

439 1479 656 1560 placita
681 1480 743 1539 in
776 1480 939 1542 bisce
976 1477 1465 1549 alienationibus,
1497 1484 1557 1539 et
1581 1477 1974 1543 concessioni-

432 1576 551 1637 bus
583 1575 644 1636 in
675 1572 1155 1655 Emphyteusim,
1183 1571 1245 1633 Ε
1262 1574 1347 1634 tal
1369 1573 1732 1633 censuazionc
1773 1572 1974 1650 fattale

432 1669 696 1731 roborare
724 1687 826 1727 con
846 1685 1063 1727 assemo
1083 1665 1420 1745 Apostolico,
1449 1684 1545 1726 seu
1563 1663 1742 1725 Breve
1765 1674 1972 1725 sorret-

435 1765 758 1824 tiziamentc
775 1771 1023 1823 anenata
1042 1761 1204 1823 dalla
1216 1758 1404 1822 Sacra
1417 1758 1867 1837 Conpreqazione
1884 1759 1974 1820 del

435 1857 703 1919 Concilio
725 1856 776 1917 T
769 1858 1033 1920 ribunale
1053 1858 1470 1935 incompetente,
1493 1853 1555 1915 id
1600 1852 1771 1914 nullo
1799 1852 1975 1914 modo

426 1952 697 2014 subsistit
723 1974 740 2022 ;
769 1970 907 2014 cum
936 1950 1098 2013 enim
1122 1960 1242 2029 post
1268 1949 1763 2027 Extravayantem
1784 1948 1976 2009 Ambi-

426 2048 621 2121 tiosae,
667 2046 733 2108 in
772 2065 895 2126 qua
945 2043 1252 2127 prohibita
1301 2043 1419 2106 suit
1452 2041 1737 2106 alienatio
1786 2042 1971 2105 bono·

442 2161 579 2203 rum
620 2139 1087 2204 Ecclesiaesine
1116 2138 1357 2202 licentia
1406 2137 1767 2219 Apostolica,
1801 2156 1973 2217 prae·

440 2235 755 2298 tenderent
793 2234 1135 2317 Regulares‘
1165 2254 1230 2296 se
1257 2234 1321 2295 in
1342 2231 1465 2295 vim
1493 2251 1740 2294 suorum
1776 2231 1973 2292 Privi-

435 2329 735 2413 legiorum
758 2347 928 2411 posse
945 2329 1360 2401 alienationes,
1380 2335 1439 2389 et
1460 2327 1863 2389 concessiones
1883 2326 1972 2387 fa-

438 2445 577 2488 cere
598 2425 669 2487 in
690 2425 1147 2507 Emphyteusim
1172 2445 1189 2498 3
1218 2423 1398 2486 Sacra
1421 2422 1567 2485 haec
1583 2421 1975 2503 Congregatio

445 2519 662 2592 vetuit,
689 2518 751 2580 id
797 2519 876 2580 ab
902 2518 988 2580 eis
1009 2516 1141 2581 fieri
1191 2535 1360 2598 posse
1387 2518 1590 2595 absque
1614 2517 1792 2598 ipsias
1823 2513 1974 2576 Con-

436 2613 782 2692 qreqationis
822 2610 1069 2673 concilii
1098 2630 1362 2691 expressa
1386 2612 1636 2680 licentia,
1666 2616 1725 2670 et
1771 2608 1972 2671 decre-

429 2714 563 2768 tum
586 2706 754 2769 suita
776 2705 1026 2767 Summo
1053 2702 1343 2768 Pontifice
1370 2704 1615 2767 Urbano
1637 2703 1806 2764 VIII.
1830 2721 1973 2765 con-

430 2799 744 2863 firmatum
767 2801 857 2861 die
874 2805 935 2861 7.
968 2799 1310 2879 Septembris
1333 2803 1507 2860 1624.
1550 2804 1608 2860 et
1627 2795 1879 2860 relative
1895 2797 1970 2861 ad

431 2893 549 2958 hoc
582 2896 885 2957 decretum
910 2941 926 2965 ,
964 2895 1130 2974 quod
1177 2893 1398 2956 dicitur
1438 2894 1504 2954 de
1543 2893 1704 2954 rebus
1734 2892 1975 2970 Περαία-

429 2993 585 3051 riam
605 3009 718 3050 non
738 2990 1082 3063 alienandis,
1104 2988 1334 3051 editum
1367 2987 1482 3049 fuit
1504 2988 1591 3049 die
1631 2992 1688 3048 9.
1730 2986 1972 3049 Novem·

443 3086 558 3147 bris
615 3088 791 3146 1647.
842 3083 905 3145 in
955 3083 1070 3147 hac
1101 3083 1280 3147 Sacra
1305 3081 1776 3166 Congregatione
1806 3080 1971 3143 aliud

443 3182 770 3252 decretum,
799 3182 892 3243 nti
918 3180 1177 3242 habetur
1200 3181 1297 3239 lib.
1330 3184 1425 3239 18.
1458 3180 1656 3240 decret.
1683 3178 1783 3255 sol.
1830 3180 1966 3237 416.

437 3295 476 3338 a
497 3286 672 3355 terqo,
686 3275 848 3356 quod
870 3282 959 3336 est
977 3281 1326 3354 conceptum
1337 3273 1727 3352 sequentibus
1746 3270 1969 3334 verbis:

434 3369 627 3431 Sacra
680 3380 784 3429 etc.
844 3370 1108 3447 injunxit
1167 3367 1632 3428 Eminentiuimo
1667 3363 1975 3426 Cardinali

446 3461 691 3524 Ginneto
717 3463 1006 3541 Praefecto
1036 3460 1496 3540 Conqreqationis
1524 3458 1934 3538 Episcoporum
1951 3501 1968 3530 ,

433 3566 489 3618 et
513 3556 891 3635 chnlariam
909 3556 1214 3637 praesenti,
1230 3573 1299 3615 ne
1321 3555 1385 3613 in
1408 3554 1560 3614 dicta
1582 3551 1975 3630 Cwyreqatio-

429 3652 586 3711 nein
625 3651 886 3728 futurum
931 3647 1312 3728 expediantur
1347 3646 1645 3724 facultates
1669 3644 1971 3705 alienatio-

436 3762 599 3813 num,
631 3743 1090 3822 hypothecarum,
1122 3742 1483 3808 locationum,
1511 3747 1562 3798 ct
1584 3738 1973 3800 aliornmcon-

439 3847 722 3899 tentor-itm
764 3838 829 3896 in
870 3829 1083 3897 decreto
1121 3836 1187 3896 de
1225 3834 1389 3895 rebus
1439 3831 1812 3911 Reqnlarinm
1858 3850 1973 3892 non

431 3931 778 4000 alienandis,
806 3950 936 3991 cnm
959 3932 1092 3991 baec
1110 3929 1356 4006 facultas
1371 3928 1653 4007 privative
1675 3933 1873 4005 spectet
1894 3925 1971 3986 ad

426 4025 576 4087 Itane
599 4023 841 4086 Sacram
872 4020 1406 4102 Conpreqationem,·
1425 4037 1684 4099 cumque
1711 4019 1970 4080 Secreta-

428 4117 516 4182 rii
562 4117 1061 4200 Congregationis
1111 4116 1545 4197 Episcoporum
1572 4157 1590 4187 ,
1618 4120 1676 4176 et
1719 4110 1971 4194 Regula·

431 4212 620 4284 rium,
652 4231 763 4275 nec
813 4230 937 4273 non
987 4210 1170 4291 hujus
1220 4210 1437 4273 Sacrae
1480 4203 1970 4289 Congregationis

427 4305 1065 4370 consuevissenthasce
1078 4304 1393 4367 instantias
1413 4300 1740 4375 remittere,
1773 4300 1869 4363 vel
1891 4300 1967 4363 ad

431 4399 828 4463 secretariam
850 4399 1158 4472 Brevinm,
1194 4396 1291 4459 vel
1325 4395 1401 4458 ad
1430 4395 1772 4467 Datariam,
1818 4412 1886 4456 re
1928 4412 1969 4458 a

431 4491 837 4574 Regularibus
863 4492 940 4554 ad
991 4492 1306 4553 Summum
1336 4486 1684 4549 Pontificem
1724 4486 1922 4551 delata
1945 4532 1963 4559 ,

426 4585 848 4649 Sanctissimus
888 4587 977 4645 dic
1002 4587 1194 4664 prima
1224 4583 1536 4650 Decembris
1568 4586 1741 4643 1691.
1794 4599 1964 4642 man-

426 4680 618 4752 davit,
641 4681 907 4759 satyratis
930 4725 950 4750 ,
985 4689 1035 4738 et
1073 4697 1173 4756 per
1208 4675 1452 4740 Sacram
1474 4674 1966 4754 Conqrcqationem

430 4773 713 4847 concilii,
743 4774 1117 4851 Reqnlarinm
1154 4773 1227 4830 in‘
1271 4771 1454 4831 codem
1482 4771 1694 4830 decreto
1746 4769 1966 4831 Urbani

424 4871 637 4932 scilicet
659 4865 861 4928 Octavi
903 4875 1284 4927 contentorum
1320 4873 1638 4924 contractas
1656 4864 1964 4942 expedian-

424 4973 546 5034 tur,
578 4962 666 5023 uti
689 4960 946 5022 habetur
979 4961 1077 5019 lib.
1104 4962 1203 5020 st.
1234 4958 1434 5018 decret.
1462 4976 1596 5036 paq.
1624 4959 1760 5017 349.

538 5057 652 5119 His
669 5054 966 5117 stantibus
979 5098 998 5124 ,
1026 5052 1372 5132 quaeritur:

3350 488 3454 537 ⁴7¹1

2201 627 2285 689 11.
2318 629 2416 691 An
2436 640 2642 693 constet
2668 632 2733 694 de
2765 640 3079 710 attentatis,
3121 649 3172 699 ct
3215 640 3483 719 quomodo
3514 641 3630 700 sint

2080 724 2389 803 puryanda
2410 727 2475 785 in
2499 744 2634 788 casu
2661 738 2762 789 etc.

2200 931 2353 983 Sacra
2378 930 2575 1001 Cougr.
2604 932 2692 986 dic
2721 935 2804 987 15.
2827 938 3058 990 Januarii
3091 938 3247 990 1020.
3276 939 3556 1006 respondit
3575 961 3591 991 e

2266 1015 2371 1069 Ad
2386 1018 2631 1087 primum
2659 1020 2846 1088 quoad
2860 1022 3096 1091 primam
3123 1038 3336 1094 partem
3363 1026 3631 1093 negative,

2092 1104 2284 1171 quoad
2299 1105 2595 1158 secundam
2620 1105 2928 1178 affigamur
2947 1110 3151 1165 Edicta
3168 1150 3179 1163 .
3223 1112 3320 1165 Ad
3336 1112 3631 1165 secundum

2088 1190 2448 1260 affirmative,
2477 1208 2530 1249 ee
2577 1196 3096 1253 circumscribantur
3117 1201 3302 1252 omnia
3340 1214 3489 1269 gesta
3508 1212 3635 1270 post

2080 1280 2484 1349 intimationem
2515 1283 2805 1340 Citaeionis
2827 1287 3119 1343 Auditon's
3143 1289 3495 1343 sanctissimi.

2385 1528 2388 1529 ⁷
2451 1500 2812 1582 QUAESTIO
2861 1511 3250 1578 CCCLXVII.

2080 1752 2152 1813 In
2183 1752 2377 1818 Causa
2407 1754 2669 1836 Lyciensi
2709 1758 3095 1835 Visitationis,
3130 1773 3182 1822 et
3211 1761 3619 1835 censurarum,

2462 1851 2552 1912 die
2585 1855 2679 1913 18.
2712 1852 3025 1918 Decembris
3052 1860 3226 1918 1723.

2081 1988 2531 2119 Accesserunt
2560 2053 2914 2119 visitatores
2939 2058 3020 2121 ab
3059 2058 3351 2141 Episcopo
3374 2061 3618 2142 Lycien.

2088 2141 2357 2224 deputati
2385 2145 2461 2208 ad
2491 2148 2798 2227 quandam
2837 2150 3162 2214 Ecclesiam
3194 2151 3369 2214 sitam
3399 2154 3460 2213 in
3493 2152 3625 2215 loco

2088 2236 2352 2300 Galliani
2376 2240 2671 2304 Dioecesis
2689 2243 2931 2323 Lycien.
2954 2254 3015 2307 et
3038 2246 3313 2308 nonnulli
3341 2247 3618 2309 Monachi

2087 2329 2391 2394 Olivetani
2420 2334 2766 2396 Monasterii
2787 2337 2890 2398 SS.
2915 2338 3168 2413 Nicolai,
3188 2349 3246 2402 et
3268 2340 3496 2402 Cataldi
3523 2340 3623 2402 Ci-

2087 2424 2297 2486 vitatis
2312 2424 2558 2506 Lycien.
2589 2446 2652 2489 se
2683 2427 2824 2491 huic
2850 2430 3192 2493 visitationi
3217 2442 3624 2513 opposuerunt

2080 2518 2194 2578 sub
2221 2519 2473 2580 obtentu
2496 2521 2891 2601 exemptionis
2918 2532 3280 2588 memoratae
3303 2526 3620 2601 Ecclesiae,

2079 2617 2140 2672 et
2171 2611 2565 2691 pertinentiae
2600 2614 2675 2678 ad
2714 2634 2892 2677 snum
2923 2617 3354 2681 Monasterium
3376 2664 3394 2681 .

2204 2703 2391 2767 Paulo
2419 2715 2551 2785 post
2577 2727 2715 2770 cum
2740 2709 3043 2774 Ecclesiae
3088 2711 3379 2781 festivitas
3419 2712 3622 2774 immi-

2083 2808 2287 2872 neret,
2339 2800 2838 2884 Archipresbyter
2873 2804 3092 2887 Oppidi
3123 2805 3502 2870 Turchiaroli
3546 2807 3624 2869 ad

2079 2910 2211 2955 eam
2251 2895 2476 2974 pariter
2497 2896 2760 2970 accessit,
2784 2907 2854 2960 ut
2883 2899 3186 2963 Sacerdoti
3231 2900 3507 2964 Andreae
3548 2900 3626 2963 de

2080 2986 2407 3050 Laurentio
2443 2989 2735 3053 Sacristae
2780 3011 2953 3073 opem
2987 2993 3174 3057 ferret
3210 2994 3480 3075 parando
3518 3014 3623 3057 ne·-

2084 3081 2339 3143 cessaria
2373 3101 2483 3163 pro
2505 3082 2733 3146 decenti
2759 3085 3056 3149 Ecclesiae
3079 3096 3322 3160 ornatu,
3346 3088 3446 3151 sed
3469 3107 3621 3149 non-

2082 3175 2236 3236 nulli
2280 3177 2558 3239 Monachi
2584 3178 2886 3241 Olivetani
2917 3181 3226 3255 Conversi,
3257 3182 3316 3242 vi
3347 3183 3620 3245 adhibita

2080 3278 2409 3350 utrumque
2462 3271 2546 3333 ab
2583 3272 2847 3338 Ecclesia
2873 3275 3262 3354 expulerunt,
3303 3275 3624 3356 delataque

2081 3363 2161 3424 ab
2180 3361 2446 3442 expulsis
2474 3363 2685 3427 notitia
2720 3366 3092 3455 expulsionis
3110 3368 3187 3430 ad
3205 3369 3450 3430 Curiam
3473 3369 3584 3449 Epi
3593 3404 3620 3416 -

2079 3456 2400 3537 scopalem,
2417 3475 2791 3538 percussores
2807 3459 3053 3523 fuerunt
3081 3461 3363 3525 declarati
3378 3483 3584 3526 excom
3595 3498 3619 3511 -

2081 3550 2394 3622 municati,
2425 3560 2484 3613 et
2509 3551 2594 3614 sic
2651 3553 2731 3615 ab
2765 3554 3050 3617 omnibus
3077 3556 3397 3638 utriusque
3440 3575 3626 3619 sexus

2078 3643 2300 3707 Christi
2342 3644 2652 3709 Fidelibus
2677 3647 2976 3709 evitandi.

2195 3738 2290 3800 Ex
2305 3737 2402 3800 his
2420 3747 2644 3812 autem,
2667 3759 2825 3821 quae
2844 3742 3024 3804 modo
3061 3742 3218 3806 dicta
3245 3750 3408 3816 sunt,
3439 3763 3620 3824 quae·

2078 3832 2193 3894 stio
2223 3839 2384 3896 mota
2433 3840 2523 3895 est
2569 3834 2725 3896 inter
2751 3835 3167 3899 Promotorem
3200 3837 3523 3911 fiscalem,
3559 3845 3618 3900 et

2077 3926 2535 4000 Monasterium,
2567 3934 2627 3989 et
2669 3927 2732 3990 in
2782 3930 2911 4011 ejus
2936 3930 3242 4011 sequelam
3271 3931 3392 3992 dno
3430 3932 3620 3994 dubia

2080 4019 2439 4100 disputanda
2460 4031 2907 4101 proponuntur,
2934 4043 3194 4104 quorum
3222 4025 3480 4098 alterum
3519 4046 3620 4087 re-

2075 4113 2253 4193 spicit
2282 4113 2706 4189 visitationem,
2737 4116 2993 4179 alterum
3022 4118 3338 4180 CensuraS.
3435 4167 3442 4170 „

2190 4209 2538 4272 Monasterii
2574 4212 2713 4292 jura
2758 4212 2833 4274 ad
2864 4230 2962 4274 me
2987 4212 3183 4275 delata
3215 4231 3334 4274 non
3361 4218 3619 4286 sunt,.et

2076 4301 2162 4364 sic
2181 4320 2254 4365 ea
2276 4301 2503 4365 referre
2534 4321 2656 4364 non
2683 4323 2921 4384 possum
2941 4326 2959 4380 ς
2982 4312 3047 4368 at
3072 4306 3134 4367 in
3156 4326 3248 4380 eo,
3277 4306 3443 4387 quod
3475 4306 3618 4368 atti-

2083 4403 2186 4457 net
2206 4394 2285 4457 ad
2297 4395 2442 4476 jura
2480 4395 2848 4459 Promotoris
2879 4397 3147 4471 Fiscalis,
3197 4399 3410 4461 asserit
3464 4398 3612 4478 ipse,

2075 4507 2198 4551 non
2222 4508 2348 4551 esse
2373 4487 2775 4552 dubitandum
2798 4490 2872 4552 de
2914 4491 3236 4554 situatione
3263 4493 3324 4553 in
3350 4491 3614 4554 Dioecesi

2076 4581 2319 4664 Lycien.
2347 4583 2498 4643 Item
2539 4581 2869 4646 Ecclesiam
2908 4583 3080 4646 nullo
3114 4584 3291 4646 modo
3318 4584 3619 4663 pertinere

2072 4676 2148 4738 ad
2172 4675 2629 4750 Monasterium,
2685 4697 2823 4739 cnm
2872 4676 3137 4740 Ecclesia
3184 4679 3490 4758 pertinens
3536 4679 3614 4740 ad

2071 4769 2506 4832 Monasterium
2551 4789 2673 4833 non
2717 4770 2797 4833 sit
2832 4770 2941 4834 illa
2977 4772 3228 4842 Sanctae
3260 4772 3510 4846 Mariae,
3539 4773 3620 4834 de

2076 4883 2198 4945 qua
2219 4883 2381 4928 nunc
2398 4863 2635 4946 agitur,
2664 4865 2766 4927 sed
2790 4864 2912 4928 alia
2955 4874 3106 4932 esset
3146 4867 3262 4928 sub
3305 4865 3505 4928 Titulo
3546 4866 3611 4927 S.

2070 4956 2441 5030 Anastasiae,
2495 4975 2660 5037 quae.
2696 4978 2773 5021 ex
2825 4957 3051 5040 injuria
3111 4967 3446 5039 temporum
3495 4957 3614 5021 suit

2067 5058 2325 5130 aequata
2347 5047 2496 5123 solo,
2552 5057 2612 5112 et
2653 5050 2898 5112 demum
2932 5051 3371 5131 exemptionem
3400 5051 3612 5112 Mona-

542 5150 594 5212 1.
633 5151 729 5210 An
754 5150 1021 5210 concessio
1041 5150 1108 5208 in
1132 5146 1566 5225 Empltyteusim
1595 5145 1748 5222 [acta
1773 5117 1962 5221 favore
2068 5141 2198 5204 chis
2222 5142 2538 5222 suffragari
2571 5162 2692 5204 non
2724 5163 2892 5224 posse
2948 5143 3008 5204 in
3039 5152 3262 5223 puncto
3316 5142 3608 5206 Censura-

433 5244 719 5322 cajetani,
762 5254 812 5304 et
847 5242 1274 5321 Beneplacitum
1305 5239 1709 5316 Apostolicmn,
1739 5240 1961 5318 ejusque
2065 5255 2205 5297 rum
2225 5235 2448 5312 cumin
2473 5236 2769 5316 praesenti
2795 5245 3007 5318 agatur
3027 5237 3102 5297 de
3121 5235 3452 5298 Censurisa
3470 5238 3612 5318 jure

425 5340 678 5399 executio
725 5339 1108 5404 sustineatur,
1150 5352 1247 5393 seu
1290 5334 1474 5411 potins
1524 5332 1842 5411 recipienda
1884 5333 1957 5392 sit
2065 5329 2225 5404 latis,
2261 5328 2427 5392 etde
2480 5328 2738 5410 simplici
2792 5329 3190 5393 declaratione
3231 5329 3310 5391 ab
3362 5328 3612 5412 homine

423 5434 631 5494 oblatio
658 5434 895 5495 loannis
920 5429 1120 5494 Jacobi
1138 5430 1203 5490 in
1228 5447 1361 5491 casn
1382 5437 1483 5490 etc.

1416 5585 1453 5614 ει

2068 5423 2248 5497 facta,
2273 5442 2430 5506 quae
2452 5423 2679 5506 expleri
2695 5432 2894 5506 potest
2914 5424 3097 5488 etiam
3121 5424 3184 5486 in
3200 5425 3523 5505 Exemptos
3544 5469 3564 5485 .
3599 5429 3602 5430 ’
