4393 6299
1637 491 2090 562 Quies-rto
2152 489 2464 546 csxxxtu.

3306 496 3413 550 2³9

390 644 560 709 mina
606 645 684 708 sit
724 643 926 726 quoad
972 642 1238 726 stipitem
1280 647 1474 728 major
1508 645 1696 723 Viro;
1732 654 1792 710 et
1833 646 1949 709 Vir
2050 642 2119 705 in
2148 643 2522 707 contrarium
2553 643 2805 709 luerunt
2845 648 3213 728 ponderata:
3242 650 3376 712 Non
3414 651 3612 715 obstat

392 760 503 822 per
544 739 1006 803 Matrimonium
1050 740 1309 803 evadere
1341 742 1557 805 debeat
1593 742 1787 824 Caput
1817 743 1950 804 Mu-

392 833 603 909 lieris,
646 834 993 915 aliquorum
1039 834 1247 915 opinio
1293 835 1452 909 fuit,
1495 838 1656 917 quod
1706 845 1948 917 propter

394 928 646 992 relatam
682 927 1189 990 inordinationem
1225 949 1336 1010 pro
1363 931 1676 994 validitate
1708 931 1948 1012 dispen-

392 1023 678 1096 sationis,
714 1032 774 1085 et
803 1023 1210 1098 Matrimonii,
1246 1026 1576 1089 necessaria
1618 1025 1695 1088 sit
1722 1026 1944 1088 utrius·

391 1137 514 1198 que
565 1119 789 1200 gradus
840 1119 1167 1199 expressio.
1208 1119 1382 1182 Sotiis
1426 1124 1491 1181 in
1540 1126 1598 1182 4.
1653 1123 1785 1182 dist.
1845 1125 1942 1182 40.

393 1224 611 1292 quaest.
641 1216 814 1276 unica
844 1225 960 1275 art.
994 1218 1052 1275 3.
1083 1216 1289 1276 colum.
1333 1221 1393 1277 8.
1422 1236 1565 1278 vers.
1600 1221 1658 1278 4.
1691 1217 1943 1287 demam,

390 1318 442 1368 et
472 1318 589 1369 art.
639 1312 698 1368 4.
744 1310 853 1368 σοὶ.
887 1312 1079 1389 penul.
1109 1330 1248 1370 vers.
1302 1323 1352 1371 et
1393 1314 1577 1372 tertio.
1608 1311 1838 1372 Melina
1880 1312 1946 1371 de

383 1403 529 1482 just.
564 1413 618 1463 et
634 1404 768 1481 jure
797 1414 928 1463 tom.
966 1408 1021 1465 1.
1059 1415 1225 1466 tract.
1255 1410 1313 1465 2.
1346 1408 1492 1487 disp.
1529 1410 1662 1467 161.
1689 1426 1849 1465 num.
1884 1412 1942 1466 5.

389 1496 672 1558 Bonaein.
704 1517 855 1577 oper.
883 1517 1026 1559 mor.
1061 1509 1191 1559 tom.
1225 1505 1284 1560 2.
1316 1501 1460 1581 disp.
1488 1503 1606 1582 pri.
1640 1511 1854 1580 quaest.
1882 1504 1941 1560 2.

382 1602 595 1672 puncto
627 1598 684 1652 5.
717 1612 876 1652 num.
914 1592 1009 1653 16.
1041 1591 1386 1676 §.secunda
1425 1605 1537 1668 est,
1567 1595 1811 1676 quando
1840 1594 1945 1656 alii

391 1706 427 1748 e
453 1694 662 1749 contra
690 1694 962 1761 censent,
998 1687 1090 1750 vel
1135 1689 1197 1751 id
1224 1689 1299 1752 ad
1329 1709 1631 1752 summum
1667 1689 1945 1770 procede·

393 1800 495 1854 re,
526 1780 577 1842 si
609 1782 832 1844 Mulier
857 1790 1008 1844 esset
1036 1783 1232 1858 avita,
1266 1785 1360 1845 vel
1390 1785 1748 1855 Matertera,
1780 1803 1948 1845 secus

388 1884 593 1938 autem
626 1876 676 1936 si
707 1876 768 1937 in
804 1876 981 1939 tertio
1009 1879 1199 1960 gradu
1228 1887 1379 1941 esset
1403 1879 1759 1941 constituta:
1789 1878 1948 1941 San-

386 1971 525 2030 chez
566 1970 633 2030 de
672 1968 942 2032 Matrim.
994 1974 1090 2033 tib.
1142 1979 1201 2034 8.
1250 1974 1394 2053 disp.
1430 1978 1527 2035 24.
1559 1994 1717 2034 num.
1756 1978 1850 2034 12.
1888 1980 1947 2036 et

389 2062 500 2125 alii
529 2065 941 2139 communius,
969 2067 1370 2147 ponderantes
1394 2066 1632 2129 Bullam
1663 2067 1723 2128 S.
1752 2067 1842 2128 Pii
1867 2066 1942 2127 V.

392 2155 739 2221 indistincte
774 2158 978 2241 loqui,
1020 2169 1325 2234 asserunt,
1373 2156 1639 2224 validam
1684 2181 1811 2223 esse
1853 2160 1947 2222 di-

390 2252 832 2331 spensationem
857 2300 874 2328 ,
907 2261 968 2317 et
1006 2255 1275 2318 validum
1306 2255 1764 2319 Matrimonium
1804 2277 1947 2320 con-

396 2354 654 2409 tractum
696 2367 815 2410 non
848 2350 1110 2412 obtentis
1151 2350 1369 2413 litteris
1409 2351 1857 2425 declarator-iis,
1887 2361 1946 2414 et

394 2443 639 2521 praevia
685 2443 1128 2524 dispensatione
1178 2464 1361 2523 super
1417 2446 1771 2521 remotiori,
1822 2446 1950 2507 sive

392 2537 523 2609 vir,
553 2537 682 2598 sive
710 2536 973 2600 foemina
1012 2538 1089 2600 sit
1114 2540 1300 2620 stipiti
1333 2541 1764 2622 propinquior:
1797 2541 1944 2602 Pon·

393 2631 539 2702 tius,
567 2642 617 2691 et
647 2630 844 2692 Perez.
878 2631 1169 2713 Rosiqnol.
1210 2632 1499 2697 Giribald.
1533 2636 1781 2708 Aversa,
1818 2638 1948 2698 locis

390 2743 566 2805 supra
592 2727 805 2786 citatis.

513 2825 609 2881 15.
635 2820 936 2901 Quodque
965 2822 1293 2883 notabilius
1318 2832 1439 2893 est,
1468 2822 1606 2885 licet
1632 2823 1706 2885 ad
1737 2823 1945 2885 trami-

394 2920 481 2974 tes
504 2913 715 2976 Bullae
737 2915 801 2975 S.
832 2916 922 2976 Pii
947 2915 1024 2976 V.
1052 2917 1183 2977 Sao.
1217 2916 1366 2978 haec
1388 2917 1781 3000 Congregatio
1807 2938 1947 2980 cen-

392 3007 581 3068 suerit
641 3028 749 3088 pro
803 3009 1114 3073 validitate
1164 3011 1625 3092 dispensationis
1681 3014 1943 3094 primum

386 3101 643 3182 gradum
675 3121 801 3164 esse
822 3104 1317 3183 exprimendum,
1348 3105 1432 3167 uti
1465 3105 1723 3168 babetur
1753 3108 1814 3167 iu
1846 3109 1948 3167 du·

393 3197 482 3255 bio
508 3198 805 3276 affinitatis
827 3202 1114 3279 proposito
1148 3205 1240 3260 19.
1274 3198 1615 3281 Septembris
1643 3206 1814 3264 1682.
1846 3204 1942 3263 tib.

391 3294 492 3351 62.
528 3291 745 3352 Decret.
777 3312 910 3372 paq.
946 3295 1089 3353 mihi
1131 3299 1269 3355 455.
1302 3297 1525 3373 quidem
1551 3300 1807 3374 sequenti.
1839 3303 1946 3358 du—

394 3384 482 3443 bio
509 3405 587 3444 an
630 3387 780 3444 inter
808 3388 952 3466 ipsos
975 3388 1125 3447 adsit
1161 3390 1614 3467 impedimentum
1643 3392 1951 3452 dunctaoeat

395 3480 551 3537 tertii
599 3479 893 3559 affinitatis
933 3482 1179 3559 yradus,
1227 3484 1312 3541 vel
1344 3486 1516 3544 etiam
1554 3487 1765 3564 primi,
1797 3488 1949 3546 itaut

391 3591 558 3650 super
592 3577 756 3633 tertio
800 3583 1053 3646 tantum,
1094 3577 1181 3635 vel
1223 3579 1408 3655 potius
1451 3598 1620 3659 super
1662 3583 1856 3650 tertio,
1898 3590 1950 3640 et

387 3669 577 3747 primo
596 3669 835 3748 petenda
862 3679 992 3729 esset
1016 3672 1388 3749 dispensatio,
1417 3692 1765 3752 responsum
1800 3673 1944 3734 suit:

391 3764 683 3841 petendam
711 3782 818 3822 esse
846 3763 1309 3843 dispensationem
1342 3765 1495 3842 sacta
1524 3770 1797 3828 mentione
1824 3772 1947 3848 pri-

393 3857 474 3913 mi
522 3857 735 3933 qradus
758 3877 780 3923 ,·
840 3856 900 3916 iu
955 3855 1271 3938 hypothesi
1329 3867 1523 3920 tamen
1573 3860 1946 3923 Matrimonii

393 3949 679 4010 contracti
717 3950 873 4011 inter
904 3950 1264 4032 Conjunctos
1305 3965 1474 4014 extra
1517 3954 1779 4032 primum
1809 3975 1948 4036 gra-

394 4042 573 4114 dum,
608 4044 851 4122 praevia
897 4043 1338 4124 dispensatione
1378 4065 1557 4126 super
1594 4050 1944 4121 remotiore,

393 4144 452 4195 et
480 4155 600 4195 non
630 4136 890 4197 obtentis
924 4137 1138 4197 litteris
1165 4138 1576 4202 declaratoriis
1603 4162 1781 4221 super
1807 4163 1946 4223 pro-

393 4228 737 4310 pinquiori,
768 4231 915 4291 haec
947 4232 1152 4291 eadem
1182 4232 1360 4294 Sacra
1393 4234 1788 4316 Congregatio
1815 4255 1949 4297 cen-

2055 739 2280 800 etenim
2312 740 2612 820 primum,
2644 741 2807 820 quod
2835 742 3200 823 dispensatio
3237 746 3482 808 obtenta
3508 766 3610 808 su-

2057 851 2164 912 per
2195 836 2387 914 gradu
2427 833 2768 906 remotiori,
2805 854 2925 896 non
2954 836 3317 917 suffragetur
3344 838 3609 920 Conjun-

2055 926 2165 988 ctis
2193 928 2255 987 iu
2294 928 2402 989 illo
2431 928 2657 1011 gradu,
2687 939 2747 990 et
2779 929 2840 991 in
2866 933 3058 1012 gradu
3093 932 3484 1011 proximiori,
3508 935 3610 1016 ju-

2054 1029 2159 1084 xta
2181 1022 2505 1105 allegatum
2535 1023 2587 1083 Τ
2580 1035 2698 1084 ext.
2733 1027 2801 1084 in
2828 1045 2953 1105 cap.
2981 1028 3128 1105 qaod
3155 1029 3379 1087 dilectio
3409 1030 3472 1089 de
3491 1049 3616 1089 eom

2054 1137 2215 1196 σατις.
2263 1128 2311 1177 et
2340 1119 2544 1198 affinit.
2577 1121 2802 1182 'l'extus
2831 1120 3051 1182 etenim
3096 1120 3193 1182 hic
3225 1122 3490 1201 procedit
3520 1133 3612 1186 at-

2054 1218 2219 1273 tenta
2256 1213 2689 1276 consuetudine
2723 1214 2836 1276 loci
2858 1262 2875 1285 ,
2910 1214 3030 1276 ibi:
3076 1218 3387 1278 consultius
3430 1219 3611 1278 duxi·

2052 1325 2177 1366 mus
2223 1310 2619 1379 multitudini,
2649 1319 2700 1369 et
2735 1311 3050 1371 observatae
3093 1313 3487 1372 consuetudini
3516 1314 3612 1374 de-

2052 1401 2377 1479 serendum,
2412 1424 2585 1481 qnam
2624 1405 2791 1466 aliud
2824 1407 2888 1464 in
2915 1405 3339 1477 dissensionem,
3373 1418 3424 1467 et
3439 1428 3612 1469 scan-

2054 1496 2262 1563 datum.
2276 1497 2487 1578 Populi
2501 1501 2882 1570 statuendum,
2907 1500 3156 1579 quadam
3175 1502 3434 1563 adhibita
3459 1505 3614 1563 novi-

2060 1600 2211 1658 tate:
2241 1592 2523 1669 quocirca
2550 1594 2774 1654 Textus
2817 1593 3156 1673 praedictus
3200 1614 3317 1655 non
3367 1594 3508 1657 facit
3535 1596 3612 1658 ad

2054 1703 2184 1745 rem
2207 1731 2221 1753 ,
2253 1684 2328 1747 de
2362 1704 2482 1765 qua
2513 1705 2675 1747 nunc
2715 1686 2950 1768 agitur,
2983 1707 3092 1748 nec
3126 1688 3327 1750 obstat
3359 1688 3611 1768 disposi-

2058 1776 2383 1859 tioni‘juris
2402 1779 2739 1840 communis
2757 1828 2771 1849 ,
2792 1781 2967 1861 juxta
2990 1782 3152 1861 quod
3176 1782 3401 1863 gradus
3422 1803 3612 1844 reino-

2056 1870 2175 1931 tior
2217 1871 2405 1933 trahit
2445 1873 2523 1934 ad
2566 1892 2630 1934 se
2661 1873 3190 1953 propinquiorem,
3248 1877 3332 1936 uti
3371 1878 3614 1939 adnota-

2054 1974 2204 2025 runt
2248 1964 2308 2025 iu
2354 1965 2535 2027 citato
2565 1966 2828 2047 capitulo
2863 1966 3028 2042 Quod
3060 1969 3310 2029 dileetio:
3337 1970 3610 2045 Innocen-

2056 2061 2170 2119 tius
2217 2062 2281 2119 in
2311 2062 2459 2141 fine,
2513 2060 2774 2122 Hostien.
2827 2082 2987 2122 vium.
3041 2066 3099 2123 4.
3145 2063 3317 2125 Joan.
3355 2065 3616 2129 Andreas

2054 2173 2215 2213 num.
2264 2159 2323 2215 8.
2374 2155 2561 2217 Abbas
2593 2177 2750 2217 num.
2789 2162 2848 2217 7.
2896 2140 3142 2233 Gonzai.
3190 2178 3349 2218 nuni.
3389 2164 3447 2221 4.
3500 2161 3614 2223 Fa-

2056 2268 2231 2327 9nan.
2272 2253 2335 2309 in
2364 2271 2490 2330 cap.
2535 2250 2640 2311 Vir
2673 2253 2776 2331 qni
2793 2297 2809 2324 ,
2839 2274 2999 2313 siam.
3037 2258 3135 2313 54.
3168 2255 3232 2314 de
3263 2253 3614 2336 Consanyai·

2054 2346 2166 2405 nit.
2204 2357 2253 2405 et
2286 2346 2490 2424 affinit.
2529 2345 2735 2407 Corar.
2771 2350 2835 2406 in
2864 2351 2921 2408 4.
2960 2347 3177 2408 Decret.
3210 2370 3342 2428 paq.
3376 2355 3435 2410 2.
3483 2372 3607 2432 cap.

2058 2443 2115 2499 6.
2149 2437 2212 2520 S.
2250 2445 2344 2500 10.
2373 2459 2533 2499 num.
2572 2444 2667 2500 12.
2713 2439 2973 2501 Sanchez
3001 2442 3066 2501 de
3095 2441 3364 2503 Matr-im.
3415 2445 3513 2504 tib.
3547 2451 3607 2507 8.

2056 2534 2268 2615 disput.
2305 2539 2360 2595 1.
2398 2554 2557 2594 num.
2591 2539 2688 2595 33.
2721 2555 2890 2615 prope
2915 2537 3103 2617 finem.

2178 2635 2273 2690 17.
2308 2629 2513 2691 Minus
2553 2628 2695 2691 facit
2737 2628 2911 2701 Bulla
2954 2629 3043 2691 Pii
3090 2631 3197 2691 1v.
3247 2631 3322 2693 de
3348 2652 3503 2711 qua,
3535 2633 3608 2711 ‚in

2055 2723 2316 2785 secunda
2347 2714 2757 2803 oppositione,
2786 2742 2922 2784 cum
2953 2723 3007 2785 ei
3044 2723 3228 2785 suerit
3260 2726 3609 2808 derogatum

2056 2836 2091 2879 a
2124 2818 2438 2898 posteriori
2470 2817 2645 2880 Bulla
2674 2818 2733 2878 S.
2766 2818 2856 2879 Pii
2888 2819 2942 2878 V
2949 2863 2965 2880 .

2178 2917 2272 2973 18.
2308 2913 2555 2994 Majoris
2585 2914 2819 2974 roboris
2845 2933 2962 2974 nou
2995 2923 3120 2989 est,
3153 2917 3314 2995 quod
3337 2916 3399 2977 in
3434 2918 3608 2981 Bulla

2056 3005 2118 3066 S.
2152 3006 2243 3067 Pii
2276 3007 2353 3066 V.
2392 3007 2693 3069 habentur
2716 3007 2865 3069 haec
2898 3010 3084 3071 verba
3110 3054 3127 3082 ,
3158 3011 3393 3071 obtentis
3428 3022 3614 3073 tamen

2050 3112 2244 3183 postea
2261 3122 2429 3183 super
2446 3104 2843 3184 propinquiori
2864 3105 3067 3165 litteris
3088 3105 3502 3180 declaratoriis,
3524 3107 3611 3169 uti

2058 3197 2237 3259 tertio
2264 3196 2395 3258 loco
2418 3198 2731 3259 dicebatur
2756 3217 2773 3270 ς
2802 3207 3059 3276 punctus
3087 3199 3249 3258 enim
3272 3207 3382 3271 est,
3408 3218 3485 3260 an
3512 3199 3612 3262 lit-

2064 3301 2228 3354 terae
2254 3291 2685 3353 declarator-iae
2710 3289 2941 3351 fuerint
2967 3290 3296 3371 requisitae
3319 3310 3432 3372 pro
3456 3292 3611 3356 vali-

2060 3388 2249 3449 ditate
2280 3384 2742 3465 dispensationis
2767 3428 2784 3456 ,
2811 3392 2872 3445 et
2891 3403 2968 3446 an
2992 3383 3220 3446 fuerint
3246 3385 3605 3467 requisitae,

2058 3491 2126 3542 ut
2167 3479 2625 3543 Matrimonium
2671 3489 2824 3540 esset
2865 3477 3135 3541 validum
3165 3527 3182 3551 ,
3230 3500 3491 3562 cumque
3533 3503 3610 3545 ex

2055 3594 2238 3655 supra
2283 3573 2551 3656 probatis
2578 3572 2641 3635 S.
2672 3572 2818 3633 Pius
2847 3572 2925 3634 V.
2969 3572 3234 3636 validam
3278 3575 3612 3639 decreverit

2057 3667 2561 3750 dispensationem
2587 3712 2605 3740 ,
2640 3665 2794 3728 sacta
2811 3675 3058 3728 -tantum
3084 3668 3388 3730 mentione
3411 3688 3611 3732 remo-

2057 3763 2230 3825 tioris
2255 3761 2509 3845 gradus,
2538 3771 2597 3823 et
2629 3761 2867 3823 litterae
2898 3761 3330 3825 declaratoriae
3360 3763 3482 3826 sint
3510 3783 3611 3827 ne-

2057 3858 2348 3920 cessariae
2373 3902 2391 3932 ,
2438 3866 2506 3918 ut
2550 3856 3008 3917 matrimonium
3042 3856 3120 3918 sit
3160 3856 3394 3918 licitum
3419 3903 3437 3931 ,
3487 3876 3609 3920 non

2057 3961 2262 4015 autem
2290 3998 2308 4025 ,
2342 3959 2409 4012 ut
2435 3950 2512 4012 sit
2533 3949 2848 4025 validum3
2882 3950 3025 4011 hinc
3050 3959 3138 4012 est
3165 3995 3183 4022 ,
3221 3949 3459 4011 nullum
3488 3971 3610 4012 mo-

2061 4056 2332 4110 mentum
2378 4045 2660 4108 constitui
2708 4063 2876 4124 posse
2916 4044 2981 4106 in
3027 4044 3229 4135 *bis
3270 4045 3610 4126 praedictae

2056 4141 2512 4206 Constitutionis
2538 4140 2785 4202 Piauae.

2178 4244 2274 4300 19.
2310 4235 2654 4299 Consimilis
2679 4233 2919 4317 generis
2940 4242 3028 4296 est
3047 4234 3209 4315 quod
3238 4240 3457 4315 quarto
3478 4233 3611 4298 loco

392 4323 513 4384 suit
537 4324 805 4387 validum
840 4325 1021 4386 fuisse
1043 4326 1533 4402 Matrimonium,
1567 4338 1625 4390 et
1651 4330 1796 4391 satis
1821 4350 1948 4392 esse
1995 4394 2001 4410 ,
2059 4333 2500 4414 opponebatur,
2521 4330 2936 4392 frustratorias
2964 4328 3243 4391 videlicet
3271 4330 3527 4392 evadere
3547 4330 3611 4393 in

395 4426 598 4496 postea
657 4419 933 4481 obtinere
989 4419 1456 4483 declarationem
1512 4442 1692 4503 super
1750 4426 1944 4506 gradu
1995 4417 2000 4510 ξ

2055 4425 2170 4488 hoc
2192 4444 2398 4486 rerum
2426 4433 2583 4486 statu
2609 4423 2839 4485 litteras
2865 4421 3311 4485 declaratorias.
3341 4423 3406 4484 [d
3431 4423 3613 4504 quip-

393 4513 839 4593 propinquiori‚
865 4534 974 4576 nec
995 4534 1147 4595 opus
1169 4536 1295 4577 esse
1323 4527 1452 4596 post
1481 4518 1946 4581 declarationem
1995 4517 2000 4617 ff
2057 4540 2132 4600 pe
2173 4519 2345 4581 nullo
2391 4518 2567 4579 modo
2599 4517 2869 4578 subsistit
2896 4536 2914 4591 3
2949 4515 3042 4578 vel
3073 4516 3293 4577 etenim
3329 4516 3613 4597 expedita

392 4604 591 4667 denuo
617 4609 1004 4682 contrahere,
1043 4610 1125 4670 uti
1159 4609 1416 4672 habetur
1446 4632 1520 4672 ex
1550 4614 1819 4692 sequenti
1853 4635 1946 4676 re·
1995 4625 2000 4710 j
2056 4613 2502 4695 dispensatione
2528 4631 2711 4693 super
2742 4610 3051 4673 remotiori
3080 4619 3222 4672 ante
3243 4611 3373 4690 ejus
3394 4629 3613 4672 execu-

391 4699 689 4762 solutione
715 4703 873 4764 edita
910 4705 998 4764 die
1031 4709 1084 4765 1.
1120 4705 1279 4783 Maji
1318 4726 1470 4766 anno
1506 4711 1676 4768 1607.
1713 4710 1809 4767 tib.
1847 4714 1940 4768 11.

393 4791 612 4855 Decret.
643 4816 780 4876 paq.
821 4802 875 4856 1.
912 4818 951 4858 a
995 4809 1175 4876 terqo,
1208 4798 1326 4858 ibi:
1372 4801 1693 4877 hujusmodi
1723 4801 1946 4862 Matri-

392 4893 639 4949 monium
659 4938 674 4959 ,
704 4894 820 4950 nisi
855 4894 1023 4952 aliud
1046 4894 1353 4963 obstiterit,
1398 4913 1505 4954 esse
1532 4895 1818 4969 validum,
1852 4917 1943 4958 sa·

397 4986 576 5063 lisque
602 4988 771 5063 [uisse
816 4989 1059 5047 obtinere
1097 5000 1282 5067 postea
1319 4990 1749 5050 declarationem
1780 5013 1949 5072 super

390 5080 579 5158 qratia
604 5083 1003 5161 propinquiori
1016 5084 1198 5159 juxta
1226 5082 1465 5142 Constit.
1496 5104 1620 5144 san.
1655 5105 1815 5144 mem.
1847 5085 1949 5146 Pii

402 5171 467 5232 V.
500 5175 604 5233 hac
651 5177 714 5234 de
743 5195 802 5235 re
832 5178 1074 5249 editam,
1106 5198 1279 5255 neque
1320 5198 1454 5256 opus
1482 5179 1654 5254 [uisse
1690 5190 1814 5258 post
1852 5181 1946 5240 de-

2058 4708 2284 4769 tionem
2313 4706 2631 4768 innotescit
2657 4704 3006 4776 Ordinario,
3038 4703 3199 4783 quod
3228 4703 3361 4776 Vir,
3391 4714 3451 4764 et
3478 4704 3612 4765 Mu·

2055 4801 2170 4862 lier
2191 4810 2333 4862 sunt
2355 4797 2659 4882 conjuncti
2693 4796 3114 4878 propinquiori
3144 4796 3337 4877 gradu
3357 4843 3374 4867 ,
3406 4803 3468 4857 et
3494 4796 3613 4858 ora

1995 4891 2001 4964 ξ
2057 4895 2332 4957 dinarius
2352 4895 2530 4956 debet
2549 4893 2853 4955 abstinere
2876 4891 2956 4952 ab
2978 4890 3364 4964 executione,
3392 4908 3613 4971 usque-

2055 5009 2178 5071 quo
2206 4989 2444 5051 litterae
2470 4986 2902 5050 declaratoriae
2929 4986 3262 5047 afferantur
3288 5030 3306 5060 ,
3337 4984 3426 5046 uti
3457 4986 3613 5048 bene

2056 5084 2397 5165 ponderant
2423 5082 2721 5144 Bonacina
2739 5100 2890 5163 oper.
2919 5081 3122 5141 moral.
3148 5090 3280 5139 tom.
3307 5084 3365 5139 2.
3391 5080 3605 5160 disput.

2060 5182 2114 5238 1.
2148 5188 2365 5257 quaest.
2404 5182 2463 5237 2.
2494 5186 2701 5258 puncto
2740 5182 2797 5236 5.
2846 5194 3007 5236 num.
3056 5180 3151 5235 17.
3196 5185 3249 5235 et
3295 5185 3511 5252 quaest.
3548 5179 3606 5236 3.

389 5267 756 5327 cierationem
790 5271 1113 5347 hujusmodi
1136 5284 1375 5352 repetere
1398 5273 1639 5349 sormam
1668 5271 1944 5344 Concilii,
1997 5287 2001 5348 g
2051 5283 2250 5353 punct.
2283 5277 2342 5331 7.
2376 5270 2439 5353 S.
2467 5275 2655 5351 primo
2674 5290 2835 5330 num.
2867 5275 2926 5330 7.
2957 5268 3215 5330 Sanchez
3243 5270 3307 5329 de
3335 5270 3607 5332 Matrim.

390 5363 477 5420 vel
504 5363 681 5419 denno
710 5364 1055 5423 contrahere.

426 5485 459 5498 -·
490 5458 611 5515 16.
646 5454 878 5537 Hisque
909 5456 1156 5537 positis,
1210 5476 1328 5518 non
1371 5456 1609 5520 obstant
1657 5477 1759 5533 ea,
1790 5478 1950 5540 quae

2060 5369 2157 5426 lib.
2191 5371 2250 5427 8.
2275 5368 2487 5447 disput.
2514 5369 2614 5425 24.
2639 5385 2798 5425 num.
2825 5367 2924 5424 29.
2959 5363 3051 5425 vel
3077 5373 3217 5426 ante
3240 5363 3451 5426 Bullae
3470 5383 3611 5425 exe-

2058 5461 2359 5524 cutionem
2385 5459 2807 5542 propinquitas
2825 5476 2947 5520 non
2973 5456 3238 5520 innotuit
3257 5456 3608 5533 ordinarie,
