4393 6299
1032 507 1138 557 400

2036 503 2480 573 Quas-nonus
2517 502 2870 559 cmoatcs:

831 656 1177 717 mandatum
1210 703 1225 725 .
1261 664 1319 717 et
1358 656 1599 717 demum
1627 657 1827 737 quoad
1854 655 2126 736 exempla
2151 702 2168 730 ,
2213 675 2369 738 quae
2476 658 2565 715 rio
2590 701 2607 728 ‚
2637 663 2698 718 et
2728 657 2790 718 iu
2817 653 3175 717 Meles-itane
3205 645 3533 712 Erectionis
3562 641 3881 708 Seminarii
3906 688 3924 714 ,
3952 644 4013 704 et

831 747 1025 810 facere
1050 757 1296 828 possunt
1323 767 1431 827 pro
1459 748 1742 811 instantia
1773 751 2086 830 praesenti.

952 843 1160 922 Itaque
1206 841 1508 922 loquendo
1550 843 1624 904 de
1673 845 2046 906 Testamento
2096 843 2368 905 Doctoris

830 937 1271 999 Bartholomaei
1314 937 1487 998 Russi
1512 983 1528 1009 ‚
1564 936 1662 1000 bic
1709 939 1769 998 in
1818 938 2029 1000 ultimo
2055 984 2072 1012 ‚
2105 937 2220 999 sub
2246 958 2368 1018 quo

831 1030 1073 1092 decessit
1099 1031 1474 1092 Testamento
1499 1031 1739 1094 condito
1766 1033 1829 1092 de
1850 1053 1999 1093 anno
2027 1037 2199 1094 1708.
2225 1030 2369 1094 hae·

830 1124 1029 1185 redem
1058 1122 1170 1182 sibi
1199 1123 1435 1202 scripsit
1453 1143 1621 1185 suam
1653 1144 1925 1195 uxorem,
1959 1126 2208 1206 ejusque
2233 1124 2368 1187 obi-

834 1225 898 1278 tu
925 1224 1146 1289 secuto,
1176 1215 1390 1290 voluit,
1424 1226 1488 1277 ut
1516 1216 1578 1277 in
1607 1216 1784 1279 domo
1808 1237 1952 1281 suae
1978 1216 2371 1281 habitationis

830 1310 1162 1391 erigeretur
1207 1309 1518 1390 Hospitale
1558 1310 1672 1371 sub
1722 1311 1897 1374 titulo
1939 1311 2000 1373 S.
2051 1311 2369 1373 Bartholo-

834 1403 985 1466 maei
1011 1449 1028 1477 ,
1076 1401 1138 1463 in
1180 1423 1304 1484 quo
1342 1413 1475 1465 octo
1517 1404 1877 1468 lectisternia
1915 1424 2040 1467 esse
2084 1406 2373 1468 deberent

830 1517 942 1577 pro
984 1496 1349 1577 pauperibus
1377 1496 1636 1558 infirmis
1657 1543 1674 1571 ,
1703 1499 1847 1558 volso
1874 1499 1969 1560 che
2000 1498 2042 1559 s’
2065 1500 2268 1559 abbino
2297 1498 2372 1559 da

830 1601 1052 1652 mettere
1083 1601 1196 1650 otto
1233 1592 1354 1650 letti
1376 1611 1478 1671 per
1500 1593 1737 1652 servizio
1762 1592 1846 1652 ἀί
1861 1595 2053 1672 pareri
2080 1594 2331 1672 infermi.

951 1684 1295 1746 Transitum
1327 1684 1595 1746 faciendo
1617 1684 1690 1746 ad
1713 1705 2066 1747 consensum
2089 1688 2379 1749 Executo-

837 1797 973 1838 rum
1020 1779 1665 1851 Testamentariorum,
1713 1778 1818 1840 ille
1864 1798 1985 1841 non
2025 1780 2185 1841 deest
2214 1801 2230 1854 3
2263 1780 2375 1859 ipsi

837 1870 1062 1951 quippe
1088 1871 1475 1950 ponderando
1504 1871 1908 1934 necessitatem
1938 1873 2253 1934 erectionis
2282 1874 2376 1935 Se-

839 1963 1104 2036 minarii,
1124 1964 1515 2025 libentissime
1532 1983 1836 2026 assensum
1860 1966 2308 2047 praestiterunt,
2322 1974 2381 2028 et

839 2067 1181 2139 praestant,
1214 2068 1280 2120 ut
1305 2078 1509 2121 atinua
1544 2067 1710 2121 scuta
1740 2065 1878 2122 300.
1911 2060 2276 2122 desumenda
2302 2081 2379 2123 ex

839 2151 1204 2213 haereditate
1231 2151 1504 2213 Doctoris
1520 2151 1692 2213 Russi
1715 2152 2051 2215 Seminario
2070 2147 2379 2233 applicen-

839 2255 938 2308 tur
963 2292 979 2319 ,
1011 2256 1070 2307 et
1098 2247 1256 2326 quod
1285 2246 1587 2327 reliquum
1611 2247 1804 2309 dictae
1829 2246 2213 2310 haereditatis
2238 2246 2378 2309 assi·

838 2350 1056 2422 gnetur
1086 2360 1196 2422 pro
1216 2348 1538 2422 augmento
1560 2340 1862 2403 redituum
1893 2340 2141 2403 alterius
2168 2340 2382 2422 Hospi-

843 2434 978 2498 talis
1011 2437 1136 2517 jam
1172 2433 1350 2496 erecti
1380 2479 1398 2507 ,
1443 2443 1504 2495 et
1558 2433 1866 2496 existentis
1912 2433 1977 2494 in
2025 2434 2231 2497 Insula
2277 2433 2380 2494 Li-

840 2528 1138 2610 paritaua.

962 2623 1100 2684 Post
1124 2620 1272 2683 haec
1312 2620 1465 2682 nibil
1511 2621 1677 2683 aliud
1709 2630 2013 2695 remanet,
2050 2640 2233 2702 quam
2261 2667 2279 2695 ,
2316 2630 2385 2683 ut

844 2716 1076 2797 aliquid
1107 2716 1340 2778 dicatur
1369 2716 1443 2778 de
1478 2736 1657 2797 opere
1699 2717 1832 2797 pio,
1864 2718 1939 2779 de
1965 2717 2259 2797 Hospitali
2289 2717 2381 2777 vi-

842 2808 1055 2872 delicet
1096 2809 1380 2889 erigendo
1407 2808 1480 2870 ad
1516 2809 1784 2871 tramites
1811 2809 2168 2872 Testamenti
2208 2829 2384 2890 saepe

844 2904 1155 2966 memorati
1190 2902 1657 2976 Bartholomaei‚
1695 2912 1754 2965 et
1787 2903 1862 2966 de
1885 2903 2196 2985 exemplis,
2227 2921 2384 2984 quae

844 2997 1046 3060 favere
1063 3005 1312 3076 possunt
1335 2995 1674 3057 instantiae.

965 3089 1176 3165 Quoad
1201 3089 1533 3170 Hospitale,
1564 3108 1638 3151 ex
1667 3089 2022 3171 supradictis
2050 3090 2381 3172 colligitur,

844 3184 1011 3247 aliud
1051 3186 1178 3266 iam
1204 3184 1407 3246 adesse
1432 3182 1751 3264 Hospitale
1785 3193 2047 3247 erectum
2085 3184 2148 3246 in
2176 3184 2385 3248 Insula

843 3279 1190 3360 Liparitana
1219 3325 1236 3351 ‚
1273 3278 1349 3340 ad
1395 3279 1554 3358 quod
1602 3279 1843 3341 difficile
1886 3279 2209 3342 admodum
2252 3287 2382 3351 est,

845 3374 1008 3453 quod
1035 3373 1264 3445 exteri,
1299 3381 1360 3434 et
1390 3372 1688 3453 peregrini
1727 3373 2046 3444 accedant,
2075 3393 2212 3435 cum
2241 3394 2385 3455 aga-

851 3474 950 3527 tur
980 3467 1054 3528 de
1082 3466 1283 3527 Insula
1305 3512 1322 3539 ,
1351 3484 1508 3547 quae
1530 3475 1692 3528 caret
1720 3466 1929 3539 Portu,
1964 3466 2245 3547 idemque
2266 3467 2387 3529 dif-

847 3560 1026 3621 ficilis
1051 3580 1315 3622 accessus
1347 3559 1646 3621 verificari
1678 3559 1897 3621 dicitur
1924 3560 2105 3622 etiam
2132 3560 2198 3620 in
2226 3559 2389 3621 Civi-

852 3652 965 3714 bus
986 3698 1004 3726 ,
1037 3661 1095 3714 et
1119 3651 1557 3714 habitatoribus
1584 3697 1600 3724 ,
1629 3651 1733 3731 qui
1762 3652 1897 3713 licet
1923 3661 2273 3732 paupertate
2297 3651 2390 3715 la-

849 3746 1103 3817 borant,
1134 3745 1482 3806 indecorum
1530 3744 1926 3806 nibilominus
1956 3765 2081 3807 esse
2110 3755 2391 3827 reputant

854 3849 1120 3918 tempore
1145 3838 1304 3920 aegri
1316 3837 1539 3900 tudinis
1564 3856 1627 3898 se
1654 3838 1716 3898 in
1747 3837 2060 3918 Hospitale
2086 3840 2350 3920 recipere
2372 3886 2390 3916 ,

851 3952 927 3994 ex
948 3952 1068 4013 qua
1089 3933 1271 3994 etiam
1291 3931 1736 3993 circumstantia
1760 3930 2044 4005 infertur,
2069 3934 2232 4012 quod
2251 3953 2397 4014 qua-

856 4037 1029 4090 tenus
1046 4035 1197 4089 esset
1217 4025 1568 4107 erigendum
1588 4024 1774 4105 Hospi
1784 4023 1900 4086 tale
1924 4044 2146 4086 novum
2169 4027 2247 4088 ad
2270 4037 2397 4102 tra-

852 4120 1028 4182 mites
1065 4110 1423 4181 Testamenti
1462 4116 1903 4179 Bartbolomaei
1930 4163 1948 4190 ,
1997 4117 2148 4178 illud
2182 4118 2397 4182 inutile

857 4221 1231 4287 remaneret,
1276 4221 1337 4274 et
1376 4210 1709 4291 periculum
1736 4218 1977 4293 urgeret
2015 4211 2399 4294 dilapidatio-

858 4306 954 4368 nis
978 4306 1250 4368 omnium
1285 4305 1610 4366 redituum.

2480 750 2752 821 unionis,
2777 768 2913 811 cum
2943 747 3267 826 Episcopus
3290 788 3307 816 ‚
3343 751 3403 803 et
3431 739 3773 821 Capitulum
3798 782 3816 808 ,
3847 753 4013 798 acce-

2478 846 2652 904 dente
2682 865 2964 902 rotisvusu
3002 840 3549 900 atltninistratotunt
3585 832 3905 912 llnspitnjis
3939 830 4007 888 S.

2480 938 2708 998 Nicotm?
2754 940 2815 994 de
2858 938 3074 996 Sat-ura
3104 982 3118 1006 ,
3154 934 3457 992 =t‚}t·t?tlsitttlt!
3485 930 3795 988 erectionis
3825 926 4011 982 Senti-

2480 1032 2674 1100 narii,
2730 1040 3070 1090 excitassent
3118 1048 3224 1106 pro
3273 1024 3667 1104 applicatione
3715 1022 4013 1080 redituum

2478 1124 2616 1184 dicti
2650 1124 2972 1200 Hospitalis
3004 1132 3285 1198 tartunam
3321 1118 3547 1176 inutilis
3577 1162 3589 1186 ‚
3623 1122 3681 1174 ol
3705 1112 4013 1192 superflui,

2480 1218 2766 1296 promissa
2794 1218 2970 1276 etiam
3014 1214 3395 1274 assultatione
3427 1210 3697 1268 erunium
3727 1254 3739 1274 ,
3773 1214 3829 1266 et
3865 1224 4015 1282 quo-

2484 1330 2876 1388 rumcumque
2910 1310 3166 1368 aliorum
3200 1326 3447 1366 onerum
3495 1302 3905 1380 impositorum
3937 1298 4015 1356 ab

2482 1406 2758 1466 Erectore
2792 1402 3114 1480 Hospitalis
3140 1448 3152 1470 ‚
3188 1410 3495 1478 postquam
3531 1398 3587 1456 S.
3629 1390 4017 1472 Congregatio

2482 1500 2756 1578 cognovit
2780 1544 2794 1568 ‚
2830 1498 3052 1556 reditus
3086 1498 3285 1554 Taxae
3309 1490 3676 1552 Catbedralis
3701 1535 3715 1558 ,
3747 1498 3803 1546 et
3831 1488 4013 1544 liene-

2484 1594 2754 1654 fictorum
2790 1592 3068 1650 erectioni
3102 1588 3421 1650 seminarii
3445 1586 3759 1664 obligatos,
3793 1602 3827 1640 a
3854 1582 4019 1638 Sum-

2484 1706 2582 1748 mo
2612 1686 2894 1746 Pontitioe
2928 1686 3226 1744 Clemente
3257 1682 3479 1740 Octavo
3509 1678 3785 1736 Patribus
3827 1674 4019 1732 Socie-

2486 1780 2620 1842 tatis
2649 1782 2782 1838 Jesu
2816 1780 2994 1838 fuisso
3024 1778 3367 1854 appla-3105,
3401 1794 3533 1832 cnm
3559 1791 3737 1830 onere
3759 1768 4023 1847 aperien-

2484 1875 2543 1935 di
2580 1875 2810 1935 sellulas
2856 1873 3261 1931 Humanitatis
3289 1917 3301 1937 ,
3349 1879 3403 1927 nt
3445 1865 3881 1927 Gratntnaticae
3907 1907 3921 1929 ‚
3971 1869 4023 1919 et

2486 1975 2808 2047 proventus
2840 1963 3164 2045 Hospitalis
3208 1967 3267 2019 stc
3315 1961 3531 2019 Sat-ora
3563 1979 3683 2017 esse
3717 1957 3773 2015 in
3811 1955 4025 2015 annuis

2484 2063 2660 2123 scutis
2696 2065 2864 2119 ¹:391.
2900 2071 2956 2117 et
2988 2061 3315 2135 impensam
3353 2075 3457 2133 pro
3487 2051 3769 2111 alimonia
3805 2067 4025 2127 {taupe-

2486 2175 2618 2215 rum
2642 2175 2766 2215 esse
2800 2155 2858 2213 in
2884 2155 3062 2213 scutis
3096 2157 3228 2211 337.
3263 2151 3495 2207 circiter
3527 2145 3777 2225 singulis
3809 2141 3981 2201 annis
4007 2187 4021 2211 ‚

2484 2247 2786 2329 proposito
2816 2249 2904 2305 <lie
2948 2251 3038 2303 18.
3091 2243 3389 2303 Februarii
3441 2247 3609 2297 1690.
3657 2239 3741 2295 uti
3775 2237 4029 2293 habetur

2490 2343 2586 2401 tib.
2640 2349 2734 2401 to.
2780 2343 2976 2399 decret.
3014 2359 3140 2417 pay.
3198 2341 3331 2395 129.
3379 2333 3603 2400 dubie,
3653 2351 3727 2389 an
3763 2333 3833 2387 sit
3883 2331 4027 2387 locus

2484 2437 2800 2515 praedictae
2836 2437 3098 2491 erectioni
3124 2431 3437 2489 Seminarii
3465 2475 3479 2493 ,
3511 2439 3557 2485 et
3595 2427 3803 2483 lffne'wti
3835 2471 3847 2489 ‚
3875 2423 4029 2499 affir-

2494 2533 2690 2587 mative
2720 2527 3024 2605 respondit
3050 2571 3062 2595 ‚
3098 2527 3255 2583 salta
3291 2527 3351 2581 in
3387 2533 3559 2579 totum
3607 2519 3985 2595 hospitalitate-
4013 2563 4025 2585 ,

2490 2637 2536 2681 ct
2562 2625 2862 2699 satisfactis
2894 2623 3166 2677 (litoribus.

2610 2715 2838 2793 Hisque
2860 2713 3154 2772 stantibus
3174 2759 3188 2779 ‚
3216 2708 3527 2789 quaeritur
3559 2727 3571 2765 ε

2612 2811 2702 2865 An-
2728 2857 2741 2875 ,
2770 2819 2817 2865 et
2848 2807 3113 2885 (sueinotto
3146 2805 3331 2883 petitis
3373 2803 3441 2859 sit
3469 2799 3827 2859 anianensium
3863 2799 3919 2855 in
3949 2817 4033 2855 ca-

2489 2922 2559 2962 sn
2584 2910 2686 2964 etc.

2596 3093 2736 3146 Sace.
2763 3089 2957 3159 Congr.
2987 3085 3289 3159 respondit:

2677 3176 3069 3233 Consulendum
3100 3173 3449 3229 sanctissimo
3465 3189 3567 3240 pro
3588 3170 3775 3239 gratia
3803 3170 4041 3237 applica·

2488 3265 2657 3320 tionis
2674 3278 2952 3318 scutorum
2978 3265 3103 3315 200.
3123 3261 3331 3331 favore
3358 3260 3669 3330 'Hospitalis
3684 3258 3805 3327 jam
3831 3256 3997 3309 erecti
4021 3294 4037 3318 .

2490 3367 2543 3407 et
2568 3354 2772 3407 residui
2786 3351 2993 3420 favore
3023 3349 3319 3404 Seminarii
3351 3347 3630 3417 erigendi,
3670 3363 3769 3399 nec
3794 3364 3902 3398 non
3936 3362 4040 3408 pro

2468 3441 2755 3509 ficultate
2774 3438 3089 3507 imponendi
3097 3438 3411 3506 pensionem
3433 3448 3751 3504 perpetuam
3766 3444 4041 3486 scutorum

2492 3530 2619 3581 200.
2640 3546 2944 3580 annuorum
2962 3543 3126 3594 super
3141 3543 3322 3577 mensa
3342 3522 3683 3593 Episcopali,
3705 3520 3949 3590 apposito
3970 3521 4049 3570 Ia·

2487 3616 2616 3685 pide
2642 3629 2755 3669 tam
2784 3615 2840 3666 in
2870 3612 3172 3666 Seminario
3196 3649 3210 3675 ,
3238 3630 3401 3679 quam
3430 3611 3486 3662 in
3519 3609 3806 3679 Hos-pituli
3822 3603 4045 3677 praedi-

2495 3705 2595 3759 ctis
2622 3704 2677 3756 in
2704 3702 3023 3754 memoriam
3055 3700 3145 3770 pii
3183 3698 3496 3752 Testatoris.

2923 3892 3289 3970 QUAESTIO
3344 3889 3642 3954 CCCth.

2520 4077 2613 4164 ‘In
2638 4100 2827 4165 Causa
2855 4097 3303 4161 Barchinonensi
3326 4094 3738 4167 Matrimonii,
3767 4094 3868 4179 *die
3904 4098 4005 4153 20.

2999 4190 3325 4254 Novembris
3377 4190 3549 4249 1723.

976 4401 1230 4461 Demum
1258 4400 1456 4479 quoad
1486 4397 1759 4479 exempla
1784 4444 1801 4472 ,
1843 4417 1999 4479 quae
2032 4399 2236 4461 favere
2264 4418 2400 4481 pos-
2507 4342 2717 4458 Juxta
2762 4401 3056 4474 receptam
3100 4392 3166 4452 in
3211 4390 3325 4453 hac
3363 4388 3545 4473 Sacra
3573 4388 4045 4469 Congregatione

858 4503 1001 4557 sunt
1027 4492 1347 4555 instantiae
1372 4539 1388 4563 ,
1422 4492 1554 4554 Sac.
1588 4492 1734 4554 baec
1758 4493 2151 4574 Congregatio
2178 4495 2267 4555 die
2300 4498 2395 4556 10.

859 4589 1080 4669 Aprilis
1113 4590 1285 4656 1645.
1321 4587 1418 4646 lib.
1453 4589 1549 4646 17.
1581 4586 1780 4646 decret.
1812 4586 1912 4664 [ol.
1960 4589 2096 4648 460.
2132 4585 2194 4647 in
2225 4605 2403 4650 causa

859 4680 1229 4743 Sarsinaten.
1281 4678 1521 4738 unionis
1553 4677 1826 4751 censuit,
1874 4681 2272 4741 concedendam
2296 4700 2406 4742 esse

861 4775 1188 4853 facultatem
1231 4770 1507 4851 Episcopo
1533 4769 1890 4832 sarsinaten.
1921 4774 2157 4833 uniendi
2191 4774 2405 4834 reditus

864 4867 1260 4947 Hospitalium
1290 4863 1483 4925 Castri
1513 4861 1705 4925 Ciolae
1728 4909 1746 4937 ‚
1783 4875 1833 4924 et
1868 4863 2063 4927 Castri
2088 4865 2260 4946 Taipi
2299 4865 2406 4927 Se-

2507 4488 2859 4553 sententiam
2889 4484 3290 4567 cappellanus
3332 4481 3695 4554 Castrensis,
3725 4482 3775 4542 si
3805 4501 3927 4543 non
3952 4482 4053 4543 ba-

2511 4586 2610 4647 bet
2635 4581 2949 4664 specialem
2972 4578 3317 4642 facultatem
3334 4596 3371 4638 a
3397 4575 3549 4637 Sede
3572 4574 3933 4655 Apostolica,
3959 4575 4053 4637 vel

2510 4696 2848 4758 expressam
2896 4673 3199 4735 licentiam
3241 4672 3322 4734 ab
3366 4669 3725 4742 Ordinario,
3770 4668 4055 4731 interesse

2512 4771 2722 4852 nequit
2767 4766 3169 4831 Matrimoniis
3193 4809 3211 4839 ,
3253 4782 3409 4844 quae
3449 4759 3606 4822 fiunt
3633 4781 3670 4822 a
3710 4760 4007 4823 Militibus
4031 4811 4050 4834 ,

2511 4867 2638 4927 sive
2667 4864 2729 4925 hi
2759 4863 2978 4944 degant
3006 4860 3069 4921 in
3100 4857 3419 4921 Praesidiis
3442 4901 3459 4929 ‚
3494 4855 3709 4917 sivein
3736 4855 3978 4929 Castris,
4004 4866 4065 4920 et

865 4964 1113 5022 minaria
1135 4959 1495 5020 Sarsinaten.
1527 5002 1544 5030 ,
1575 4960 1942 5019 salvatamen
1973 4958 2403 5040 Hospitalitate,
2514 4955 2873 5021 stationibus
2900 4951 3210 5034 Hybernis
3236 4998 3254 5021 ,
3286 4959 3393 5012 aut
3422 4947 3695 5022 AEstivis,
3726 4948 3853 5010 sive
3873 4948 4056 5010 etiam

866 5065 918 5116 et
945 5055 1116 5116 salvis
1138 5052 1410 5111 reditibus
1439 5069 1542 5129 pro
1564 5051 1710 5110 dicto
1737 5050 1927 5131 effectu
1955 5054 2278 5113 necessariis
2304 5096 2321 5124 ‚
2352 5059 2414 5114 et
2516 5052 2636 5114 sint
2665 5048 2839 5130 positi
2880 5046 2943 5107 in
2986 5044 3205 5108 actuali
3242 5042 3653 5122 expeditione,
3683 5040 3771 5102 uti
3800 5038 4059 5102 habetur

867 5150 931 5210 in
978 5165 1154 5209 causa
1203 5144 1424 5205 Montis
1463 5143 1583 5204 Alti
1632 5145 1720 5205 die
1752 5149 1809 5205 4.
1861 5144 2196 5225 Septembris
2229 5150 2402 5206 1655.

882 5242 982 5301 lib.
1011 5246 1106 5301 19.
1138 5239 1337 5298 decret.
1362 5257 1498 5317 paq.
1533 5239 1669 5297 515.
1694 5257 1733 5297 a
1766 5248 1902 5316 εον-9.
1940 5237 2184 5300 indulsit
2212 5250 2275 5298 ut
2299 5257 2412 5298 me-

2516 5147 2579 5207 in
2613 5140 3096 5221 Resolutionibus
3114 5136 3289 5200 editis
3319 5135 3474 5216 apud
3494 5135 3835 5196 Anactorium
3859 5137 3924 5194 in
3949 5134 4063 5195 Jus

2524 5237 2873 5301 Canonicam
2894 5244 3025 5292 tom.
3052 5235 3109 5291 t.
3140 5232 3229 5290 tit.
3258 5233 3314 5290 3.
3340 5229 3405 5288 de
3423 5226 3793 5288 clandestina
3812 5226 4062 5305 despons.

870 5336 1048 5397 dietas
1092 5332 1379 5392 redituum
1426 5329 1748 5410 Hospitalis
1792 5329 2011 5393 Montis
2052 5332 2263 5393 Elbari
2300 5351 2414 5392 non
2521 5332 2585 5412 §.
2633 5335 2692 5391 2.
2723 5349 2785 5389 n.
2819 5333 2916 5389 97.
2958 5325 3261 5386 Schiaram
3292 5324 3359 5382 in
3383 5321 3766 5381 additionibus
3800 5324 3877 5383 ad
3903 5342 4069 5382 suam

871 5438 1195 5491 exactorum
1220 5436 1397 5507 posset
1434 5427 1506 5487 ab
1541 5424 1818 5505 Episcopo
1839 5427 2123 5507 applicari
2150 5426 2415 5488 Semina-

2531 5425 2879 5503 Theoloqiam
2909 5419 3188 5481 Bellicam
3214 5417 3316 5496 sol.
3353 5419 3485 5476 139.
3525 5424 3575 5475 et
3613 5419 3748 5477 140.
3789 5414 4073 5496 Ursayam
