4393 6299
958 511 1030 563 ai
1902 507 2352 581 ‘Quffis'rtouns
2390 511 2749 567 cmomcess

885 663 1098 726 Delata
1115 663 1192 735 ad
1212 663 1457 727 Sacram
1471 664 1630 727 hanc
1645 663 2179 747 congregationem
2205 684 2323 726 me-
2430 672 2534 726 xta
2555 665 2740 728 Decie-
2759 671 2910 729 ¹583.
2941 685 3100 727 nam.
3148 671 3205 728 3.
3240 686 3367 748 par.
3404 671 3459 728 1.
3492 668 3694 731 dit-erm
3726 676 3778 731 et
3804 668 3972 733 decis.

762 766 995 820 morata
1023 757 1451 821 informatione
1474 804 1492 832 ‚
1523 760 2011 840 transmissisque
2040 759 2205 821 foliis
2228 779 2322 822 ra-

762 853 1422 935 tionum‘allegatarum
1448 854 1531 915 ab
1550 854 2161 916 Administratoribus
2191 855 2319 917 Ho-

2431 764 2604 821 1059.
2637 772 2689 822 et
2722 761 2888 823 decis.
2923 765 3098 822 1136.
3130 781 3320 827 coram
3343 761 3683 845 Seraphino.

2545 855 2932 918 Contendunt
2951 856 3215 937 deniqne
3243 856 3481 919 Priores
3504 902 3522 930 ‚
3548 867 3608 919 et
3625 854 3973 922 Beneficiati

759 947 1032 1027 spitalis‚
1099 967 1238 1009 cum
1296 947 1785 1010 animadversum
1846 948 2033 1009 fuerit
2082 948 2146 1009 in
2193 948 2318 1010 illis
2430 949 2740 1011 indultum
2764 970 2891 1012 esse
2917 951 3400 1031 restringendum
3423 951 3496 1012 ad
3519 953 3844 1014 terminum
3868 973 3971 1016 an·

760 1042 1105 1124 impugnari
1140 1041 1322 1124 hujus
1347 1043 1563 1104 Sacrae
1601 1042 2095 1125 Congregationis
2123 1044 2315 1125 juris-

2424 1062 2642 1105 norum
2688 1045 2933 1126 triginta
2958 1065 2976 1119 3
3003 1045 3357 1124 excipienda
3383 1065 3509 1108 esse
3532 1047 3711 1108 etiam
3749 1048 3828 1108 ab
3866 1047 3971 1108 Iu·

755 1136 1112 1209 dictionem,
1155 1136 1327 1217 quasi
1371 1135 1535 1217 quod
1579 1137 1707 1217 ipsa
1739 1156 1857 1198 non
1892 1146 2090 1218 posset
2117 1136 2316 1199 mode-
2424 1137 2594 1200 dulto
2621 1140 2842 1221 Legata
2874 1139 3081 1202 relicta
3107 1141 3284 1201 certis
3308 1140 3452 1201 locis
3477 1189 3494 1212 ,
3523 1160 3755 1204 necnon
3786 1144 3972 1224 Lega-

756 1231 880 1291 rari
907 1279 924 1302 ,
963 1239 1067 1293 ant
1089 1230 1397 1292 declarare
1423 1230 1735 1292 Indultum
1767 1251 1803 1294 a
1826 1232 2076 1293 Summo
2107 1231 2316 1293 Ponti-

2424 1242 2484 1294 ta
2507 1278 2524 1306 ‚
2550 1253 2662 1314 pro
2688 1235 2914 1315 quibus
2936 1243 3044 1296 aut
3063 1234 3347 1296 obtentae
3371 1235 3618 1296 fuerunt
3639 1284 3653 1306 ‚
3683 1246 3790 1297 aut
3815 1237 3971 1298 obti-

754 1324 867 1385 fice
884 1344 1229 1386 concessum
1261 1372 1275 1395 ‚
1309 1345 1346 1385 a
1375 1324 1691 1386 Prioribus
1717 1333 1777 1386 et
1801 1324 2181 1388 Beneficiatis
2206 1327 2316 1388 Ec·
2423 1329 2736 1391 uehuntur
2762 1328 3222 1410 compositiones
3254 1348 3291 1391 a
3334 1331 3685 1392 Reverenda
3718 1331 3972 1392 Fabrica

754 1416 1074 1480 elesiarum
1131 1418 1580 1481 Parochialium
1629 1419 1850 1481 iterum
1906 1420 2312 1501 supplicatum

751 1511 869 1575 fuit
910 1513 1221 1576 Sanctitati
1262 1514 1421 1576 Suae
1470 1533 1578 1592 pro
1620 1513 1999 1576 concessione
2036 1514 2310 1576 omnium

754 1605 1111 1670 facultatum
1149 1608 1621 1671 necessariarum
1643 1654 1661 1682 ,
1692 1618 1752 1670 et
1780 1618 2264 1690 opportunarum
2289 1659 2308 1681 ,

752 1710 812 1764 et
845 1701 1286 1783 supplicatione
1311 1702 1388 1765 ad
1416 1702 1576 1777 banc
1602 1703 1846 1765 Sacram
1882 1703 2310 1786 Congregatio-

754 1815 894 1858 nem
942 1796 1190 1858 remissa
1215 1841 1231 1869 ,
1260 1816 1437 1859 causa
1466 1798 1625 1858 inter
1666 1797 1996 1879 praedictos
2025 1799 2264 1859 Priores
2289 1844 2308 1872 ,

750 1897 811 1953 et
835 1890 1232 1953 Beneficiatos
1257 1932 1273 1962 ,
1316 1899 1374 1952 et
1417 1892 1950 1954 Administratores
1977 1891 2310 1973 Hospitalis

749 1983 1109 2068 proponitur
1131 2004 1313 2064 super
1336 1982 1741 2047 declaratione
1765 1983 2021 2048 Indulti.

868 2079 1257 2142 Contendunt
1300 2079 1540 2141 Priores
1564 2125 1583 2155 ,
1616 2088 1677 2153 et
1705 2079 2053 2141 Beneficiati
2073 2124 2091 2155 ,
2136 2080 2305 2162 quod

750 2174 815 2235 in
851 2174 1098 2236 Indulto
1135 2193 1255 2236 non
1286 2173 1875 2255 comprehendantur
1908 2174 2128 2256 Legata
2159 2176 2307 2237 Mis-

747 2287 953 2331 sarum
993 2277 1117 2337 tam
1153 2276 1585 2349 perpetuarum
1610 2314 1627 2341 ,
1660 2287 1846 2350 quam
1879 2269 2260 2331 Manualium
2284 2314 2302 2342 ‚

747 2363 889 2426 licet
914 2363 1071 2425 illud
1101 2372 1454 2443 conceptum
1499 2364 1579 2425 sit
1620 2383 1726 2443 per
1753 2362 1901 2425 haec
1944 2365 2131 2427 verba
2155 2407 2172 2436 ‚
2205 2364 2308 2425 Le·

743 2469 882 2538 qata
895 2461 1007 2539 pia
1026 2456 1230 2520 relicta
1248 2505 1265 2529 ,
1297 2467 1350 2519 et
1376 2456 1753 2538 relinquenda
1778 2474 1801 2527 ,⁸
1828 2458 1983 2519 Tum
2011 2458 2159 2540 quia
2189 2459 2304 2521 Le·

742 2561 881 2636 gata
924 2554 1246 2617 Missarum
1276 2561 1419 2614 stunt
1459 2553 1701 2633 speciali
1735 2562 1876 2616 nota
1912 2553 2096 2635 digna
2123 2600 2139 2627 ,
2168 2562 2302 2617 tum

743 2647 892 2729 quia
915 2648 1159 2729 Legata,
1184 2655 1244 2710 et
1270 2666 1456 2709 onera
1484 2645 1806 2709 Missurum
1827 2693 1843 2720 ,
1874 2656 1946 2709 ut
1967 2647 2303 2729 plurimum

743 2761 782 2803 a
820 2741 1231 2803 Testatoribus
1270 2740 1709 2821 relinquuntur
1748 2740 1927 2803 certis
1970 2739 2250 2803 Ecclesiis
2276 2785 2294 2815 ‚

741 2845 804 2898 et
847 2834 1025 2898 certis
1070 2835 1419 2908 Altaribus,
1451 2836 1607 2896 itaut
1647 2836 1826 2896 certis
1852 2835 2310 2914 quodammodo-

742 2930 891 2995 locis
931 2928 1141 2992 relicta
1169 2929 1420 2992 dicenda
1450 2929 1570 2991 sint
1598 2975 1615 3000 ‚
1645 2947 1752 2991 seu
1775 2930 1953 2991 certis
1975 2928 2253 2991 Personis
2277 2974 2297 3004 ,

741 3034 801 3089 et
820 3023 1063 3088 tandem
1084 3024 1230 3106 quia
1255 3023 1542 3104 speciales
1571 3024 1635 3084 in
1664 3023 1952 3085 oneribus
1974 3025 2299 3086 Missarum

739 3121 959 3184 adsunt
987 3119 1339 3184 Pontificiae
1386 3119 1890 3192 Constitutiones3
1923 3118 2122 3200 quoad
2160 3119 2302 3181 Mis-

740 3236 837 3280 sas
874 3215 1096 3279 etenim
1142 3233 1269 3278 non
1312 3213 1670 3296 adimpletas
1694 3258 1712 3286 ,
1755 3214 2068 3276 facultates
2108 3217 2298 3277 Reve-

740 3311 965 3374 rendae
982 3309 1276 3373 Fabi-icae
1294 3309 1408 3371 sibi
1445 3308 1754 3370 vindicant
1779 3308 1999 3379 locum,
2021 3317 2078 3370 et
2097 3308 2299 3389 quoad

740 3423 949 3466 earum
980 3405 1388 3466 reductionem
1415 3403 1479 3462 in
1498 3401 1777 3463 futurum
1805 3410 2023 3484 urgent
2049 3404 2300 3464 Decreta

739 3517 870 3561 san·
921 3517 1100 3559 mem.
1134 3496 1364 3559 Urbani
1393 3496 1602 3558 Octavi
1636 3543 1652 3565 ‚
1693 3505 1754 3557 et
1778 3495 2114 3558 Innocentii
2150 3495 2293 3557 ΧΠ.

739 3609 971 3656 necnon
991 3591 1306 3655 facultates
1320 3591 1504 3672 hujus
1529 3592 1747 3653 Sacrae
1768 3590 2292 3673 Congregationis.

814 3729 819 3734 -
858 3685 1242 3750 Contendunt
1266 3686 1521 3748 ulterius
1543 3686 1802 3758 Priores,
1832 3695 1894 3747 et
1920 3684 2294 3758 Beneficiati,

737 3781 901 3863 qnod
933 3782 1095 3842 ultra
1139 3780 1470 3842 terminum
1501 3797 1538 3841 a
1577 3781 1987 3842 Testatoribus
2016 3780 2299 3861 designa-

738 3884 868 3938 tum
897 3920 913 3946 ,
947 3892 1058 3955 pro
1101 3873 1455 3936 executione
1482 3872 1724 3953 piorum
1757 3892 2010 3954 operum
2050 3890 2090 3936 a
2118 3892 2182 3934 se
2208 3891 2299 3934 re-

737 3969 1018 4033 lictorum
1048 4013 1064 4042 ,
1114 3967 1551 4049 praefigendus
1588 3968 1680 4028 ¹sit
1732 3966 2099 4029 haeredibus
2127 4011 2146 4039 ,
2200 3964 2296 4028 vel

735 4063 1183 4127 Executoribus
1220 4060 1710 4123 Testamentariis
1741 4060 1900 4123 alius
1942 4078 2141 4126 novus.
2174 4067 2298 4122 ter-.-

737 4158 984 4230 minus,
1026 4164 1349 4235 antequam
1392 4155 1614 4235 Legata
1655 4153 1756 4234 pia
1796 4172 1917 4217 non
1965 4152 2300 4235 adimpleta

738 4251 1118 4335 applicentur
1146 4249 1447 4329 Hospitali
1473 4270 1491 4322 ς
1524 4257 1760 4330 praeter
1787 4249 2012 4312 etenim
2044 4247 2300 4329 possibi-

735 4347 969 4410 litatem
993 4390 1012 4422 ‚
1039 4345 1207 4428 quod
1234 4345 1314 4407 ab
1339 4343 1701 4406 haeredibus
1718 4389 1736 4418 ‚
1765 4354 1827 4406 et
1855 4343 2299 4407 Executoribus

738 4438 1460 4519 Testamentariis‘aliqua
1485 4437 1754 4520 legitima
1796 4455 1974 4501 causa
2003 4440 2297 4501 afferatur

737 4556 851 4620 pro
876 4556 1042 4598 mora
1060 4534 1401 4597 excusanda
1410 4579 1429 4606 ‚-
1453 4533 1541 4595 uti
1564 4533 1857 4614 ponderat
1874 4533 2159 4595 Scribens
2184 4551 2295 4612 pro

731 4633 1050 4697 Prioribus
1078 4675 1095 4704 ‚
1140 4639 1201 4693 et
1256 4628 1635 4692 Beneficiatis
1655 4673 1673 4702 ‚
1721 4638 1897 4711 urget
1946 4627 2293 4708 exemplum

735 4729 898 4810 ejus,
925 4726 1032 4809 qui
1061 4726 1177 4788 sub
1193 4726 1545 4806 juramento
1568 4722 1850 4805 promisit
1879 4722 2114 4785 solvere
2146 4740 2298 4802 quo-

737 4819 888 4883 libet
908 4839 1070 4883 anno
1096 4827 1329 4900 partem
1358 4816 1463 4878 sui·
1482 4816 1710 4889 debiti,
1744 4835 1932 4896 quam
1959 4816 2139 4878 unica
2162 4816 2294 4878 vice

736 4914 972 4976 solvere
992 4912 1338 4984 debuissem
1367 4909 1417 4971 si
1447 4909 1671 4971 etenim
1702 4929 1825 4971 uuo
1866 4909 2106 4972 omittat
2128 4928 2295 4972 anno

737 5009 1100 5078 solutionem
1133 5007 1322 5088 partis
1348 5013 1680 5067 conventae
1703 5049 1721 5077 ‚
1745 5006 1848 5086 jus
1872 5004 2182 5084 disponit,
2225 5011 2296 5068 ut

738 5119 853 5184 pro
875 5108 998 5163 tota
1032 5118 1274 5174 summa
1289 5098 1395 5180 agi.
1411 5098 1613 5160 valeat
1638 5115 1675 5161 a
1698 5097 2007 5160 Creditore
2029 5141 2047 5172 ‚
2079 5096 2296 5161 Teoetus

737 5200 803 5259 in
821 5197 892 5258 L.
917 5199 970 5257 si
996 5197 1124 5276 quie
1144 5195 1330 5272 major
1364 5190 1436 5254 C.
1470 5193 1539 5252 de
1568 5191 1615 5254 Ι
1616 5193 2091 5264 munctionibus,
2121 5201 2295 5257 etta-

739 5309 876 5354 men
906 5323 935 5366 ‚·
955 5308 1078 5352 non
1111 5290 1391 5351 obstante
1416 5287 1533 5350 hac
1573 5287 1819 5366 litterali
1841 5287 2002 5368 juris
2040 5288 2296 5369 disposi-

740 5387 907 5450 tione
926 5431 943 5459 ‚
977 5385 1074 5467 agi
1105 5383 1318 5466 nequit
1346 5402 1457 5465 pro
1484 5389 1611 5444 tota
1630 5401 1873 5445 sumum
1898 5427 1915 5456 ,
1946 5383 2061 5446 nisi
2086 5383 2293 5446 Credi·

738 5492 833 5546 tor
859 5481 1039 5564 plene
1064 5479 1280 5562 probet
1306 5525 1323 5554 ‚
1353 5478 1709 5541 Debitorem
1736 5477 1923 5558 fuisse
1944 5478 2007 5541 in
2028 5478 2292 5560 doleja-

2418 1421 2622 1485 Sancti
2675 1424 2884 1496 Petri;
2927 1424 3073 1484 item
3123 1429 3368 1503 petunt,
3410 1423 3576 1502 quod
3621 1424 3973 1485 inhibeatur

2419 1536 2837 1598 quaecumque
2858 1516 3242 1591 condonatio,
3274 1536 3384 1578 nec
3407 1536 3529 1577 non
3555 1535 3975 1598 quaecumque

2417 1612 2770 1692 compositio
2822 1631 2963 1674 cum
3012 1611 3393 1673 debitoribus
3448 1612 3808 1693 Legatorum
3839 1657 3858 1684 ,
3913 1620 3975 1674 et

2419 1708 2664 1769 tandem
2697 1752 2714 1780 ,
2744 1714 2814 1768 ut
2852 1707 3126 1768 executio
3156 1705 3385 1768 Indulti
3413 1705 3525 1769 soli
3560 1707 3977 1769 committatur

2416 1800 2729 1883 Episcopo.

2538 1894 2650 1957 His
2683 1894 2985 1957 stantibus
3011 1939 3027 1968 ,
3057 1894 3375 1975 quaeritur
3717 1962 3724 1968 ,

2533 1989 2585 2049 1.
2626 1989 2726 2052 An
2759 1986 2974 2068 Leqata
3008 1989 3332 2050 Missurum
3376 1998 3493 2049 tam
3531 1997 3972 2069 perpetuarum,

2413 2103 2587 2164 quam
2626 2086 2994 2146 manualium
3039 2084 3581 2164 comprehendantur
3607 2085 3675 2142 in
3710 2083 3974 2157 indulto,

2412 2197 2510 2238 seu
2535 2176 2712 2238 Brevi
2724 2222 2742 2250 ‚
2773 2178 2840 2238 de
2862 2196 2972 2257 quo
2991 2180 3190 2257 aqitur
3207 2218 3225 2252 ,
3256 2179 3323 2236 in
3347 2191 3483 2237 casn
3503 2185 3606 2237 etc.

2529 2273 2614 2335 11.
2653 2271 2784 2343 An,
2806 2282 2859 2334 et
2885 2273 2991 2351 qui
3017 2274 3311 2342 terminus,
3346 2273 3505 2332 ultra
3542 2269 3899 2350 designatum
3932 2290 3973 2332 a

2419 2364 2842 2440 Testatur-ibus,
2889 2368 2964 2428 sit
3003 2366 3393 2447 praefiqendm
3437 2362 3834 2433 Haeredilms,
3870 2373 3980 2425 aut

2410 2461 2834 2524 Executom‘bus
2871 2458 3331 2524 Testamentariis
3355 2506 3371 2529 ,
3409 2468 3716 2537 antequam
3751 2455 3979 2537 Leqata

2403 2559 2510 2637 pia
2534 2576 2651 2617 non
2691 2556 3002 2637 adimpleta
3027 2555 3390 2635 applicentur
3426 2551 3727 2634 Hospitali
3761 2550 3978 2633 Expo-

2407 2653 2650 2711 sitorum
2680 2650 2932 2712 Eumae
2954 2693 2970 2719 ‚
3006 2650 3073 2708 in
3104 2667 3243 2710 casn
3265 2657 3369 2708 etc.

2525 2742 2641 2804 111.
2665 2743 2784 2817 An,
2814 2752 2866 2804 et
2885 2743 3161 2822 quomodo
3181 2743 3257 2802 eit
3282 2739 3685 2803 consulendum
3701 2736 3978 2801 Sanctis-

2406 2842 2546 2900 simo
2571 2837 2815 2899 Domino
2840 2836 3054 2902 Nostro
3076 2854 3184 2918 pro
3208 2835 3590 2895 moderatione
3613 2832 3852 2905 Brevis,
3882 2853 3983 2895 seu

2407 2933 2633 2995 Indulti
2656 2980 2671 3003 ,
2708 2933 2776 2992 de
2805 2951 2915 3012 qao
2937 2932 3135 3009 aqitur
3161 2976 3177 2999 ,
3206 2931 3272 2989 in
3296 2947 3435 2990 casu
3464 2938 3567 2988 etc.
4059 2999 4063 3003 ὁ

2525 3027 2695 3088 Tunc
2715 3032 2917 3088 autem
2952 3023 3121 3085 nulla
3151 3022 3269 3084 fuit
3290 3029 3464 3101 capta
3487 3019 3792 3082 resolutio
3822 3068 3840 3092 ,
3877 3020 3990 3097 sed

2415 3121 2529 3183 tuit
2571 3120 2929 3201 rescriptum
2953 3163 2971 3193 ‚
3002 3118 3150 3199 quod
3177 3117 3523 3180 audirentur
3552 3113 3740 3177 Minis
3757 3118 3840 3177 tri
3872 3116 3994 3179 Re«

2407 3219 2674 3278 verendae
2699 3215 2973 3280 Fabricae
2996 3262 3012 3286 ‚
3058 3211 3330 3292 adeoque
3374 3211 3757 3291 reproposita
3786 3212 3990 3275 Causa

2409 3312 2471 3372 in
2522 3309 2999 3393 Congregatione
3055 3307 3267 3370 habita
3318 3304 3417 3368 die
3476 3309 3534 3368 3.
3594 3304 3986 3385 Septembris

2411 3410 2584 3467 1718.
2618 3403 2868 3466 fuerunt
2906 3401 3211 3485 disputata
3251 3398 3441 3462 dub‘ia
3464 3444 3482 3473 ,
3514 3416 3674 3483 quae
3699 3407 3986 3478 sequun-

2408 3508 2530 3561 tur.

2524 3592 2575 3654 1.
2602 3590 2696 3653 An
2723 3591 2936 3671 Leqata
2966 3590 3285 3652 Missamm
3308 3633 3324 3659 ,
3362 3597 3482 3648 tam
3512 3597 3925 3666 perpetuarum
3952 3630 3974 3659 ,

2406 3707 2579 3766 quam
2615 3689 2978 3748 manualium
3005 3683 3550 3770 comprehendantur
3589 3683 3654 3740 in
3685 3679 3929 3748 Indalto
3949 3725 3974 3754 ,

2367 3809 2370 3880 ὲ
2404 3802 2502 3842 een
2528 3782 2703 3842 Brevi
2729 3827 2746 3854 ,
2783 3783 2848 3841 de
2871 3800 2988 3858 qno¹
3009 3782 3208 3857 ayitur
3228 3781 3295 3839 in
3327 3797 3487 3846 caea.-
3516 3784 3578 3837 et
3598 3773 3753 3837 huie
3776 3773 3979 3858 dubio

2405 3893 2758 3957 responsum
2781 3874 2900 3935 fuit
2924 3877 3134 3935 dilata.

2523 3969 2604 4032 11.
2638 3969 2782 4033 Fuit
2806 3967 3178 4050 propositum
3206 3983 3463 4046 sequens
3494 3962 3758 4028 dubium
3787 4009 3810 4036 ,
3844 3983 3927 4027 an
3957 3949 3980 4035 ,⁵

2404 4075 2456 4125 et
2481 4067 2586 4146 qai
2611 4064 2906 4135 terminus,
2936 4063 3098 4122 altra
3117 4061 3469 4138 desiynatam
3493 4077 3532 4119 a
3554 4055 3604 4117 T
3598 4060 3982 4130 estates-ibus,

2367 4207 2368 4210 η
2402 4160 2478 4218 sit
2502 4158 2890 4239 praefigendus
2908 4154 3259 4223 leaeo-edibus,
3287 4161 3393 4214 ant
3410 4148 3856 4216 Emeum-itm
3877 4151 3983 4220 ‚Te-

2402 4252 2787 4315 stamentariis
2807 4273 2829 4318 ,⁰
2851 4260 3160 4327 antequam
3191 4244 3407 4324 Legata
3427 4248 3531 4325 pia
3551 4265 3670 4306 non
3694 4247 3984 4326 adimple,-

2407 4357 2466 4408 ta
2482 4349 2840 4427 applicentur
2868 4342 3165 4422 Hospitali
3190 4341 3577 4419 expositorum
3599 4339 3659 4400 E
3663 4342 3884 4413 lbos-m,
3909 4342 3982 4402 in

2403 4459 2540 4501 casa
2561 4450 2663 4500 etc.
2688 4448 2752 4500 et
2775 4437 2918 4499 huic
2945 4435 3133 4497 dubio
3157 4432 3276 4495 fuit
3302 4450 3662 4512 responsum
3684 4476 3703 4504 ‚
3732 4451 3846 4496 esse
3874 4453 3974 4493 as·-

2403 4534 2744 4612 siqnandum
2767 4534 3074 4592 terminum
3092 4531 3269 4588 trium
3285 4544 3571 4587 annornm
3590 4526 3978 4596 decurrendo-

2402 4648 2534 4688 rum
2556 4648 2596 4689 a
2620 4628 2733 4697 die,
2761 4645 2873 4705 quo
2900 4623 3202 4702 Hospitale
3232 4621 3685 4699 interpellaverit
3708 4619 3982 4690 haeredes

2402 4742 2506 4803 pro
2535 4722 2964 4800 adimplentem
2985 4719 3050 4775 in
3082 4714 3271 4776 Curia
3301 4713 3655 4792 Episcopali.

2520 4816 2633 4879 111.
2674 4814 2816 4875 Fuit
2842 4813 3211 4892 disputatum
3239 4825 3497 4887 sequens
3523 4805 3788 4866 dubium
3817 4849 3838 4877 ,
3865 4825 3974 4876 an,

2402 4923 2454 4973 et
2481 4910 2750 4990 quomodo
2769 4910 2846 4968 eit
2875 4906 3276 4968 muniendum
3308 4901 3686 4964 Sanctissimo
3725 4899 3981 4960 Domino

2405 5006 2614 5068 Nostro
2637 5024 2744 5085 pro
2780 5002 3157 5066 moderatione
3196 4996 3429 5069 Brevis,
3465 5014 3562 5054 seu
3599 4991 3838 5054 Indulti
3859 5041 3878 5065 ,
3908 4994 3980 5055 de

2403 5120 2513 5180 quo
2539 5102 2736 5179 πρίων
2762 5100 2826 5157 in
2853 5115 2990 5158 casn
3011 5117 3034 5163 ,·
3062 5102 3123 5155 et
3146 5091 3292 5154 huic
3329 5087 3518 5150 dubio
3547 5086 3669 5148 fuit
3712 5106 3979 5167 respon-

2401 5213 2577 5257 sum:
2606 5194 2683 5255 ad
2705 5193 2936 5254 tertium
2960 5234 2981 5263 ‚
3023 5187 3203 5250 Breve
3228 5203 3342 5245 non
3367 5180 3830 5262 comprehendere
3868 5180 3978 5242 Le-

2402 5301 2538 5371 9ata
2558 5291 2660 5369 pia
2681 5290 2884 5349 relicta
2906 5286 3071 5348 certis
3095 5281 3346 5362 personis
3374 5325 3392 5348 ,
3425 5286 3478 5339 et
3505 5276 3642 5337 locis
3669 5322 3690 5346 ,
3721 5295 3824 5337 nec
3856 5278 3973 5336 mi-

2401 5405 2512 5446 nus
2545 5383 2762 5463 Leqata
2789 5426 2807 5454 ‚
2851 5399 2956 5461 pro
3001 5378 3202 5457 quibas
3243 5375 3494 5434 obtentae
3534 5369 3778 5446 fuerunt
3806 5414 3824 5439 ‚
3864 5379 3976 5431 aut

2402 5480 2799 5540 obtinebantur
2840 5474 3254 5555 compositiones
3278 5487 3318 5531 a
3343 5462 3670 5528 Reverendo
3713 5461 3977 5527 Fabi-ica
