4393 6299
1715 468 1761 537 Q
1786 469 1829 522 υ
1856 468 1914 521 ιε
1939 469 1972 519 s
2000 468 2049 521 'r
2077 468 2172 521 ro
2222 465 2573 523 cccxxxvi.

485 617 697 682 dur-ern
723 613 771 681 tt
790 617 978 693 Cielo,
1002 641 1030 680 ο
1056 621 1114 682 la
1137 619 1344 691 Terra,
1373 639 1402 682 ο
1422 620 1520 683 cho
1543 621 1780 683 datram
1803 621 1853 681 1·
1869 621 2026 684 Mes-

483 734 541 775 u
561 716 636 777 da
651 716 948 778 celebrum·
965 715 1275 778 all‘Altare
1292 715 1545 777 suddctto
1562 716 1624 775 do·
1647 715 1717 776 S.
1743 714 2030 777 Gioeanni

481 807 890 887 Evanqelista,
936 820 988 870 et
1027 809 1151 871 altu
1195 808 1543 871 Parroccht‘a
1583 811 1644 870 di
1669 808 1738 871 S.
1783 810 2028 873 Michele

483 903 867 983 Archanqelo,
899 906 947 964 il
988 915 1133 965 resto
1166 904 1228 963 di
1273 924 1380 966 osse
1409 903 1592 966 Messe
1637 906 1688 964 si
1725 906 1925 966 celabri
1964 907 2028 968 al

483 990 885 1070 Cataoniam,
910 1000 1220 1065 secondola
1247 1000 1365 1060 mia
1388 1001 1734 1070 intenzione,
1758 1019 1786 1059 e
1812 1002 1899 1060 cio
1923 1020 2025 1080 per

477 1093 750 1154 comoditci
781 1094 843 1152 di
878 1113 997 1153 essa
1037 1113 1204 1174 opem
1218 1094 1318 1154 (del
1346 1090 1741 1163 Catemmcno,
1786 1093 1882 1153 cho
1923 1112 2022 1172 po-

480 1190 572 1245 trd
589 1233 606 1256 ,
635 1206 689 1246 se
715 1192 827 1248 cosi
849 1192 1060 1267 parerci
1085 1208 1124 1248 a
1149 1185 1441 1266 i·Si9nori
1473 1184 1844 1248 Govcrnatori
1869 1189 2022 1248 ‹fes-

476 1299 567 1349 so,
595 1275 967 1361 risparmiare
1002 1283 1060 1344 la
1086 1301 1273 1363 spem,
1303 1282 1400 1343 che
1435 1283 1487 1342 si
1511 1281 1574 1359 [α
1601 1282 1750 1342 ἀίιη
1780 1281 2020 1363 Cappol-

478 1374 628 1435 lanc.

596 1468 812 1530 Factus
837 1477 924 1530 est
953 1468 1131 1530 modo
1154 1486 1326 1531 casus
1344 1513 1361 1542 ,
1391 1469 1683 1550 cessitque
1707 1470 1836 1532 dies
1856 1470 2019 1532 solu·

479 1560 660 1623 tionis
677 1563 853 1644 juxta
883 1563 1040 1645 leges
1064 1581 1100 1625 a
1133 1564 1200 1625 P.
1233 1562 1491 1626 Hectore
1515 1563 1816 1627 Gbislerio
1847 1583 2021 1645 prae-

474 1657 726 1737 scriptas
767 1656 831 1718 in
860 1677 970 1719 suo
1014 1658 1422 1729 Testamento,
1453 1667 1513 1721 et
1536 1658 1843 1730 Praesides
1882 1658 2015 1721 Sac.

476 1750 701 1813 Montis
727 1751 971 1814 Pietatis
997 1754 1334 1828 Bononiae,
1364 1752 1471 1834 qui
1497 1761 1640 1816 sunt
1657 1755 2019 1815 Executores

476 1843 730 1909 ultimae
755 1846 1083 1909 voluntatis
1103 1848 1392 1930 ejusdem,
1419 1848 1714 1928 prompti,
1742 1855 1802 1910 et
1825 1847 2015 1927 parati

474 1946 620 2000 aunt
681 1938 756 2000 ad
813 1940 1326 2021 consignationem
1384 1940 1658 2022 capitalis
1720 1940 2015 2002 librarum

475 2035 655 2093 6000.
700 2041 761 2094 et
799 2052 834 2094 e
872 2041 1079 2096 contra
1125 2034 1571 2097 Gubernator-es
1611 2036 1755 2097 Piae
1791 2036 2020 2096 Domus

473 2123 897 2190 Catecbumeni
920 2128 1135 2191 dicunt
1169 2148 1290 2191 uon
1319 2129 1590 2192 sufficere
1613 2130 2018 2211 consignatio·

470 2236 613 2279 ιιοιιι
650 2219 796 2282 dicti
836 2221 1143 2300 capitalis,
1173 2222 1276 2284 sed
1302 2223 1641 2305 consignari
1674 2223 1893 2285 debere
1918 2243 2016 2286 ca·

471 2311 692 2392 pitale,
717 2334 793 2376 ex
817 2318 991 2397 cujus
1015 2305 1554 2379 reditibus'nedum
1577 2317 1867 2379 celebrari
1893 2337 2020 2398 pos-

468 2406 593 2469 sint
616 2407 861 2488 triginta
883 2410 1099 2472 Missae
1118 2410 1361 2474 relictae
1382 2413 1462 2474 ab
1482 2411 1826 2488 Alexandro
1844 2412 2020 2474 Ghis-

469 2498 623 2561 lerio
641 2549 656 2571 ,
686 2512 747 2564 et
772 2503 933 2565 aliae
954 2504 1171 2565 Missae
1196 2504 1590 2567 celebrandae
1617 2504 1890 2585 qualibet
1921 2505 2022 2567 die

469 2594 717 2657 Sabbati
771 2616 847 2658 ex
897 2597 1286 2678 dispositione
1329 2600 1607 2661 Andreae
1652 2598 1812 2679 Gigli
1840 2644 1858 2672 ,
1913 2598 2018 2662 sed

469 2690 652 2751 etiam
691 2710 810 2753 una
838 2691 1021 2755 ‘Missa
1062 2693 1415 2773 quotidiana
1450 2694 1515 2754 in
1542 2692 1860 2775 cappella,
1893 2694 2020 2756 sive

466 2782 749 2863 Oratorio
773 2785 1000 2847 Domus
1028 2785 1476 2849 Catecbumeni.
1505 2786 1781 2868 Cumque
1807 2787 2020 2850 unani-

467 2876 554 2939 mi
598 2897 924 2953 consensu,
970 2889 1092 2943 tam
1141 2881 1549 2947 praesidentes
1577 2882 1709 2944 Sac.
1760 2869 2014 2958 Montis,

468 2989 656 3051 quam
693 2972 1142 3037 Gubernatores
1183 2983 1548 3038 memoratae
1585 2977 1814 3039 Domus
1846 2977 2017 3039 Cate-

468 3065 750 3128 chumeni
808 3087 1115 3140 recursum
1171 3069 1499 3133 habuerint
1544 3071 1620 3133 ad
1672 3064 1830 3135 bane
1881 3073 2012 3134 Sac-

466 3160 1006 3243 Congregationem
1049 3182 1159 3244 pro
1200 3163 1726 3244 interpretatione,
1757 3175 1818 3227 et
1852 3165 2016 3227 fideli
2053 3153 2057 3159 ⁴

469 3255 824 3317 executione
848 3254 1180 3319 voluntatis
1197 3257 1397 3320 Patris
1407 3257 1687 3366 Hectoris
1707 3258 2017 3333 Gbislerii,

468 3349 819 3428 quaeritur.
1217 3379 1220 3382 ·

584 3443 682 3506 An
706 3447 847 3506 sutis
866 3447 976 3516 sit,
1009 3445 1157 3525 quod
1181 3447 1537 3525 consiqmtur
1564 3448 1808 3527 capitato
1849 3448 2020 3508 libra-

469 3555 601 3598 rum
625 3543 802 3599 6000.
830 3540 918 3600 vel
933 3542 1124 3621 potius
1149 3536 1286 3620 opus
1310 3543 1424 3614 sit,
1451 3546 1518 3601 ut
1536 3543 1898 3620 comiqnetur
1921 3561 2018 3602 ca-

459 3632 670 3711 pitale,
700 3651 776 3693 ex
794 3633 954 3712 cujus
980 3634 1254 3693 reditibus
1274 3634 1480 3694 nedum
1501 3635 1774 3695 celebr-‘ari
1794 3635 2020 3699 valeam

464 3729 566 3787 30.
600 3725 818 3789 Mimo
864 3729 1094 3790 relictae
1133 3729 1205 3790 ab
1234 3727 1569 3790 Alexandro
1609 3727 1924 3800 Gnidon-io,
1968 3739 2020 3789 et

465 3819 655 3882 Missa
679 3822 1012 3883 cakbranda
1039 3824 1289 3909 qualibet
1332 3825 1423 3884 die
1450 3820 1691 3885 sabbati
1732 3843 1806 3884 0oe
1831 3823 2018 3903 dispo·

464 3914 668 3974 sitione
712 3913 959 3975 Joannis
1001 3914 1265 3977 Andreae
1303 3913 1506 3995 qult',
1553 3917 1646 3979 sed
1690 3919 1862 3978 etiam
1898 3933 2019 3979 una

467 4004 659 4069 Missa
688 4009 1028 4086 quotidiana
1049 4012 1321 4091 perpetua
1346 4014 1409 4071 in
1438 4009 1718 4110 Cuppclla
1739 4010 1883 4074 Piae
1901 4009 2018 4072 Do·

467 4117 594 4160 mus
625 4097 1055 4220 catechumeni,
1084 4105 1150 4163 in
1179 4120 1314 4171 casu
1339 4114 1464 4165 etc.
1592 4145 1593 4149 =

479 4306 483 4314 ·
578 4289 732 4341 Sacra
755 4240 959 4360 Congr-
970 4290 1236 4360 Δἰἰιςιιοιιάἰ
1243 4302 1289 4344 tx

647 4375 810 4444 Affir
808 4377 948 4430 mati
947 4396 1007 4430 νε
1032 4378 1110 4430 ad
1134 4380 1374 4449 primam
1414 4371 1571 4436 dubii
1548 4396 1830 4453 aparte-m,
1859 4395 1913 4436 ει
1934 4394 2021 4435 na·

457 4462 640 4533 sative
663 4463 743 4517 ad
758 4463 1084 4531 secundam,
1111 4478 1165 4519 ee
1189 4467 1461 4538 amplius
1798 4494 1802 4499 .

475 4608 478 4611 “
684 4682 685 4685 ¹
817 4587 1191 4732 ommno
1218 4599 1684 4799 cassam.

474 4798 482 4806 υ
543 4846 684 4914 In
708 4865 884 4911 causa
909 4846 1167 4911 Lucane
1178 4801 1612 4930 cappellanus,
1622 4847 1740 4910 die
1769 4795 1865 4910 ts.

486 4965 509 4973 ·’
874 4975 878 4993 2
963 4939 1307 5094 Septembris
1340 4947 1514 5004 1712.
1574 4977 1579 4982 ·
1772 4997 1777 5009 ,
1909 4944 1943 4973 ’-

463 5049 638 5190 lauh!
583 5127 833 5202 ultimo,
850 5132 1008 5192 cum
1035 5147 1158 5209 quo
1179 5128 1478 5204 decessit
1473 5067 1874 5192 ⁴'l'estameuto
1898 5128 2014 5193 Ca-

462 5223 629 5284 rolus
655 5223 950 5287 Boutilius
980 5224 1195 5306 jussit,
1243 5233 1308 5285 ut
1334 5223 1658 5287 Ecclesiola
1684 5225 2015 5287 fabricare·-

461 5323 564 5377 tur
590 5316 653 5378 in
675 5337 783 5380 sua
805 5317 968 5382 Villa
993 5320 1054 5380 S.
1085 5318 1386 5381 Pancratii
1411 5339 1607 5404 prope-
1628 5317 1789 5398 viam
1811 5318 2012 5399 publi-

463 5427 597 5474 cam
620 5454 641 5486 ,
687 5420 750 5473 et
795 5412 960 5493 qaod
1006 5413 1074 5476 in
1123 5413 1332 5478 eadem
1359 5404 1782 5477 celebraretur
1831 5412 2014 5489 Missa

3379 470 3486 525 8⁷⁸

2131 619 2482 699 quotidiana
2527 638 2635 701 pro
2663 638 2759 694 se,
2788 627 2846 682 et
2878 620 3033 694 suis,
3069 629 3128 701 et
3160 622 3322 705 quod
3368 623 3432 684 iu
3460 623 3669 687 eadem

2133 712 2304 774 fieret
2329 712 2545 774 festum
2570 713 2631 774 S.
2646 715 2901 787 Annae,
2925 715 3000 775 ad
3027 716 3190 794 quod
3209 716 3548 799 Presbyteri
3575 717 3671 777 in-

2132 805 2504 879 vitarentur,
2535 806 2639 886 qui
2675 806 2897 888 pariter
2938 807 3094 869 dicta
3126 808 3223 868 die
3251 808 3492 871 Missam
3516 807 3673 873 cele*

2133 900 2411 972 brarent,
2450 909 2508 961 et
2534 900 2906 981 applicarent
2932 901 3018 962 uti
3046 920 3248 981 supra.

2247 993 2609 1058 Executores
2637 994 3088 1056 Testamentarii
3130 996 3419 1075 Episcopo
3445 996 3675 1077 suppli·

2128 1097 2344 1149 carunt
2383 1106 2494 1168 pro
2537 1088 2817 1150 facultate
2865 1088 3197 1150 fabricandi
3248 1089 3674 1165 Ecclesiolam,

2129 1199 2321 1260 eoque
2342 1192 2631 1244 renuente
2648 1200 2952 1245 assensum
2978 1191 3308 1263 praestare,
3333 1184 3447 1245 uisi
3470 1184 3677 1246 audito

2131 1273 2433 1348 Parecbo,
2481 1294 2756 1337 recursus
2804 1275 3048 1337 habitus
3094 1286 3181 1338 est
3232 1278 3305 1338 ad
3344 1277 3499 1340 hanc
3539 1278 3671 1340 Sac-

2128 1369 2658 1451 Congregationem
2681 1420 2698 1443 ,
2729 1389 2886 1453 quae
2908 1371 3210 1453 jussitfut
3234 1372 3560 1453 Episcopus
3581 1373 3677 1433 in-

2129 1463 2450 1538 formaret,
2479 1475 2541 1538 et
2562 1485 2739 1526 suum
2769 1484 3007 1527 sensum
3037 1465 3316 1546 aperiret.

2246 1559 2577 1640 Episcopus
2605 1561 2902 1622 mandatis
2924 1560 3155 1639 paruit,
3188 1579 3447 1640 cumque
3467 1560 3531 1621 in
3554 1558 3679 1622 suis

2129 1650 2345 1713 litteris
2370 1654 2606 1734 scriptis
2646 1656 2735 1715 die
2764 1658 2857 1715 16.
2893 1654 3067 1716 Iunii
3099 1659 3271 1716 1720.
3306 1654 3582 1725 dixisset,
3615 1672 3679 1716 se

2131 1747 2465 1809 Parochum
2510 1749 2846 1823 audivisse,
2894 1760 2954 1812 et
2992 1750 3215 1812 idcirco
3256 1770 3319 1812 se
3348 1770 3468 1811 non
3511 1768 3679 1830 posse

2127 1839 2433 1915 absolute,
2469 1852 2529 1904 et
2565 1842 2914 1923 simpliciter
2956 1862 3225 1905 annuere
3269 1843 3574 1922 petitioni,
3603 1862 3681 1904 ex

2125 1950 2250 2011 quo
2296 1934 2713 1996 accedentibus
2749 1935 3004 1996 rusticis
3026 1935 3103 1997 ad
3155 1935 3522 1997 audiendum
3568 1936 3678 1998 Sa·

2125 2045 2297 2087 crum
2340 2028 2404 2089 in
2438 2028 2782 2110 hujusmodi
2823 2014 3191 2103 Ecclesiolis,
3227 2038 3287 2091 et
3330 2030 3679 2109 praesertim

2127 2118 2351 2182 diebus
2386 2120 2645 2196 festivis,
2687 2142 2808 2185 non
2851 2123 3101 2185 audiant
3134 2122 3313 2184 iidem
3342 2143 3376 2185 a
3413 2123 3682 2184 Parocbo

2126 2214 2418 2278 salutaria
2447 2218 2662 2289 verba,
2695 2236 2804 2279 nec
2827 2219 2908 2280 ab
2935 2236 3006 2279 eo
3032 2216 3408 2280 instruantur
3434 2218 3511 2278 de
3549 2215 3676 2292 bis,

2126 2327 2285 2388 quae
2311 2309 2461 2371 scire
2478 2310 2762 2372 omnibus
2787 2321 2876 2373 est
2899 2312 3297 2374 necessarium
3315 2357 3331 2383 ,
3348 2313 3529 2390 juata
3548 2331 3673 2392 cap.

2131 2407 2190 2462 2.
2242 2422 2372 2463 sess.
2417 2408 2476 2464 5.
2525 2407 2591 2465 de
2636 2406 2863 2483 reform.
2900 2404 3342 2475 concludendO,
3372 2404 3487 2467 ‘vel
3527 2424 3682 2466 onus

2128 2495 2348 2560 Missae
2380 2497 2768 2576 quotidianae
2798 2517 2833 2559 a
2859 2491 3071 2559 Carolo
3099 2497 3356 2558 Bonfilio
3377 2497 3677 2569 relictum,

2126 2609 2253 2652 esse
2284 2592 2866 2661 transferentlumad
2892 2592 3211 2653 Ecclesiam
3244 2591 3677 2666 parochialem,

2133 2684 2231 2753 vel
2266 2686 2551 2765 permissa
2574 2685 2836 2748 Oratorii
2852 2732 2869 2759 ,
2895 2705 2999 2749 seu
3025 2685 3385 2748 Ecclesiolae
3408 2696 3681 2750 constru-

2124 2778 2354 2851 ctione,
2384 2799 2509 2841 rem
2536 2781 2623 2842 sic
2642 2782 2916 2861 componi
2947 2800 3144 2862 posse,
3177 2791 3244 2842 ut
3268 2782 3482 2843 diebus
3506 2773 3685 2844 'feria-

2131 2872 2294 2936 libus
2325 2875 2501 2937 Missa
2535 2875 2596 2936 in
2628 2875 2939 2950 Oratorio,
2981 2884 3040 2938 et
3065 2877 3277 2938 diebus
3320 2876 3679 2949 Dominicis,

2122 2978 2184 3030 et
2235 2965 2462 3036 festivis
2499 2971 2574 3032 de
2603 2982 2919 3051 praecepto
2954 2971 3016 3058 in
3057 2970 3390 3033 Parocbiali
3420 2969 3682 3033 Ecclesia

2125 3063 2560 3137 celebraretur,
2583 3067 2936 3145 rescriptum
2963 3066 3077 3126 fuit
3098 3067 3187 3126 die
3211 3071 3305 3125 13.
3326 3055 3677 3127 ,11ιὶἰὶ1720

2133 3180 2245 3241 pro
2274 3178 2427 3221 nova
2461 3159 2915 3230 informatione,
2948 3161 3143 3238 primo
3177 3174 3355 3239 super
3398 3158 3682 3220 distantia

2136 3254 2464 3318 Parochiae
2488 3274 2525 3317 a
2552 3272 2711 3315 novo
2736 3253 3051 3325 oratorio,
3074 3253 3334 3314 secundo
3359 3272 3539 3333 super
3563 3272 3679 3314 nu

2132 3368 2300 3410 mero
2343 3349 2698 3423 Missamm,
2739 3366 2897 3428 quae
2930 3347 2993 3408 in
3041 3332 3375 3409 Parochiali
3419 3347 3682 3419 Ecclesia

2135 3442 2554 3513 celebrantur,
2586 3441 2763 3502 tertio
2788 3459 2969 3520 super
3001 3459 3254 3501 numero
3281 3439 3684 3502 parochiano-

2131 3554 2309 3608 rum,
2334 3544 2395 3596 et
2414 3545 2664 3614 quarto
2688 3554 2766 3596 an
2796 3533 2985 3614 aliqui
3006 3553 3080 3596 ex
3102 3532 3488 3597 parochianis
3505 3533 3683 3614 louge

2136 3630 2358 3692 distent
2388 3649 2422 3691 a
2454 3648 2561 3690 sua
2590 3628 2901 3692 Parochia.

2258 3725 2347 3785 ln
2371 3715 2576 3805 hujus
2587 3721 2859 3785 mandati
2883 3722 3325 3807 executionem,
3368 3743 3503 3784 cum
3534 3723 3681 3802 Epi

2131 3836 2346 3897 scopus
2364 3816 2435 3877 in
2481 3818 2605 3879 suis
2641 3817 2857 3878 litteris
2885 3819 2986 3878 die
3016 3822 3109 3878 10.
3143 3799 3472 3892 Novembris
3504 3820 3678 3878 17.20

2130 3911 2536 3992 rescripserit,
2584 3911 2812 3991 primo,
2851 3911 3012 3990 quod
3058 3909 3222 3972 locus
3240 3909 3513 3974 Oratorii
3557 3910 3680 3970 eri-

2128 4009 2306 4089 gendi
2336 4006 2517 4067 distat
2538 4005 2618 4068 ab
2649 4005 2909 4069 Ecclesia
2934 4003 3267 4077 Parocbiali
3292 4023 3397 4084 per
3421 4007 3679 4085 spatium

2128 4110 2385 4181 quartae
2407 4099 2594 4180 partis
2612 4092 2849 4161 circiter
2869 4099 3049 4160 unius
3068 4097 3370 4170 milliarii,
3393 4099 3674 4172 secundo,

2103 4195 2295 4276 ,quod
2344 4195 2410 4255 in
2453 4194 2715 4263 Ecclesia
2764 4192 3120 4255 Parecbiali-
3149 4193 3304 4254 duae
3343 4193 3562 4254 Missae
3603 4194 3680 4254 de

2128 4297 2445 4375 praecepto
2472 4286 2933 4363 celebrabantur
2974 4286 3187 4346 diebus
3218 4283 3387 4346 festis
3408 4285 3488 4347 de
3511 4303 3684 4366 praea-

2125 4391 2329 4461 cepto,
2358 4381 2644 4461 quodque
2674 4381 2921 4442 caeteris
2947 4376 3159 4441 diebhs
3192 4379 3361 4441 nulla
3389 4381 3554 4440 adest
3580 4398 3676 4441 ce·

2130 4475 2408 4539 lebrandi
2433 4475 2752 4557 obligatio,
2778 4473 2915 4537 licet
2938 4492 3221 4555 persaepe
3247 4473 3551 4534 Parocbus
3575 4492 3683 4552 pro

2129 4587 2242 4636 auo
2269 4570 2526 4632 arbitrio
2555 4570 2615 4630 id
2646 4569 2855 4642 faciat,
2892 4569 3099 4638 tertio,
3133 4566 3295 4646 quod
3326 4566 3681 4627 parochiani

2123 4668 2438 4729 sunt.270.,
2464 4671 2523 4725 et
2544 4672 2794 4743 quarto,
2825 4660 2987 4741 quod
3014 4661 3241 4722 Domus
3264 4659 3455 4740 magis
3482 4678 3679 4721 remo-

2127 4766 2224 4819 tae
2268 4758 2364 4819 ab.
2398 4756 2659 4818 Ecclesia
2688 4753 3025 4817 Parocbiali
3062 4754 3289 4815 distant
3334 4755 3416 4834 ab
3457 4772 3527 4815 ea
3574 4773 3681 4833 per

2125 4851 2387 4929 spatium
2416 4849 2705 4911 dimidiae
2723 4848 2908 4929 partis
2935 4846 3205 4910 milliarii
3240 4866 3449 4907 versus
3469 4847 3681 4910 Orien·

2124 4953 2279 5015 tem,
2308 4953 2369 5006 et
2409 4963 2530 5021 per.
2548 4952 2826 5021 quartam
2871 4950 3099 5019 partem
3141 4960 3351 5002 versus
3390 4940 3680 5004 Occiden-

2049 5087 2056 5096 .
2121 5039 2238 5099 tem
2260 5085 2274 5107 ,
2310 5058 2430 5115 quo
2464 5039 2522 5095 in
2563 5037 2686 5097 loco
2719 5037 3035 5097 Ecclesictsla
3065 5045 3211 5093 esset
3242 5037 3673 5109 construenda,

2124 5130 2188 5193 in
2222 5134 2690 5212 Congrcgationc
2719 5134 2919 5192 habita
2953 5136 3037 5190 die
3067 5138 3123 5188 T.
3163 5129 3475 5190 [scombris
3500 5135 3671 5192 ¹720.

2122 5228 2480 5304 rescriptum
2523 5226 2643 5285 fuit
2681 5246 2790 5304 pro
2828 5224 3111 5285 facultate
3145 5223 3532 5283 construendi
3564 5223 3675 5284 Eo·

2120 5316 2362 5379 clesiam
2380 5365 2397 5389 ,
2425 5326 2498 5379 et'
2516 5309 2580 5378 in
2605 5336 2677 5378 ea
2705 5316 3046 5378 celebrandi
3071 5315 3316 5376 Missam
3347 5314 3562 5378 dicbus
3587 5315 3674 5377 fe·

2120 5410 2413 5489 statibus,
2444 5412 2529 5476 ita
2571 5419 2805 5486 umen,
2847 5419 2916 5473 ut
2942 5408 3124 5473 Missa
3166 5408 3380 5470 diebus
3410 5407 3574 5470 festis
3603 5408 3679 5470 de
