4393 6299
1661 536 2127 603 QUAESTIO
2187 535 2301 593 xu.
3327 540 3391 591 13

400 692 521 755 fieri
548 691 799 755 deberet
828 689 1027 772 quoad
1056 691 1582 771 Metropolitanum
1608 691 1933 754 Ecclesiam
2044 706 2190 769 prae
2219 688 2397 763 nivis,
2426 696 2486 752 et
2516 690 2653 773 gelu
2682 689 3112 772 impedimento
3140 694 3336 755 accedi
3371 702 3581 775 potest,

393 787 897 859 Avenionensem;
925 805 1060 847 cum
1081 785 1496 864 praecedentes
1523 787 1936 867 Arcbiepisco-

391 901 603 962 porum
636 880 1149 943 Avenionensium
1189 881 1562 944 visitationes
1604 882 1934 962 quadrien-

388 974 555 1037 nales
583 976 729 1048 sint,
760 983 821 1037 et
847 981 1180 1055 postremae
1211 974 1333 1036 sint
1361 975 1685 1037 triennales
1711 1023 1725 1045 ,
1759 975 1933 1038 sicuti

386 1068 758 1130 secretarius
780 1067 964 1129 refert
994 1068 1058 1129 in
1080 1068 1261 1130 Sacra
1292 1068 1785 1150 Congregatione.

504 1162 618 1222 His
639 1171 842 1223 autem
870 1161 1078 1242 positis
1102 1210 1117 1233 ,
1149 1162 1463 1243 quaeritur

501 1257 599 1316 An
630 1256 944 1338 Episcopus
989 1254 1541 1337 carpentoractensis
1571 1266 1827 1318 teneatur
1859 1257 1936 1317 ad

386 1349 704 1412 Sacrorum
750 1350 1043 1411 liminum
1080 1354 1458 1412 visitationem
1491 1352 1556 1411 dc
1601 1354 1846 1411 triennio
1871 1354 1935 1411 in

384 1447 699 1505 triennium
719 1493 738 1517 ,
770 1447 858 1506 rcl
885 1446 951 1506 dc
977 1447 1351 1525 quadriennio
1376 1448 1442 1505 in
1467 1446 1928 1523 quadriennium.

487 1636 630 1687 Sacr.
659 1636 858 1705 congr.
889 1634 1167 1704 respondit
1192 1672 1207 1700 ,

567 1725 770 1778 Teucri
794 1725 862 1776 de
885 1725 1250 1794 quadriennio
1277 1724 1334 1777 in
1363 1723 1799 1793 quadriennium.

875 1965 1235 2043 QUAESTIO
1265 1966 1439 2028 XIII.

522 2182 596 2244 111
632 2183 827 2248 Causa
857 2182 1112 2266 Gurqcn.
1147 2188 1237 2248 dic
1270 2192 1366 2249 19.
1398 2186 1561 2248 Febr.
1603 2190 1778 2248 ¹718.

384 2311 674 2434 Sacrum
687 2371 1025 2435 Concilium
1039 2373 1461 2437 Tridentinum
1487 2376 1779 2456 permittit
1792 2376 1931 2456 Epi-

377 2464 572 2544 scopis
595 2512 613 2535 ,
643 2473 715 2527 ut
743 2466 1003 2549 singulis
1032 2467 1210 2530 annis
1243 2469 1449 2530 abesse
1474 2469 1704 2549 possint
1732 2488 1767 2530 a
1806 2469 1930 2531 suis

376 2558 764 2622 Dioecesibus
783 2561 1040 2635 duobus,
1063 2572 1170 2624 aut
1192 2563 1388 2624 tribus
1410 2563 1736 2636 mensibu5‚
1760 2564 1932 2625 dum·

378 2652 562 2715 modo
597 2654 659 2715 id
702 2674 776 2716 ex
811 2674 1007 2737 aequa
1033 2676 1214 2719 causa
1247 2657 1354 2719 fiat
1377 2703 1393 2730 ‚
1442 2665 1504 2718 et
1541 2658 1927 2738 absque-uno

376 2746 593 2827 Gregis
637 2748 997 2812 detrimento
1018 2796 1036 2824 ,
1076 2758 1136 2813 et
1161 2752 1490 2814 dummodo
1516 2772 1553 2813 a
1583 2751 1927 2816 Cathedrali

374 2859 500 2902 non
531 2843 735 2905 absint
764 2845 1232 2908 solemnioribus
1276 2847 1640 2927 quibusdam
1670 2848 1883 2909 diebus
1909 2895 1925 2922 ,

375 2934 463 2996 ibi
501 2938 870 3000 enumeratis
897 2987 912 3009 ,
948 2947 1011 3001 et
1030 2960 1066 3002 a
1088 2940 1338 3001 Summo
1362 2942 1652 3005 Pontifice
1684 2943 1927 3004 Urbano

373 3031 548 3092 vm.
595 3031 657 3092 in
698 3051 881 3112 supra
925 3043 1253 3098 memorata
1303 3036 1740 3100 Constitutione
1787 3045 1920 3100 190.

373 3144 612 3189 menses
632 3127 695 3189 111
733 3128 1098 3192 Conciliares
1129 3151 1249 3192 non
1286 3131 1534 3195 fuerunt
1564 3134 1784 3197 sublati
1814 3181 1829 3207 ,
1859 3142 1930 3197 ut

374 3221 539 3284 idem
585 3222 870 3286 Summus
915 3224 1192 3287 Pontifex
1234 3227 1579 3291 declaravit.
1622 3229 1773 3291 Teste
1813 3230 1926 3292 Fa-

370 3334 553 3394 911311.
602 3319 669 3377 in
710 3338 836 3398 cap.
873 3338 996 3381 cam
1029 3330 1079 3381 tc
1103 3339 1263 3381 num.
1295 3326 1399 3382 21.
1426 3334 1478 3382 et
1502 3327 1601 3385 22.
1631 3325 1699 3385 dc
1723 3327 1926 3385 rcscri-

367 3413 521 3491 ptis,
559 3421 611 3472 ct
653 3415 718 3471 in
760 3432 884 3492 cap.
932 3413 1201 3490 Qualiter
1240 3436 1400 3477 num.
1439 3422 1536 3480 25.
1584 3420 1649 3479 dc
1690 3418 1927 3481 Cla-icis

371 3523 490 3564 11011
514 3507 687 3566 resid.
725 3505 962 3588 fuitque
992 3511 1072 3570 ab
1102 3509 1217 3572 1130
1244 3511 1425 3573 Sacra
1456 3512 1930 3594 Congregatione

371 3598 708 3661 admissum
740 3612 883 3664 tunc
906 3623 1045 3665 cum
1076 3606 1272 3685 primo
1295 3616 1495 3668 coacta
1529 3607 1663 3678 fuit,
1696 3609 1793 3669 die
1813 3608 1918 3670 sci-

374 3691 517 3754 licet
539 3699 638 3756 28.
670 3696 871 3758 Martii
905 3704 1079 3760 1635.
1108 3702 1415 3763 occasione
1439 3701 1664 3764 ludulti
1689 3721 1925 3765 conces-

370 3786 424 3848 si
454 3788 749 3870 Episcopo
771 3792 1069 3855 Casalensi
1099 3815 1218 3856 non
1243 3796 1541 3858 residendi
1565 3815 1670 3876 per
1696 3805 1927 3877 tempus

373 3879 842 3944 determinatum
874 3885 937 3945 in
968 3906 1078 3947 sua
1106 3888 1388 3950 Ecclesia.

492 3974 875 4041 Cohaerenter
904 3980 983 4041 ad
1011 3981 1156 4042 baec
1183 4002 1217 4043 a
1252 3983 1475 4063 Jacopo
1506 3982 1924 4044 Maximiliano

374 4067 675 4150 Episcopo
705 4072 981 4134 Civitatis
1022 4074 1226 4136 Gurck
1269 4077 1470 4137 Norici
1503 4077 1566 4136 in
1611 4076 1922 4139 Carinthia

370 4162 597 4242 petitur
623 4210 643 4238 ‚
685 4175 756 4226 ut
796 4167 913 4228 sibi
945 4168 1224 4231 babitare
1267 4170 1649 4250 permittatur
1687 4180 1923 4251 praeter

371 4263 497 4317 tres
526 4276 759 4319 meuses
793 4260 1158 4324 Conciliares
1182 4309 1199 4336 ,
1231 4262 1368 4324 aliis
1398 4265 1591 4325 tribus
1620 4265 1924 4325 mensibus

370 4349 439 4410 111
468 4352 728 4430 quodam
761 4354 991 4417 Palatio
1018 4376 1054 4418 a
1085 4377 1149 4419 se
1180 4378 1317 4420 cum
1338 4358 1476 4419 aliis
1494 4358 1681 4419 Bonis
1697 4366 1918 4438 empto,

369 4444 536 4523 quod
578 4445 799 4509 dicitur
843 4449 1238 4533 Maycrhoffen
1266 4498 1282 4525 ,
1325 4453 1610 4532 quodque
1646 4461 1736 4514 est
1777 4472 1921 4515 suae

370 4536 638 4600 Dioecesi
669 4544 1137 4618 conterminum,
1175 4547 1313 4608 licet
1339 4547 1521 4607 situm
1549 4548 1627 4608 sit
1653 4547 1717 4607 in
1740 4546 1918 4610 Dioe-

368 4632 488 4692 cesi
511 4634 955 4719 Arcbiepiscopi
988 4639 1480 4722 salisburgensis

493 4725 568 4787 Ut
597 4739 798 4790 autem
828 4731 1148 4796 instantiae
1181 4736 1394 4797 merito
1423 4736 1872 4816 perpendantur
1896 4783 1913 4810 ,

368 4827 592 4896 operae
614 4824 874 4902 pretium
900 4835 1012 4901 est,
1038 4829 1330 4891 nonnulla
1353 4830 1428 4890 de
1449 4829 1757 4890 ordinario
1778 4830 1917 4909 Epi·

368 4921 687 4991 scoporum
704 4919 1108 5000 ,Gurgentium
1133 4923 1488 4985 residentiae
1512 4922 1661 4996 loco,
1685 4931 1914 4983 6111011-

2042 792 2101 845 et
2145 785 2308 864 quod
2356 786 2582 849 aestivo
2611 794 2878 866 tempore
2924 795 3119 848 tutum
3144 836 3161 859 ,
3206 796 3267 849 et
3304 808 3583 852 securum

2043 895 2164 937 non
2192 885 2281 939 est
2308 888 2552 959 propter
2581 879 2824 962 fulgura
2851 927 2867 954 ‚
2903 891 2963 943 et
2995 890 3387 963 tempestates.
3421 884 3586 947 Haec

2040 970 2250 1033 eadem
2278 974 2458 1035 etiarn
2492 974 2813 1038 residentia
2844 976 3024 1038 distat
3064 978 3142 1039 ab
3183 977 3441 1042 Ecclesia
3470 982 3585 1043 Ca-

2040 1063 2298 1127 thedrali
2335 1087 2443 1147 per
2483 1068 2598 1129 iter
2628 1068 2808 1131 unius
2836 1069 3023 1132 horae
3050 1117 3065 1143 ,
3096 1080 3155 1132 et
3184 1073 3263 1133 ab
3296 1073 3584 1137 aediliciis

2040 1156 2185 1219 ferri
2215 1204 2232 1232 ,
2277 1169 2336 1222 et
2370 1161 2754 1225 mincralium
2779 1211 2796 1238 ,
2834 1185 2909 1226 ex
2955 1165 3178 1245 quibus
3204 1167 3584 1248 Episcopales

2042 1252 2268 1314 reditus
2293 1257 2652 1337 exiguntur,
2681 1277 2789 1339 per
2816 1259 2929 1320 iter
2962 1259 3145 1321 trium
3176 1261 3485 1323 horarum.

2157 1348 2360 1411 Novus
2379 1371 2521 1414 vero
2549 1399 2565 1425 ‚
2599 1361 2657 1414 et
2684 1353 3200 1416 extraordinarius
3228 1356 3584 1419 residentiae

2041 1439 2207 1503 locus
2225 1443 2374 1505 situs
2392 1454 2479 1506 est
2498 1447 2559 1506 in
2581 1447 2709 1508 loco
2731 1447 2887 1509 aeris
2909 1448 3331 1510 clementioris.
3354 1451 3586 1512 Adhae-

2040 1546 2131 1599 ret
2158 1538 2264 1599 ille
2289 1540 2578 1604 aedificiis
2605 1542 2749 1604 ferri
2774 1588 2791 1615 ,
2821 1552 2881 1605 et
2907 1543 3298 1605 mineralium
3318 1590 3334 1616 ‚
3364 1564 3475 1606 1160
3496 1545 3585 1606 di-

2038 1638 2190 1703 stat,
2231 1632 2345 1693 nisi
2378 1654 2484 1713 per
2522 1636 2711 1697 trium
2752 1636 3043 1701 horarum
3072 1636 3332 1716 spatium
3360 1638 3440 1700 ab
3468 1639 3583 1700 Ec-

2039 1724 2217 1788 clesia
2253 1727 2594 1791 Cathedrali
2625 1738 2685 1792 et
2708 1739 2796 1793 est
2818 1731 3065 1811 propior
3096 1731 3377 1793 Ecclesiis
3394 1733 3583 1794 Pare-

2037 1820 2366 1894 chialibus,
2414 1824 2706 1905 Episcopo
2732 1826 3015 1909 subjectis
3042 1871 3058 1901 ‚
3086 1834 3146 1888 et
3171 1827 3308 1888 aliis
3343 1846 3583 1889 mensae

2039 1915 2411 1997 Episcopalis
2445 1919 2786 1981 praesidiis.

2155 2012 2251 2073 Ab
2271 2013 2383 2074 hac
2407 2022 2606 2076 autem
2633 2035 2824 2078 novae
2848 2015 3206 2079 residentiae
3230 2016 3577 2091 situatione‚

2038 2104 2223 2168 infert
2250 2106 2510 2180 Orator,
2547 2128 2812 2189 aequum
2854 2129 2979 2172 esse
3001 2156 3019 2184 ,
3051 2119 3120 2173 ut
3161 2111 3278 2172 sibi
3327 2112 3580 2174 facultas

2037 2197 2425 2281 indulgeatur
2448 2246 2465 2275 ,
2511 2202 2573 2262 in
2603 2223 2671 2264 ea
2705 2203 2990 2264 manendi
3035 2204 3232 2265 tribus
3274 2206 3582 2267 mensibus

2033 2291 2326 2364 hibernis,
2357 2303 2415 2356 et
2450 2296 2643 2357 tribus
2671 2298 2976 2358 mensibus
3013 2299 3255 2361 aestivis
3280 2342 3295 2359 .
3332 2300 3537 2361 Primo
3560 2349 3577 2371 ,

2036 2388 2179 2465 quia
2202 2389 2275 2448 ad
2302 2389 2463 2451 hunc
2485 2390 2680 2451 locum
2706 2391 2939 2453 facilior
2957 2393 3074 2454 erit
3091 2393 3472 2455 subditorum
3492 2413 3586 2456 ao-

2034 2498 2253 2553 cessus;
2270 2480 2563 2556 Secundo,
2583 2484 2727 2563 quia
2744 2484 2996 2546 feliciori
3023 2485 3259 2547 fruetur
3283 2485 3582 2549 valetudi-

2035 2591 2112 2633 ne
2133 2583 2377 2655 propter
2412 2577 2569 2639 aeris
2601 2579 2945 2658 temperiem
2970 2580 3017 2640 si
3050 2580 3112 2641 in
3140 2581 3299 2643 dicto
3339 2580 3468 2643 loco
3495 2581 3585 2643 di-

2034 2675 2128 2729 cto
2160 2678 2426 2751 tempore
2453 2672 2566 2734 sibi
2603 2673 2876 2735 babitare
2900 2674 3309 2754 permittatur:
3335 2677 3538 2738 Tertio
3562 2726 3577 2749 ,

2034 2762 2179 2842 quia
2198 2765 2442 2846 propior
2458 2767 2573 2829 erit
2587 2766 2896 2840 aedificiis,
2909 2768 3277 2851 caeterisque
3286 2770 3583 2834 Ecclesiae

2040 2858 2228 2920 Bonis
2248 2906 2264 2933 ,
2292 2879 2553 2941 quorum
2588 2862 2860 2923 omnium
2884 2882 3030 2925 cura
3052 2863 3398 2945 diligentior
3421 2864 3585 2928 bisce

2037 2955 2409 3034 temporibus
2435 2966 2525 3019 est
2551 2957 2880 3019 necessaria
2898 3004 2914 3030 ‚
2944 2957 3169 3038 quibus
3195 2959 3586 3038 gravissimae

2033 3050 2366 3133 exiguntur
2387 3052 2900 3126 contributiones3
2929 3053 3163 3126 Quarto
3186 3097 3202 3124 ,
3233 3053 3379 3131 quia
3408 3052 3580 3115 sacil-

2034 3141 2207 3205 lime‘l
2236 3165 2344 3225 pro
2369 3146 2663 3208 obeundis
2678 3138 3100 3208 Ecclesiasticis
3122 3146 3576 3209 Functionibus.

2153 3239 2397 3301 Praeter
2417 3239 2564 3302 haec
2591 3239 2759 3301 addit
2778 3239 2936 3300 idem
2956 3239 3177 3300 Orator
3195 3240 3581 3302 circumstan-

2041 3330 2153 3392 tias
2180 3332 2371 3405 Facti,
2400 3343 2457 3396 et
2480 3334 2511 3394 J
2520 3334 2668 3406 uris;
2702 3340 2951 3395 testatur
2972 3332 3135 3394 enim
3158 3353 3222 3394 se
3241 3333 3464 3395 habere
3491 3334 3582 3395 in·

2038 3426 2366 3489 tentionem
2394 3427 2776 3508 relinquendi
2807 3426 3106 3488 Ecclesiae
3132 3446 3241 3506 pro
3269 3429 3581 3489 commodo

2038 3538 2288 3582 suorum
2319 3523 2383 3583 in
2403 3522 2762 3603 Episcopatu
2785 3522 3227 3595 Successorum,
3252 3521 3575 3597 Palatium,

2033 3621 2094 3675 et
2135 3616 2257 3677 alia
2289 3618 2454 3679 Bona
2480 3665 2498 3688 ,
2540 3636 2698 3697 quae
2730 3616 3014 3678 dicuntur
3053 3615 3447 3697 Maycrhoffen
3474 3665 3487 3685 ,
3522 3624 3583 3678 et

2037 3709 2355 3787 profitetur
2382 3730 2445 3772 se
2467 3756 2483 3783 ,
2513 3720 2578 3772 ut
2617 3718 2775 3772 sarta
2815 3719 2965 3771 tecta
3009 3720 3401 3790 permaneant
3426 3709 3578 3772 Jura

2034 3803 2482 3883 Metropolitani
2528 3804 2999 3885 salisburgensis
3021 3810 3061 3879 ,⁴
3087 3822 3366 3865 exercere
3416 3802 3581 3864 nolle

2032 3906 2200 3959 actus
2229 3898 2671 3966 iurisdictionis
2709 3897 3073 3960 Ordinariae
3114 3898 3180 3959 in
3212 3917 3369 3960 novo
3399 3897 3529 3959 loco
3556 3943 3573 3971 ,

2030 3991 2135 4053 sed
2165 4012 2228 4054 se
2272 3993 2337 4053 in
2378 4012 2548 4055 suam
2577 3993 2908 4054 Dioecesim
2947 4010 3073 4054 esse
3116 3990 3527 4073 ingressurum
3555 4037 3573 4064 ‚

2032 4086 2524 4167 quotiescumque
2562 4106 2625 4147 se
2663 4088 2872 4148 offeret
2909 4085 3138 4147 occasio
3164 4105 3264 4146 eos
3290 4105 3574 4147 exercen-

2029 4181 2112 4240 di.
2145 4181 2419 4244 Succedit
2447 4201 2584 4242 mox
2609 4182 2871 4243 narratis
2892 4181 3056 4242 Facti
3084 4180 3571 4251 circumstantiis,

2029 4275 2058 4333 J
2069 4275 2194 4335 uris
2223 4276 2575 4356 ponderatio
2597 4323 2612 4348 ,
2661 4273 2821 4356 quod
2854 4283 3047 4337 stante
3073 4274 3381 4335 vicinitate
3405 4273 3520 4335 loci
3549 4320 3567 4347 ‚

2028 4369 2090 4428 in
2138 4390 2261 4450 quo
2290 4370 2436 4450 petit
2465 4370 2740 4431 habitare
2761 4416 2777 4443 ‚
2829 4369 2942 4430 vic'
2995 4369 3136 4430 'tate
3188 4367 3440 4448 inquam
3490 4368 3568 4428 ad

2025 4483 2195 4524 suam
2245 4464 2567 4524 Dioecesim
2599 4510 2614 4535 ,
2664 4463 2780 4524 dici
2824 4482 2945 4522 sem
2992 4481 3059 4522 er
3103 4460 3359 4541 poterit,
3408 4460 3570 4539 quod

2026 4567 2112 4619 est
2144 4558 2452 4619 moraliter
2481 4576 2758 4638 praesens
2778 4559 2954 4637 juxta
2981 4576 3074 4628 ea,
3113 4573 3271 4634 (11136
3300 4553 3572 4617 referunt

2026 4651 2310 4712 Doctores
2335 4649 2574 4731 allegati
2605 4668 2714 4730 per
2740 4650 2994 4712 Dianam
3025 4648 3088 4708 in
3118 4647 3381 4707 editione
3406 4666 3570 4707 coor-

2025 4745 2231 4806 dinata
2259 4746 2413 4805 Tam.
2454 4750 2510 4805 3.
2541 4755 2708 4806 tract.
2732 4750 2799 4804 ·3.
2835 4745 3063 4803 resolui.
3100 4747 3197 4802 71.
3226 4761 3385 4800 num.
3417 4745 3475 4801 4.

2140 4840 2211 4901 In
2244 4840 2357 4901 boc
2389 4839 2595 4919 itaque
2622 4858 2827 4900 16111111
2856 4838 3119 4898 themate
3146 4835 3462 4915 quaeritur

2137 4934 2256 5007 An,
2286 4944 2337 4993 ct
2360 4935 2630 5013 quomodo
2652 4931 2915 4994 Oratoris
2932 4932 3188 5012 precibus
3213 4933 3566 4990 1113311003-

372 5003 544 5066 nulla
571 5007 692 5069 alia
723 5010 799 5072 de
827 5011 939 5074 1100
968 5034 1129 5077 novo
1153 5016 1636 5077 extraordinario
1672 5016 1800 5077 loeo
1827 5035 1915 5076 re·
2019 5027 2156 5088 dum
2183 5031 2249 5089 in
2272 5048 2407 5089 casu
2432 5039 2533 5088 etc.

368 5094 565 5251 ferre,
600 5106 850 5181 quaein
884 5107 1439 5188 supplicioratoris
1470 5109 1678 5170 libello
1702 5108 1913 5190 legun-

400 5209 495 5250 ur.

486 5284 809 5353 Ordinaria
851 5293 1277 5376 Episcoporum
1321 5295 1718 5378 Gurgentium
1764 5295 1911 5358 resi-

372 5377 574 5444 dentia
616 5385 732 5447 sita
766 5398 856 5449 est
882 5389 944 5448 in
986 5390 1249 5470 quodam
1284 5391 1489 5454 Castro
1516 5410 1697 5471 supra
1740 5410 1910 5450 mon-

2125 5223 2265 5273 Sacr.
2291 5221 2484 5289 Congr.
2518 5219 2798 5288 respondit
2825 5256 2840 5283 ,

2198 5311 2327 5364 Non
2355 5327 2465 5361 esse
2494 5310 2671 5360 Iocum
2691 5347 2704 5372 ,
2732 5320 2783 5361 ee
2808 5307 2885 5359 ad
2909 5319 3171 5370 mentem,
3198 5318 3250 5358 ee
3276 5322 3425 5356 mens
3449 5315 3526 5357 ese
3542 5343 3563 5370 ,

2015 5409 2076 5449 ut
2102 5410 2348 5450 recurrat
2385 5396 2461 5449 ad
2487 5397 2892 5452 sanctissimum
2933 5398 2989 5449 in
3033 5396 3249 5450 casibus
3261 5394 3566 5466 particula-

371 5481 489 5536 tem
526 5477 816 5543 fabricato
838 5526 857 5557 ,
892 5484 965 5545 ad
1000 5485 1161 5565 quod
1192 5484 1468 5566 hyberno
1515 5497 1781 5566 tempore
1809 5485 1910 5546 vix
2017 5484 2180 5538 ribus.
