4393 6299
932 484 1036 534 3¹0

749 634 950 696 dicare
978 634 1039 695 in
1068 632 1385 713 Repudio,
1426 633 1609 695 inter=
1641 632 1949 705 infideles,
2006 631 2206 702 misso,
2236 639 2298 695 et

751 730 963 790 iisdem
988 729 1047 789 in
1071 728 1180 790 inti
1192 728 1433 790 dolitate
1465 728 1980 808 permanentibus,
2003 746 2171 788 secus
2190 746 2301 789 au·

750 834 892 895 tem,
926 824 1183 903 quoties»,
1222 831 1398 902 prout
1425 821 1545 894 bic,
1577 821 1730 882 alter
1752 840 1829 882 ex
1872 820 1959 882 eis
1980 821 2058 882 ad
2107 819 2288 880 fidem

752 935 1096 976 conversus>
1126 927 1251 989 est,
1292 915 1376 974 uti
1424 916 1640 995 probat
1688 915 1911 975 Textus
1958 913 2297 975 Innocentii

751 1010 937 1071 Tertii
986 1013 1051 1069 in
1084 1030 1211 1089 cap.
1266 1011 1568 1088 qaudemus
1601 1011 1665 1068 dc
1693 1010 1973 1078 divortiis,
2002 1008 2088 1069 ibi
2117 1043 2159 1054 —
2186 1009 2290 1086 qui

752 1104 940 1165 aulem
964 1105 1265 1164 secundum
1286 1105 1487 1164 Ritum
1507 1124 1670 1163 suum
1696 1105 2002 1180 leqitimam
2028 1103 2298 1183 repudia-

724 1226 730 1232 ·
754 1200 835 1258 vit
874 1197 1141 1270 Uxorem,
1168 1219 1297 1257 cum
1322 1201 1432 1257 tale
1464 1200 1763 1277 repudium
1793 1199 1997 1258 veritas
2018 1199 2083 1256 in
2103 1196 2300 1259 Evan-

752 1294 896 1371 qelio
921 1293 1323 1371 reprobaverit,
1371 1312 1699 1370 nunquam,
1748 1312 1810 1352 ea
1843 1293 2053 1351 vivente
2082 1339 2099 1361 ,
2151 1292 2301 1352 licite

747 1388 956 1464 poterit
982 1387 1185 1455 aliam,
1219 1387 1391 1445 etiam
1416 1386 1493 1444 ad
1514 1384 1715 1445 Fidem
1740 1383 1961 1445 Christi
1981 1404 2293 1455 conversus,

754 1481 972 1549 habere,
1007 1482 1119 1539 nisi
1141 1491 1261 1559 post
1293 1482 1698 1539 conversionem
1741 1481 1918 1558 ipsius
1954 1481 2063 1539 illa
2096 1489 2299 1540 renuat

753 1574 1070 1632 cohabitare
1101 1592 1227 1632 cum
1245 1575 1387 1652 ipso,
1412 1583 1513 1652 aut
1550 1575 1719 1634 etiam
1742 1574 1792 1632 si
1817 1574 2155 1645 consentiat,
2182 1591 2301 1631 non

755 1675 939 1725 tamen
962 1667 1166 1744 absque
1194 1653 1534 1726 contu-melia
1591 1663 1639 1726 C
1641 1666 1900 1736 reatoris,
1929 1666 2036 1734 vel,
2079 1675 2143 1725 ut
2166 1684 2302 1726 eum

752 1760 1045 1839 pertrahat
1074 1760 1150 1820 ad
1181 1769 1491 1839 peccatum.

877 1853 1038 1914 Haec
1061 1853 1260 1934 quoad
1310 1854 1715 1915 necessitatem
1756 1850 2257 1932 interpellationis
2281 1897 2300 1923 ,

755 1945 829 2005 de
855 1946 1003 2007 lure
1025 1946 1325 2027 loquendo
1342 1991 1361 2020 ,
1395 1955 1530 2026 post
1549 1966 1706 2028 quae
1728 1946 2046 2008 transitum
2071 1944 2299 2007 facien-

752 2036 831 2099 do
856 2038 933 2099 ad
983 2047 1295 2119 punctum,
1327 2058 1406 2099 an
1443 2038 1742 2100 stantibus
1792 2038 2260 2100 circumstantiis
2282 2083 2300 2113 ,

756 2150 831 2192 ex
858 2131 1196 2212 Superioris
1223 2132 1598 2213 indulgentia
1626 2132 1822 2194 omitti
1848 2133 2030 2212 possit
2059 2133 2123 2193 in
2161 2153 2303 2196 casu

756 2223 1181 2304 interpellatio,
1209 2224 1392 2287 refert
1442 2224 1724 2287 vicarius
1756 2224 2143 2306 Capitularis,
2182 2226 2300 2307 pri-

757 2336 856 2378 mo
885 2316 1219 2397 periculum
1242 2337 1373 2381 esse
1396 2318 1458 2379 in
1488 2338 1680 2391 mora,
1702 2318 1750 2383 si
1775 2319 2184 2400 ‘interpellatio
2207 2319 2300 2381 fa-

756 2410 966 2473 cienda
988 2411 1087 2485 sit,
1108 2421 1167 2473 et
1188 2413 1237 2473 si
1260 2421 1402 2474 ante
1429 2413 1881 2475 matrimonium
1902 2414 2307 2495 expectandus

755 2504 833 2565 sit
846 2504 1049 2585 lapsus
1063 2506 1348 2585 temporis
1370 2504 1435 2565 in
1457 2505 1940 2586 interpellatione
1960 2506 2306 2588 praefigen-

755 2596 903 2659 dus:
926 2599 1188 2660 secundo
1203 2599 1474 2679 elapsum
1496 2620 1622 2662 esse
1643 2610 1874 2681 tempus
1893 2602 2172 2663 undecim
2194 2621 2304 2664 an-

758 2711 976 2753 norum
994 2711 1028 2754 a
1052 2692 1148 2754 die
1170 2692 1405 2772 repudii
1424 2694 1503 2754 ab
1523 2694 1829 2755 Abraham
1856 2694 2040 2767 missi,
2074 2696 2308 2775 absque

758 2803 830 2847 eo
857 2786 1020 2865 quod
1044 2784 1150 2846 ille
1174 2804 1449 2866 unquam
1484 2787 1558 2847 de
1587 2787 1786 2849 Uxore
1803 2836 1821 2859 ,
1854 2799 1914 2850 et
1932 2788 2077 2850 filiis
2098 2789 2306 2870 requi-

758 2876 1002 2940 siverit:
1039 2878 1212 2940 tertio
1234 2878 1509 2939 libellum
1538 2880 1773 2959 repudii
1802 2900 1926 2943 esse
1951 2892 2304 2964 conceptum

759 2971 963 3033 verbis
985 2972 1133 3033 adeo
1177 2971 1524 3052 injuriosiS,
1574 2982 1639 3033 ut
1676 2972 1915 3035 nullum
1945 2975 2070 3056 spei
2120 2976 2304 3037 vesti-

756 3064 924 3146 gium
944 3065 1201 3146 supersit
1224 3065 1456 3127 reditus
1481 3065 1613 3126 Viri
1638 3067 1713 3128 ad
1738 3067 1997 3129 Uxorem
2027 3070 2305 3151 repudia-

756 3168 903 3221 tam:
938 3159 1151 3222 ultimo
1177 3159 1439 3240 denique
1465 3159 1759 3242 ignorari,
1788 3181 1864 3224 an
1890 3163 2202 3225 Abraham
2227 3165 2306 3226 sit

757 3253 957 3328 vivuS,
988 3264 1095 3317 aut
1132 3263 1439 3327 mortuus,
1467 3271 1582 3316 nec
1615 3255 1803 3318 ullam
1830 3276 1865 3319 a
1894 3257 1992 3319 die
2015 3259 2306 3321 discessus

759 3345 1031 3410 habitam
1058 3348 1243 3410 fuisse
1264 3348 1545 3410 notitiam
1572 3349 1711 3424 loci,
1739 3370 1922 3431 quem
1950 3351 2077 3432 ipse
2095 3353 2300 3434 petiit.

879 3441 1389 3502 Concurrentibus
1439 3450 1639 3503 autem
1698 3443 2114 3507 consimilibus
2185 3447 2306 3508 cir-

761 3535 1157 3607 cumstantiis,
1217 3534 1498 3595 nonnulli
1529 3545 1764 3615 putant,
1826 3559 1992 3618 posse
2010 3541 2152 3621 jure
2193 3560 2306 3602 suo

764 3627 1087 3710 Conjugem
1111 3629 1402 3702 Fidelem,
1424 3630 1643 3691 omissa
1663 3631 2146 3712 interpellatione
2168 3635 2307 3696 Viri

764 3721 1055 3795 Infidelis,
1084 3724 1338 3785 transire
1359 3724 1433 3785 ad
1461 3723 1581 3786 alia
1631 3736 1790 3798 vota,
1824 3726 2080 3790 Sanc-hez
2107 3731 2172 3789 de
2191 3750 2308 3791 ma-

767 3821 924 3877 trim.
955 3819 1052 3878 lib.
1094 3824 1152 3878 7.
1184 3819 1396 3898 disput.
1447 3822 1551 3879 74.
1583 3841 1742 3880 num.
1773 3826 1865 3882 14.
1896 3834 1947 3882 et
1984 3828 2077 3883 15.
2103 3823 2308 3904 sicque

764 3910 948 3972 fuisse
967 3912 1029 3971 in
1049 3911 1228 3972 Curia
1257 3912 1762 3993 Archiepiscopali
1786 3915 2175 3996 Neapolitana
2205 3919 2306 3980 de-

762 4005 977 4079 cisum,
998 4004 1266 4066 referunt
1298 4003 1677 4066 Genuensisin
1692 4012 1873 4087 praxi
1891 4010 2073 4070 dictae
2094 4011 2310 4073 Curiae

764 4117 887 4177 cap.
915 4103 1009 4159 27.
1051 4119 1208 4159 num.
1245 4104 1342 4159 20.
1370 4100 1596 4160 Riccius
1626 4103 1686 4159 in
1714 4105 1904 4180 praxi
1926 4123 2058 4183 par.
2091 4110 2145 4164 1.
2167 4125 2310 4165 reso-

766 4191 871 4251 lut.
904 4195 1041 4252 241.
1081 4200 1141 4252 et
1188 4190 1333 4252 haec
1379 4191 1585 4271 opinio
1621 4202 1927 4273 tamquam
1973 4196 2329 4276 probabilis.

766 4283 1156 4351 admittitura
1171 4284 1362 4345 Diana
1383 4287 1447 4343 in
1470 4283 1641 4365 Oper.
1664 4287 1869 4347 Coorcl.
1900 4301 2030 4348 tom.
2051 4295 2109 4349 2.
2135 4301 2301 4352 tract.

767 4382 824 4435 6.
839 4379 1067 4436 resolut.
1095 4382 1227 4437 124.
1244 4385 1301 4437 et
1322 4378 1385 4436 in
1411 4379 1681 4439 terminis
1703 4381 1977 4442 Mulieris
1996 4384 2309 4447 Hebraeae

768 4468 842 4530 ad
874 4470 1081 4531 Fidem
1110 4491 1451 4544 conversae,
1486 4482 1544 4533 et
1572 4473 1671 4534 hic
1710 4475 1774 4534 in
1808 4476 1981 4536 ltalia
2013 4478 2305 4559 degentiS,

752 4563 954 4641 -quod,
973 4571 1168 4624 stante
1192 4562 1527 4624 latitatione
1541 4566 1673 4625 Viri
1701 4568 1761 4626 in
1790 4568 2150 4632 Infidelitate
2173 4593 2308 4651 per·

769 4658 1090 4732 manentiS,
1122 4668 1339 4738 posset,
1367 4660 1585 4720 omissa
1616 4660 2118 4741 interpellatione,
2142 4665 2307 4728 aliud

769 4751 1225 4812 matrimonium
1256 4752 1631 4826 contrahere,
1666 4756 2000 4818 docuerunt
2040 4757 2303 4820 Comitot.

772 4848 871 4907 lib.
908 4852 964 4906 1.
1003 4857 1218 4925 quaest.
1254 4850 1387 4907 124.
1424 4846 1693 4909 (Iler-icat.
1727 4851 1791 4910 de
1846 4849 2114 4914 Sacram.
2167 4853 2309 4915 Ma-

767 4943 924 5001 trim.
956 4942 1119 5002 decis.
1162 4945 1254 5001 11.
1288 4960 1447 5000 num.
1480 4946 1577 5002 29.

887 5035 937 5094 Ε
967 5043 1175 5095 contra
1203 5032 1308 5093 alii
1329 5044 1593 5108 censent,
1617 5037 1812 5114 quod,
1849 5039 2030 5099 etiam
2065 5059 2312 5101 concur·

770 5128 1044 5189 rentibus
1068 5127 1555 5201 circumstantiis,
1581 5130 1656 5190 de
1674 5133 1814 5210 jure
1835 5132 1912 5193 sit
1946 5133 2110 5195 locus
2130 5137 2310 5196 inter-

772 5220 1106 5300 pellationi,
1138 5221 1241 5282 sed
1275 5222 1436 5301 quod
1460 5223 1507 5281 si
1543 5243 1757 5302 graves
1790 5225 1934 5298 sint,
1968 5226 2175 5289 haberi
2206 5229 2308 5291 de·

773 5315 910 5375 beat
966 5332 1239 5373 recursus
1274 5315 1348 5374 ad
1374 5314 1689 5375 Summum
1721 5317 2092 5393 Pontificem,
2134 5323 2307 5403 cujus

772 5417 880 5480 est,
907 5405 968 5466 iu
996 5425 1069 5467 eo
1098 5426 1299 5468 rerum
1324 5415 1480 5469 statu
1509 5407 1846 5490 indulgere,
1879 5423 1944 5474 ut
1966 5415 2183 5477 omissa
2216 5416 2306 5477 in-

1910 480 2353 548 QuAEsTtONEs
2389 478 2745 533 CANONICAE

2421 630 2835 711 terpellatione
2861 675 2879 702 ,
2923 629 3156 712 Conjux
3211 628 3435 692 Fidelis
3489 629 3567 691 ad
3634 630 3755 693 alia
3805 639 3942 696 vota

2415 726 2668 787 transire
2696 724 2901 805 possit,
2924 722 3187 796 Pontius,
3212 725 3276 784 de
3304 726 3558 785 matrim.
3592 726 3690 784 lib.
3724 731 3786 787 7.
3820 747 3948 807 cap.

2414 824 2511 879 48.
2540 839 2698 877 num.
2723 822 2820 877 22.
2850 817 3173 879 concordat
3209 816 3489 879 Nicotaus
3516 816 3766 879 Lucubr.
3797 821 3953 882 civil.

2414 914 2510 971 lib.
2546 916 2598 972 1.
2635 915 2727 972 tit.
2769 919 2853 969 w.
2891 917 2951 969 dc
2981 913 3215 989 Nuptiis
3249 935 3404 971 narn.
3440 919 3526 971 't-ll.
3560 917 3656 971 uhi
3692 915 3828 973 divit
3876 917 3956 975 sic

2411 1004 2737 1067 resolutum
2775 1007 2951 1065 fuisse
2981 1011 3057 1065 ab
3093 1009 3199 1065 huc
3219 1009 3347 1065 Sao.
3378 1007 3870 1086 Congrogationss,
3892 1021 3952 1069 et

2410 1098 2636 1161 faciunt
2656 1101 3015 1179 aposlffliffiw
3045 1103 3277 1159 litterae
3295 1101 3568 1179 Gregorii
3602 1103 3772 1161 xlll.
3800 1107 3954 1181 (spuit,

2409 1194 2721 1274 Pt'qnalell.
2749 1199 2985 1255 cons-ute.
3017 1203 3109 1253 923.
3149 1211 3277 1253 tom.
3306 1203 3361 1253 8.
3394 1217 3576 1253 versu-s
3600 1201 3700 1275 fin.
3733 1199 3790 1255 in
3818 1201 3954 1275 qui-

2412 1292 2521 1349 bus
2551 1288 2803 1369 singulis
2843 1291 3107 1347 ltu-urum
3155 1291 3528 1355 (lrtlinariiS,
3566 1293 3864 1363 Paro-zelus,
3900 1301 3958 1351 et

2410 1383 2783 1464 Presbyter-is
2813 1385 3209 1441 Nise-ionariis
3235 1385 3544 1443 Smiolalis
3572 1387 3706 1443 Jsssu
3744 1387 3800 1441 in
3834 1389 3956 1444 An-

2407 1477 2552 1559 glia,
2580 1477 2903 1555 AEthiopia‚
2929 1489 2977 1535 ol
3011 1479 3255 1535 llrnsilia
3283 1479 3634 1552 {legentibus
3654 1481 3956 1551 concussit,

2412 1583 2498 1644 ut,
2524 1571 2574 1632 Si
2604 1571 2827 1651 aliquis
2861 1593 2931 1631 ex
2971 1571 3341 1653 Conjugibus
3374 1574 3446 1631 ad
3480 1561 3686 1631 Fidem
3718 1595 3958 1633 conver-

2413 1674 2594 1738 tatur,
2624 1674 2682 1726 et
2712 1665 2865 1727 alius
2895 1667 2951 1723 in
2979 1665 3335 1725 infidelitate
3361 1679 3688 1739 rumano-at,
3726 1671 3958 1745 quoties

2410 1760 2525 1821 sibi
2549 1762 2907 1832 summarie,
2943 1770 2999 1820 et
3031 1762 3568 1840 extrajudicialiter
3600 1766 3958 1836 constiterit,

2411 1855 2740 1937 Conjugem
2771 1856 3085 1914 [nfidelem
3115 1856 3343 1928 abesse,
3380 1868 3438 1916 et
3468 1858 3732 1936 legitime
3764 1878 3958 1918 mone-

2412 1949 2466 2010 ri
2491 1968 2610 2010 non
2637 1968 2829 2029 posse,
2859 1950 3203 2028 dispensare
3225 1952 3486 2022 valeant,
3510 1960 3572 2010 ut
3600 1952 3832 2030 Conjux
3860 1954 3958 2012 Fi-

2412 2042 2584 2117 delis,
2616 2042 2831 2104 omissa
2888 2044 3392 2124 interpellatione,
3442 2046 3606 2106 aliud
3648 2046 3960 2108 contrahat

2413 2136 2869 2199 matrimonium
2905 2182 2917 2194 .

2532 2229 2643 2291 His
2663 2232 2983 2304 stantibus,
3011 2232 3326 2310 quaeritur
3355 2252 3369 2292 :

2529 2322 2581 2384 Ῑ.
2613 2324 2708 2384 An
2735 2325 2951 2402 dejure
2993 2330 3301 2386 necessaria
3353 2330 3426 2384 sit
3470 2330 3849 2408 interpellatio
3898 2332 3960 2388 in

2416 2437 2551 2478 cam
2577 2428 2680 2478 etc.
2719 2430 2767 2478 et
2791 2432 3065 2496 (protenus
3091 2420 3422 2496 affirmative
3448 2462 3462 2476 .

2529 2508 2612 2570 ῙῙ.
2637 2509 2755 2583 An,
2781 2516 3057 2570 stantibus
3097 2516 3562 2580 circumstantiis,
3612 2514 3956 2590 indulqcnda

2412 2605 2487 2663 sit
2509 2604 2848 2683 dispensatio
2867 2603 2939 2664 ab
2968 2604 3420 2682 interpellatione
3451 2605 3516 2663 in
3537 2624 3671 2666 casu
3695 2615 3800 2667 etc.

2521 2797 2673 2846 Sacra
2700 2794 2897 2862 Congr.
2926 2792 3224 2861 respondit:

2595 2881 2690 2934 Ad
2731 2894 3019 2951 utrumque
3044 2878 3414 2950 affirmative.

2873 3058 3235 3134 QUAESTIO
3276 3056 3562 3124 CCxLu.

2405 3262 2478 3325 In
2509 3263 2706 3325 Causa
2731 3263 3157 3333 Mechliniensi,
3182 3264 3273 3323 die
3318 3268 3413 3324 17.
3469 3263 3755 3327 Ianuarii
3784 3271 3961 3328 1722.

2414 3394 2810 3513 Concessum
2851 3449 2967 3511 fuit
2995 3468 3031 3510 a
3056 3468 3187 3512 san.
3225 3469 3404 3510 mem.
3456 3452 3809 3514 Innocentio
3837 3453 3956 3515 XI.

2415 3544 2723 3627 Alphonso
2744 3542 3210 3624 Archiepiscopo
3240 3542 3662 3606 Mechliniensi
3686 3546 3761 3608 ad
3806 3547 3964 3627 peti-

2419 3640 2641 3701 tionem
2690 3636 2887 3700 Caroli
2943 3637 3380 3718 Hispaniarum
3445 3639 3620 3720 Regis
3669 3640 3963 3703 Catholici

2415 3732 2853 3813 amplissimum
2880 3732 3072 3794 Breve
3100 3732 3177 3793 ad
3203 3732 3695 3812 quinquennium
3730 3754 3840 3816 pro
3864 3754 3962 3797 sa-

2419 3828 2581 3889 lubri
2612 3825 2962 3898 directione,
3001 3834 3060 3886 et
3107 3826 3468 3888 Animarum
3505 3828 3699 3890 salute
3727 3848 3962 3903 eorum,

2416 3921 2520 4000 qui
2550 3918 2736 4001 Belgii
2768 3919 2830 3978 in
2861 3917 3086 3979 Castris
3106 3918 3425 3999 degebant,
3451 3930 3513 3982 et
3538 3922 3958 3994 versabantur,

2417 4024 2767 4095 conceptum
2795 4012 3187 4093 sequentibus
3214 4013 3458 4075 verbis:
3506 4018 3698 4095 itaque
3725 4019 3831 4078 tibi
3869 4019 3962 4096 fa-

2418 4111 2688 4169 cultatem
2738 4108 2814 4169 ad
2849 4109 3303 4186 quinquennium
3353 4111 3684 4188 proximum
3740 4122 3963 4174 tantum

2418 4205 2625 4264 harum
2640 4204 2780 4262 serie
2810 4203 3137 4273 tribuimus,
3155 4221 3256 4281 per
3276 4212 3349 4275 te,
3370 4203 3458 4262 vel
3478 4205 3684 4275 alium,
3707 4226 3805 4266 seu
3818 4209 3962 4269 alios

2419 4296 2744 4359 Sacerdotes
2765 4296 2983 4375 probos,
3011 4306 3060 4355 et
3084 4297 3327 4367 idoneos,
3351 4317 3419 4356 ac
3443 4300 3671 4376 praevio
3703 4304 3963 4362 exaniine

2417 4391 2678 4469 diliqenti
2707 4389 3043 4468 approbatos
3071 4408 3109 4448 a
3142 4397 3191 4448 te
3224 4408 3352 4448 cum
3386 4391 3827 4470 participatione
3848 4440 3866 4465 ,
3909 4404 3963 4456 et

2422 4503 2687 4545 consensu
2714 4484 2905 4542 dilecti
2942 4483 3058 4562 filii
3085 4480 3412 4544 Sebastiani
3442 4483 3684 4545 Antonii
3721 4485 3963 4548 Tanarii

2418 4578 2768 4639 Internuntii
2811 4578 2993 4636 nostri
3027 4578 3090 4636 in
3115 4575 3315 4654 Belqio
3355 4588 3455 4637 ete.
3491 4580 3957 4658 subdeleqandos,

2418 4693 2654 4742 omnem,
2695 4681 2745 4731 et
2777 4689 3182 4749 quamcumque
3194 4671 3645 4748 jurisdictionem
3678 4674 3964 4736 Ecclesia·

2418 4768 2617 4826 sticam
2640 4766 2702 4822 in
2745 4783 2829 4823 eos
2848 4810 2864 4833 ,
2895 4765 2997 4840 qui
3027 4764 3110 4822 ibi
3127 4782 3235 4842 pro
3267 4761 3654 4825 Sacramentis
3678 4766 3963 4829 Ecclesia-

2419 4863 2572 4920 sticis
2602 4858 2896 4919 Militibus
2927 4858 3319 4918 ministrandis
3347 4878 3450 4937 pro
3477 4870 3714 4940 tempore
3751 4874 3916 4922 erunt
3938 4910 3958 4935 ,

2421 4954 2522 5031 qui
2547 4963 2730 5013 tamen
2753 4952 2815 5009 in
2841 4951 3079 5029 propria
3125 4948 3396 5024 Dioecesi,
3423 4954 3526 5011 sub
3577 4973 3693 5031 qua
3721 4955 3959 5016 illorum

2423 5043 2731 5106 Ordinarii
2748 5044 3202 5121 jurisdictionem
3221 5061 3382 5103 suam
3409 5046 3767 5107 ordinariam
3791 5050 3856 5108 in
3875 5069 3963 5110 eos

2419 5158 2671 5199 exercere
2707 5148 2948 5217 possent,
3001 5146 3114 5196 non
3139 5138 3278 5208 sint,
3309 5139 3422 5196 sive
3465 5137 3708 5213 Clerici,
3739 5151 3791 5201 et
3819 5139 3963 5202 Pre-

2417 5233 2627 5312 sbyteri
2673 5231 3008 5302 saeculares,
3032 5248 3128 5289 seu
3171 5231 3496 5308 quorumvis
3524 5235 3696 5292 etiam
3726 5232 3962 5294 Mendi-

2420 5328 2672 5386 cantium
2703 5321 2992 5386 Ordinum
3023 5321 3330 5400 Requlares
3356 5324 3572 5401 suerint
3597 5368 3613 5396 ,
3639 5327 3956 5402 exercendi,

2421 5420 2681 5501 perinde,
2712 5438 2780 5480 ac
2822 5420 2874 5478 si
2914 5417 3100 5497 quoad
3130 5413 3376 5478 Clericus
3407 5419 3720 5480 saeculares
3765 5439 3960 5482 eorum
