4393 6299
966 492 1069 541 ¹20

777 641 1096 706 existentia
1115 639 1604 715 discurrendum3
1635 637 1946 720 multoque
1965 636 2155 720 magis
2176 657 2319 701 cum

768 758 899 800 non
927 737 1123 801 desint
1168 737 1554 799 Summarum
1609 732 1969 797 Pontificum
2007 732 2319 813 exempla,

776 834 918 913 qui,
971 852 1094 894 non
1145 832 1418 893 obstante
1468 830 1594 892 litis
1642 827 2085 891 introductione
2135 846 2322 908 super

775 928 1080 999 nullitate,
1120 934 1537 989 concesserunt
1563 926 1782 987 deinde
1833 923 2317 1002 dispensationes

774 1042 955 1102 super
1002 1021 1385 1083 matrimonio
1415 1030 1567 1092 ratu,
1596 1027 1658 1081 et
1699 1038 1817 1080 non
1846 1026 2267 1079 consummato
2299 1061 2316 1077 .

774 1116 1069 1197 Cumque,
1093 1116 1361 1194 ipsorum
1392 1113 1855 1176 Informantium
1866 1112 2119 1193 judicio,
2141 1109 2320 1173 intel-

774 1211 879 1292 ligi
913 1220 1190 1291 nequeat,
1224 1210 1548 1290 quomodo,
1568 1211 1742 1290 juxta
1765 1206 2232 1289 Tlieologorum,
2260 1215 2325 1269 et

772 1305 1231 1368 Canonistarum
1255 1305 1636 1375 sententiam,
1652 1303 1834 1384 possit
1856 1302 2137 1363 Summus
2165 1302 2321 1363 Pon-

771 1400 943 1473 tifex,
967 1400 1146 1482 justis
1172 1400 1670 1462 concurrentibus
1701 1396 1895 1460 causis
1921 1442 1938 1468 ,
1968 1396 2318 1477 dispensare

769 1512 949 1573 super
979 1492 1362 1556 matrimonio
1390 1501 1521 1555 rato
1547 1538 1564 1565 ,
1612 1501 1673 1554 et
1702 1510 1819 1552 non
1850 1509 2036 1551 consu
2052 1498 2313 1563 mmato,

765 1586 1144 1651 alteroetiam
1159 1608 1235 1650 ex
1249 1587 1393 1671 Conj
1403 1588 1619 1669 ugibus
1640 1586 1853 1655 invit0,
1872 1594 1933 1647 et
1957 1584 2312 1658 reluctante,

766 1691 826 1745 et
848 1702 968 1745 non
991 1683 1418 1763 possit,eodem
1440 1682 1653 1755 invito,
1668 1680 2068 1763 cognitionem
2090 1679 2314 1741 instan-

767 1779 885 1841 tiae
899 1798 1079 1860 super
1101 1777 1542 1858 dispensatione
1563 1774 1929 1839 matrimonii
1951 1775 2089 1846 rati,
2105 1783 2165 1836 et
2190 1792 2312 1834 non

765 1873 1161 1936 consummati
1186 1872 1481 1955 delegare,
1499 1891 1618 1934 non
1646 1871 1924 1933 obstante
1948 1868 2312 1949 praeceden-

765 1969 974 2030 tislitis
994 1968 1435 2030 introductione
1460 1987 1641 2047 super
1671 1967 1772 2027 nul
1788 1966 1801 2025 l
1818 1966 1960 2026 itate
1980 1971 2041 2026 et
2059 1983 2178 2025 non
2210 1964 2314 2026 ob·

764 2071 957 2124 stante
977 2062 1149 2143 quasi
1172 2070 1503 2134 contractu,
1526 2061 1632 2141 qui
1655 2081 1733 2123 ex
1754 2059 1988 2142 judicio
2019 2057 2314 2120 resultare

763 2156 985 2218 dicitur
1027 2156 1185 2217 inter
1211 2154 1650 2235 Collitigantes3
1685 2155 1747 2216 in
1781 2153 2081 2234 praesenti
2120 2152 2310 2233 potis-

760 2252 982 2312 simum
1011 2270 1216 2313 rerum
1244 2257 1425 2321 statu,
1457 2248 1520 2309 in
1544 2268 1690 2330 quo,
1724 2269 1860 2310 cum
1888 2267 1963 2309 ex
1991 2266 2114 2309 una
2142 2254 2312 2328 parte

760 2346 990 2410 absolvi
1020 2353 1279 2426 nequeat
1298 2345 1330 2406 J
1338 2344 1603 2406 udicium
1636 2343 1933 2406 nullitatis
1961 2341 2098 2404 siue
2122 2361 2307 2405 cano-

759 2441 898 2504 nico
917 2440 1330 2522 experimento
1347 2439 1829 2510 cohabitationis,
1847 2438 2001 2518 quia
2031 2456 2152 2499 non
2177 2436 2309 2518 agi-

760 2545 863 2598 tur
890 2537 966 2598 de
1007 2535 1156 2597 vitio
1192 2534 1558 2606 extrinseco,
1594 2533 1695 2596 sed
1746 2532 2106 2605 intrinsece,
2142 2538 2204 2592 et
2231 2550 2304 2592 ex

758 2630 880 2692 alia
914 2638 1082 2710 parte
1129 2628 1304 2690 Anna
1356 2626 1549 2689 Maria
1578 2625 1795 2688 adduci
1838 2644 1958 2687 non
2011 2622 2202 2706 possit
2236 2623 2314 2685 ad

758 2721 1262 2792 cohabitandum,
1316 2728 1422 2783 aut
1451 2739 1528 2780 ex
1573 2719 1712 2780 odio
1757 2726 2157 2799 supervento,
2196 2724 2304 2779 aut

759 2816 906 2895 quia
924 2835 988 2876 se
1008 2813 1307 2894 scrupulis
1326 2812 1721 2874 conscientiae
1743 2819 2026 2873 vexatam
2055 2809 2302 2890 profite-

761 2917 883 2981 tur,
900 2908 1137 2970 nullum
1161 2907 1325 2969 aliud
1346 2926 1653 2986 superesse
1679 2905 1916 2968 videtur
1931 2905 2295 2979 remedium,

758 3022 944 3082 quam
974 3002 1123 3062 illud
1148 3000 1365 3082 petitae
1384 2999 1863 3080 dispensationis
1896 2999 2028 3060 Non
2060 3005 2292 3062 attenta

758 3095 1165 3177 responsione,
1197 3093 1363 3176 quod
1394 3092 1889 3174 impedimentum
1920 3092 2286 3174 prosecutio-

758 3191 854 3252 nis
896 3192 1122 3253 Causae
1154 3208 1337 3268 super
1386 3187 1664 3250 nullitate
1706 3207 1954 3249 causam
2003 3186 2221 3249 babuit
2260 3206 2297 3250 a

756 3283 955 3365 culpa,
969 3292 1026 3345 et
1044 3283 1200 3346 facto
1219 3280 1408 3363 ipsius
1435 3282 1649 3344 Annae
1673 3281 1942 3355 Mariae3
1966 3301 2103 3342 cum
2116 3280 2297 3344 etiam

755 3379 871 3441 boc
895 3378 1196 3452 admisso,
1227 3376 1341 3439 sibi
1387 3375 1651 3438 vindicet
1703 3376 1900 3437 locum
1948 3375 2301 3455 ponderatio

753 3492 897 3535 mox
918 3491 1219 3553 expressa,
1235 3479 1449 3534 etcum
1472 3469 1728 3532 ulterius
1752 3468 1934 3530 iidem
1956 3468 2299 3532 Informan-

758 3575 847 3629 tes
893 3566 1290 3640 substineant,
1323 3563 1820 3645 impedimentum
1874 3561 2059 3625 fuisse
2112 3582 2297 3645 appo-

752 3661 936 3724 situm
964 3679 1000 3722 a
1040 3661 1264 3722 Senatu
1304 3658 1593 3721 Januensi
1627 3657 1904 3732 timente,
1942 3676 2017 3719 ne
2040 3656 2204 3720 mala
2232 3656 2296 3719 in

753 3753 878 3817 litis
908 3753 1319 3834 prosecutione
1348 3753 1657 3814 orirentur
1686 3795 1703 3812 .

870 3848 1033 3910 Haec
1059 3858 1232 3917 sunt,
1266 3865 1424 3927 quae
1470 3844 1863 3907 continentur
1905 3844 1966 3904 in
1998 3845 2298 3926 scriptura

750 3943 902 4004 mibi
936 3962 1047 4024 pro
1070 3941 1418 4005 extensione
1445 3939 1575 4003 folii
1601 3939 2082 4002 communicata.
2125 3941 2299 4001 Nunc

748 4036 1055 4116 reliquum
1082 4043 1192 4106 est,
1238 4043 1327 4105 ut,
1356 4036 1531 4115 juxta
1564 4052 1657 4106 ea,
1690 4052 1847 4114 quae
1877 4032 1940 4093 in
1965 4031 2299 4113 superiori·

749 4129 865 4190 bus
892 4128 1172 4210 promisi,
1232 4126 1371 4189 facti
1401 4127 1584 4188 series
1619 4126 1927 4188 referatur
1962 4127 2161 4208 quoad
2191 4126 2301 4187 du·

747 4222 919 4284 bium
965 4221 1334 4303 propositum
1380 4222 1468 4281 dic
1497 4224 1595 4280 20.
1652 4221 1814 4298 Maji
1833 4265 1851 4293 ,
1897 4240 1977 4281 an
2005 4223 2079 4281 sit
2108 4240 2302 4281 consa·

751 4318 975 4377 lendum
1019 4315 1297 4377 Sanctiss.
1349 4336 1452 4396 pro
1498 4317 1907 4395 dispensatione
1946 4318 2301 4378 matrimonii

746 4414 891 4483 rati,
917 4423 967 4473 et
990 4432 1101 4471 non
1127 4412 1498 4472 consummati
1537 4411 1599 4468 in
1618 4428 1774 4471 casu.

866 4508 1006 4569 Post
1024 4505 1434 4568 remissionem
1453 4502 1778 4566 instantiae
1789 4523 1969 4585 super
1988 4504 2298 4586 dispensa-

749 4602 911 4665 tione
944 4599 1313 4663 matrimonii
1372 4598 1522 4676 rati,
1558 4607 1619 4660 et
1664 4617 1788 4659 non
1834 4599 2232 4661 consummati
2260 4619 2297 4663 a

747 4695 1026 4756 SanctisS.
1067 4693 1324 4755 Domino
1346 4693 1563 4753 Nostro
1580 4688 1798 4753 factam
1823 4690 1966 4753 huic
1988 4692 2119 4754 Sac.
2147 4693 2297 4755 Con-

744 4788 1076 4872 gregationi
1106 4790 1195 4847 die
1222 4792 1320 4847 25.
1357 4786 1673 4847 Februarii
1720 4790 1894 4846 1719.
1942 4805 2295 4867 comparue-

747 4894 891 4945 runt
915 4902 1114 4945 coram
1148 4901 1241 4942 me
1283 4880 1617 4942 Secretario
1644 4880 1830 4962 hujus
1852 4880 1985 4942 Sac.
2029 4881 2293 4964 Congre-

742 4975 1003 5060 gationis
1034 4974 1351 5054 utriusque
1375 4973 1561 5053 partis
1587 4975 2034 5047 Procuratores,
2060 4986 2120 5035 et
2153 4985 2297 5037 tunc

742 5082 945 5135 actum
972 5070 1087 5131 fuit
1110 5069 1184 5130 de
1206 5069 1325 5142 die,
1357 5087 1480 5148 quo
1508 5067 1701 5131 Causa
1724 5077 1853 5130 erat
1877 5070 2289 5149 proponenda,

743 5175 803 5229 et
829 5166 956 5247 ipse
983 5163 1141 5226 diem
1198 5162 1432 5224 decrevi
1464 5162 1713 5244 utrique
1757 5162 1912 5243 parti
1960 5181 2290 5225 accommo-

742 5262 913 5331 dum,
943 5257 1259 5338 habuique
1289 5255 1586 5318 rationem
1616 5261 1903 5338 temporis
1944 5258 2287 5330 necessarii,

742 5364 873 5418 tum
903 5353 981 5415 ad
1023 5349 1390 5433 principales
1421 5360 1592 5412 extra
1621 5350 1843 5412 Urbem
1867 5351 2149 5434 degentes
2184 5352 2291 5414 ad·

743 5446 1094 5521 monendos,
1126 5453 1258 5507 tum
1285 5443 1361 5507 ad
1383 5444 1688 5525 parandas
1716 5443 2176 5511 informationes
2198 5445 2290 5510 fa-

1985 484 2429 551 QUAEsTtONES
2478 484 2840 544 CANONlCAE

2434 641 2545 715 cti,
2595 650 2656 703 et
2698 639 2863 702 Juris
2882 687 2897 713 ,
2941 646 2999 700 et
3028 637 3406 703 Procuratori
3454 639 3707 702 Ioannis
3763 639 3972 702 Jacobi

2435 736 2782 797 ulteriorem
2835 735 3182 797 dilationem
3211 733 3493 805 concessi,
3546 733 3628 796 ita
3683 745 3751 795 ut
3780 734 3971 798 Causa

2435 851 2553 893 non
2586 833 2766 894 fuerit
2790 833 3090 915 proposita
3128 832 3238 892 nisi
3263 831 3351 891 die
3378 836 3476 891 20.
3506 829 3688 906 Maji.

2550 928 2670 989 Nec
2691 937 2853 1000 tunc,
2876 949 2984 991 nec
3004 948 3272 1009 unquam
3298 928 3357 986 in
3392 935 3692 1004 posterum
3720 925 3881 987 ullus
3899 947 3976 989 ex

2432 1025 2930 1088 Procuratoribus
2965 1024 3190 1086 instetit
3241 1042 3349 1102 pro
3380 1021 3548 1082 dubii
3580 1022 3975 1100 subscriptio-

2431 1139 2528 1192 ne,
2576 1128 2634 1181 et
2669 1120 2742 1180 de
2779 1119 2932 1181 facto
2961 1119 3022 1180 in
3075 1120 3397 1197 scriptura,
3448 1136 3606 1197 quae
3638 1137 3747 1196 pro
3805 1128 3976 1196 parte

2429 1214 2641 1275 Annae
2669 1213 2898 1275 Mariae
2920 1213 3036 1276 fuit
3064 1212 3333 1274 exhibita
3363 1230 3471 1290 pro
3498 1211 3974 1291 congregatione

2429 1309 2542 1368 diei
2568 1313 2666 1369 20.
2716 1308 2901 1387 maji,
2930 1307 3169 1369 nullum
3205 1307 3318 1368 fuit
3351 1306 3687 1386 appositum
3713 1306 3971 1368 dubium

2427 1401 2878 1482 disputandum,
2904 1410 2974 1463 ut
2995 1422 3068 1462 ex
3090 1403 3219 1483 ejus
3242 1401 3466 1462 lectura
3493 1399 3757 1479 dignosci
3776 1400 3970 1472 valet;

2426 1496 2576 1558 Cum
2607 1506 2807 1558 autem
2839 1506 3071 1576 tempus
3101 1495 3441 1558 advenisset
3477 1493 3607 1554 folii
3639 1495 3973 1555 extenden-

2425 1592 2511 1663 di,
2537 1602 2597 1653 et
2613 1595 2784 1671 juxta
2818 1591 2999 1673 hujus
3022 1591 3152 1653 Sao.
3186 1590 3679 1671 Congregationis
3697 1592 3967 1661 Decreta,

2425 1704 2545 1747 non
2592 1686 2821 1767 possint
2860 1685 3113 1766 proponi
3171 1685 3495 1748 instantiae
3539 1685 3600 1745 in
3637 1685 3805 1753 folio,
3852 1685 3966 1745 nisi

2422 1779 2609 1842 dubia
2633 1780 2990 1859 disputanda
3018 1779 3461 1861 exprimantur,
3476 1797 3694 1857 operae
3709 1779 3969 1858 pretium

2421 1895 2548 1937 esse
2579 1875 2820 1948 censui,
2866 1877 3038 1956 juxta
3076 1893 3329 1942 morem,
3375 1873 3631 1935 dubium
3665 1892 3741 1934 ex
3772 1872 3967 1935 officio

2421 1969 2762 2041 efformare,
2776 1976 2836 2031 et
2859 1968 3164 2030 intantum
3187 1966 3495 2027 efformavi
3518 1965 3776 2027 dubium
3795 1984 3970 2046 saepe

2423 2071 2843 2134 memoratum,
2891 2083 2970 2124 an
2997 2065 3070 2122 sit
3100 2062 3499 2122 consulendum
3534 2059 3817 2121 Sathiss.
3867 2080 3971 2140 pro

2420 2158 2827 2237 disponsatione
2851 2158 3204 2219 matrimonii
3228 2159 3349 2217 rati
3374 2164 3424 2216 ot
3446 2175 3563 2215 non
3595 2157 3970 2215 consummati

2417 2254 2483 2311 in
2503 2271 2660 2322 casu,
2690 2251 2753 2312 in
2784 2260 3082 2331 quantum
3114 2251 3177 2310 in
3201 2249 3405 2312 dubiis
3432 2250 3507 2311 ad
3551 2249 3773 2321 minus,
3811 2268 3971 2329 quae

2416 2364 2492 2407 ex
2512 2344 2707 2407 officio
2733 2345 3156 2415 efformantur,
3182 2343 3437 2406 dubium
3464 2343 3642 2406 debet
3666 2359 3801 2404 'esse
3830 2364 3970 2406 con-

2417 2439 2611 2502 forme
2637 2439 3088 2520 supplicationi,
3114 2458 3275 2518 quae
3298 2438 3414 2499 fuit
3437 2438 3634 2518 Papae
3663 2448 3964 2518 porrecta,

2417 2543 2478 2596 et
2509 2535 2588 2595 ab
2618 2534 2827 2595 eodem
2856 2535 2932 2596 ad
2959 2533 3091 2595 Sac.
3124 2533 3661 2614 Congregationem
3692 2534 3961 2606 remissa,

2416 2637 2476 2690 et
2496 2628 2706 2708 petitio
2738 2629 2935 2707 Papae
2961 2628 3027 2689 in
3055 2647 3196 2689 casu
3231 2628 3531 2701 exhibita,
3564 2636 3622 2689 et
3645 2628 3724 2689 ab
3754 2628 3964 2690 eodem

2414 2723 2491 2786 ad
2513 2723 2643 2785 Sac.
2670 2722 3208 2805 Congregationem
3235 2723 3480 2782 remissa
3506 2731 3633 2784 erat
3655 2723 3964 2802 sequenti·

2415 2819 2529 2881 bus
2550 2819 2754 2880 verbis
2782 2820 3003 2880 iterum
3040 2816 3380 2897 repetendis
3409 2825 3718 2896 concepta,
3753 2819 3790 2876 l'
3807 2815 3963 2879 Ora-

2414 2915 2551 2974 trt‘ce
2576 2915 2834 2993 supplica
2865 2914 2921 2973 la
2950 2911 3188 2974 Santitd
3228 2911 3426 2973 Vestra
3467 2913 3620 2971 valer
3642 2913 3963 2992 dispensare

2412 3008 2475 3069 al
2500 3009 2645 3068 detto
2671 3009 3032 3068 matrimonio
3049 3015 3200 3078 rato,
3225 3025 3253 3065 e
3283 3026 3392 3064 non
3424 3017 3783 3075 consumam:
3810 3006 3960 3068 etin

2411 3121 2505 3173 eo,
2538 3101 2698 3181 quod
2741 3100 2954 3163 attinet
2995 3099 3068 3161 ad
3106 3108 3398 3180 punctum
3420 3144 3436 3172 ,
3469 3098 3632 3179 quod
3678 3100 3741 3161 in
3767 3099 3958 3163 dubio

2414 3195 2694 3274 praedicto
2706 3193 3064 3273 supponitur
3076 3192 3528 3254 matrimonium
3547 3193 3965 3255 tantummodo

2410 3298 2632 3357 ratum,
2665 3287 2910 3368 quando
2936 3287 3224 3349 aloanne
3256 3288 3480 3349 Jacobo
3515 3289 3953 3369 praetenditur,

2409 3384 2571 3465 quod
2604 3383 2787 3446 fuerit
2809 3392 3317 3456 consummatum,
3346 3384 3740 3464 respondetur
3790 3383 3956 3463 quod

2407 3478 2535 3559 ipse
2560 3478 2775 3558 utique
2800 3476 3043 3538 credere
3067 3485 3364 3556 poteram,
3380 3486 3440 3539 et
3457 3478 3795 3550 credebam,
3810 3496 3958 3538 eun-

2409 3570 2544 3634 dem
2581 3572 2876 3633 loannem
2907 3570 3199 3632 Iacobum
3228 3617 3245 3644 ,
3297 3590 3361 3633 se
3385 3590 3511 3633 esse
3536 3572 3956 3652 oppositurum

2409 3666 2732 3728 instantiae
2759 3665 3242 3745 dispensationis,
3274 3666 3374 3727 sed
3399 3666 3677 3727 divinare
3702 3685 3821 3727 non
3847 3684 3958 3746 po·

2408 3767 2619 3834 teram,
2646 3761 2808 3840 quod
2841 3779 2905 3821 se
2926 3768 3075 3821 esset
3105 3760 3429 3822 instantiae
3454 3760 3842 3841 oppositurus
3877 3781 3956 3823 ex

2407 3853 2601 3933 capite
2632 3861 2892 3915 assertae
2942 3853 3476 3914 consummationis
3532 3853 3903 3915 matrimonii
3935 3874 3953 3927 ς

2407 3948 2620 4009 notitia
2640 3948 2788 4009 haec
2806 3948 3029 4008 etenim
3045 3946 3118 4007 ad
3134 3966 3229 4007 me
3258 3966 3375 4008 non
3390 3945 3511 4008 alio
3535 3947 3710 4009 modo
3733 3946 3956 4010 deferri

2409 4048 2664 4122 poterat,
2694 4059 2879 4121 quam
2909 4059 3015 4120 per
3049 4040 3178 4121 ejus
3202 4039 3585 4111 documenta,
3616 4048 3678 4102 et
3702 4059 3955 4102 suorum

2407 4135 2803 4197 Defensorum
2846 4133 3304 4195 informationes
3331 4153 3440 4194 nec
3472 4134 3665 4195 ullum
3706 4154 3957 4215 prorsus

2406 4229 2981 4300 documentum,nec
3007 4226 3133 4288 ulla
3163 4226 3514 4289 informatio
3538 4227 3702 4302 facti,
3732 4238 3839 4292 aut
3857 4231 3954 4311 ju·

2409 4323 2516 4397 ris,
2543 4322 2680 4385 licet
2712 4321 2950 4402 saepius
2977 4320 3320 4403 efflagitata,
3353 4320 3431 4382 ad
3453 4340 3549 4383 me
3577 4322 3775 4385 delata
3805 4323 3947 4398 fuit,

2409 4417 2525 4480 nisi
2556 4423 2689 4498 post
2716 4416 3110 4496 compositum
3134 4459 3151 4488 ,
3193 4414 3589 4494 impressum,
3638 4424 3699 4479 et
3717 4416 3794 4478 ad
3823 4418 3950 4479 EE.

2407 4510 2522 4571 PP.
2546 4508 2960 4572 transmissum
2974 4507 3187 4569 folium
3209 4508 3722 4590 Congregationis,
3737 4517 3949 4574 contra

2405 4604 2588 4686 hujus
2618 4601 3113 4684 Congregationis
3136 4601 3423 4672 edictum,
3453 4603 3613 4683 quod
3642 4603 3814 4664 estin
3856 4623 3953 4665 or-

2407 4698 2551 4761 dine
2568 4703 2666 4759 73.
2689 4700 2750 4757 in
2772 4716 2947 4777 parvo
2962 4696 3128 4757 Bun.
3152 4695 3220 4756 S.
3249 4696 3430 4759 Mem.
3465 4696 3779 4758 Ianos-entia·
3801 4697 3941 4760 XII.

2522 4791 2834 4854 Caeterum
2868 4790 3018 4853 baec
3046 4790 3206 4852 dicta
3230 4790 3353 4852 sint
3372 4837 3388 4864 ,
3420 4799 3485 4852 ut
3512 4790 3773 4872 ingenua
3803 4791 3948 4856 facti

2401 4885 2584 4947 series
2611 4884 2677 4947 in
2706 4894 2913 4965 aperto
2945 4884 3134 4964 posita
3174 4883 3274 4957 sit,
3305 4883 3443 4947 licet
3463 4886 3763 4965 superflua
3793 4904 3950 4967 quo-

2401 4980 2722 5041 dammodo
2769 4978 2961 5041 videri
2995 4978 3274 5050 valeant,
3307 4998 3464 5048 cum,
3521 4997 3640 5040 non
3670 4980 3948 5045 obstante

2400 5074 2543 5137 dicti
2558 5072 2727 5136 dubii
2745 5073 3208 5153 subscriptione,
3228 5072 3627 5135 Informantes
3648 5093 3756 5153 pro
3766 5075 3948 5137 Joan-

2400 5187 2476 5230 ne
2501 5169 2726 5230 Jacobo
2774 5168 2836 5228 in
2869 5187 3078 5230 eorum
3128 5167 3425 5246 scriptura
3456 5166 3777 5230 distributa
3833 5187 3945 5249 pro

2398 5262 2873 5344 Congregatione
2900 5264 2989 5321 dis
3015 5265 3114 5322 20.
3150 5260 3315 5339 Maji
3343 5260 3513 5321 docte
3541 5260 3617 5321 de
3648 5281 3814 5323 more
3847 5283 3948 5324 su·

2400 5355 2727 5418 stinuerint
2741 5375 2858 5415 non
2880 5364 3153 5416 constare
3179 5352 3255 5415 de
3282 5371 3403 5413 non
3427 5355 3947 5421 consummatione

2403 5448 2801 5525 matrimonii,
2820 5456 2880 5512 et
2896 5447 3021 5511 EE.
3048 5446 3165 5510 PP.
3180 5445 3290 5530 qui
3306 5444 3502 5512 dictae
3520 5445 3948 5532 congregatio-
