4393 6299
940 479 1048 534 400

759 650 907 696 snae
934 630 1125 696 Aviae
1147 627 1480 705 Materna&
1510 625 1618 692 sed
1650 646 1789 691 cum
1813 626 2146 709 Episcopus
2169 625 2311 689 Cae-

759 744 941 802 senae
990 724 1315 808 requisitus
1363 740 1477 804 pro
1528 719 1653 784 fide
1698 719 1902 784 Status
1950 718 2129 781 liberi
2174 738 2308 781 eam

760 818 1169 883 transmittere
1217 816 1636 890 recusaverit,
1683 822 1746 877 et
1779 811 2170 885 Eminentissi
2178 829 2312 873 mus

759 914 1087 978 Ravennae
1117 913 1374 995 Legatus
1397 907 1770 993 praeceperit
1794 907 2084 990 Angelae,
2110 914 2180 968 ut
2207 906 2313 968 ha-

758 1006 933 1070 beret
952 1008 1215 1069 Domum
1242 1023 1354 1084 pro
1385 1003 1639 1066 Carcere
1657 1052 1673 1074 ,
1694 1011 1756 1065 et
1772 1004 1853 1065 ab
1873 1020 1946 1064 ea
1974 1020 2098 1063 non
2119 999 2313 1062 disce-

762 1099 962 1176 deret,
986 1108 1046 1164 et
1070 1099 1396 1181 Episcopus
1419 1097 1716 1161 Forolivii
1743 1096 2013 1160 Parocho
2029 1095 2094 1157 S.
2126 1092 2312 1158 Blasii

763 1193 1148 1269 inhibuisset,
1176 1212 1254 1256 ne
1273 1211 1337 1255 se
1362 1193 1429 1254 in
1446 1192 1562 1256 boc
1590 1191 1981 1255 Matrimonio
2010 1190 2314 1271 ingereret

762 1290 993 1370 absque
1018 1287 1278 1369 praeviis
1295 1286 1828 1369 justificationibus
1868 1293 2059 1348 status
2089 1284 2312 1356 liberi,

761 1383 1016 1466 Angeia,
1044 1391 1105 1445 et
1127 1381 1424 1445 Antonius
1446 1380 1523 1444 ad
1546 1376 2316 1443 EcclesiamParo'chialem

764 1478 828 1540 S.
851 1477 1035 1541 Blasii
1055 1497 1134 1541 ex
1161 1476 1496 1557 improviso
1517 1476 1916 1549 devenerunt3
1944 1472 2172 1555 Angela
2195 1479 2315 1535 ete-

762 1572 894 1635 nim
934 1581 1064 1654 post
1098 1571 1510 1652 supradictum
1546 1578 1932 1650 praeceptum
1976 1566 2314 1631 Cardinalis

764 1665 971 1750 Legati
992 1685 1057 1728 se
1077 1671 1380 1748 receperat
1399 1664 1466 1725 in
1482 1661 1832 1726 cubiculum
1844 1660 2113 1745 ejusdem
2131 1660 2314 1722 Paro-

765 1758 980 1823 chialis
1003 1778 1222 1841 parum
1245 1756 1522 1820 distantis
1565 1776 1604 1819 a
1632 1758 1866 1829 Domo,
1896 1754 1963 1815 in
1985 1773 2110 1835 qua
2139 1771 2316 1834 prae-

765 1854 1043 1918 cedanter
1068 1853 1493 1924 habitaverat,
1516 1858 1579 1913 et
1615 1869 1819 1913 coram
1846 1848 2087 1910 duobus
2122 1846 2316 1910 Testi-

764 1949 914 2024 bus,
941 1957 1002 2011 et
1022 1946 1290 2011 Parocbo
1309 1945 1456 2008 fidei
1484 1945 1859 2019 rudimenta,
1888 1952 1950 2007 et
1974 1942 2315 2005 doctrinam

766 1994 1167 2105 Christianam
1200 2040 1418 2121 puellis
1441 2039 1825 2122 explicante,
1868 2057 1976 2120 per
2017 2011 2224 2102 verba
2240 2037 2317 2099 de

767 2136 1063 2219 praesenti
1090 2156 1155 2199 se
1181 2135 1475 2224 Coniuges
1501 2153 1634 2198 esse
1659 2129 2090 2197 declararunt.

886 2230 1204 2293 Contracto
1219 2230 1334 2293 boc
1354 2230 1534 2292 modo
1553 2226 1967 2301 Matrimonio,
1988 2232 2320 2305 exortaque

766 2344 949 2405 super
966 2326 1096 2408 ejus
1118 2323 1429 2387 validitate
1447 2320 1886 2394 controversia,
1913 2319 2121 2383 eadem
2149 2318 2318 2383 dela·

767 2430 832 2484 ta
850 2428 939 2482 est
955 2439 1033 2482 ex
1063 2419 1369 2500 Rescripto
1389 2413 1767 2480 sanctissimi
1792 2416 1868 2478 ad
1889 2412 2050 2478 banc
2069 2413 2319 2475 Sacram

769 2513 1335 2597 congregationem3
1363 2530 1621 2594 cumque
1646 2509 1969 2582 Antonius,
2000 2515 2062 2571 et
2082 2506 2316 2589 Augela

768 2615 906 2690 post
921 2607 1198 2670 emissam
1219 2604 1683 2668 declarationem
1713 2623 1819 2684 per
1853 2601 2001 2685 publ
2012 2602 2175 2664 icum
2201 2600 2309 2661 In·

771 2709 1208 2776 strumentum,
1257 2700 1322 2762 in
1366 2718 1493 2781 quo
1537 2699 1825 2761 dixerunt
1846 2715 1915 2759 ae
1954 2704 2167 2779 sponte
2193 2743 2212 2767 ,
2256 2700 2319 2758 et

775 2797 1005 2876 absque
1022 2794 1150 2857 ulla
1171 2792 1516 2858 seductione
1534 2838 1553 2866 ,
1581 2791 1676 2855 vel
1704 2790 1921 2854 fraude
1946 2836 1965 2865 ,
1996 2797 2106 2853 aut
2136 2788 2321 2850 minis

778 2888 1230 2952 matrimonium
1258 2886 1655 2959 contraxisse,
1688 2883 2225 2948 setraustulisseut'
2238 2882 2318 2946 ad

778 2984 1025 3045 Terram
1059 2979 1477 3063 Bagnacavalli
1508 2979 1623 3054 sub
1651 2976 1919 3041 Dioecesi
1954 2976 2322 3039 Eminentis-

775 3076 912 3138 simi
935 3075 1212 3158 Episcopi
1242 3073 1558 3138 Faventini
1584 3119 1603 3147 ,
1632 3073 1807 3135 datae
1840 3071 2091 3134 fuerunt
2117 3070 2195 3132 ad
2227 3070 2321 3152 ip·

777 3189 913 3232 sum
934 3169 1170 3259 litterae
1189 3215 1209 3244 ,
1236 3176 1306 3231 ut
1328 3167 1723 3241 informaret,
1752 3175 1813 3228 et
1840 3164 2126 3227 omnibus
2161 3163 2323 3246 juris

777 3265 1059 3327 remediis
1076 3272 1313 3347 cogeret
1336 3309 1354 3338 ,
1386 3272 1455 3325 ut
1492 3262 1722 3344 Angela
1746 3307 1763 3336 ,
1794 3269 1856 3323 et
1880 3259 2184 3323 Antonius
2228 3259 2323 3320 vi-

777 3369 989 3421 verent
1014 3358 1269 3441 separati
1291 3406 1311 3430 ,
1338 3366 1399 3420 et
1429 3365 1498 3419 ut
1523 3353 1821 3420 Antonius
1845 3362 2235 3435 reponeretur
2257 3352 2323 3414 in

779 3452 914 3516 loco
940 3461 1070 3517 tuto
1096 3502 1114 3527 ,
1155 3452 1231 3515 ad
1256 3455 1567 3526 effectum,
1603 3459 1672 3513 ut
1694 3468 1875 3513 suam
1921 3447 2177 3510 liberam
2210 3465 2319 3509 ex·

779 3547 1034 3629 plicaret
1057 3548 1454 3623 voluntatem3
1483 3544 1981 3627 superventisque
2002 3542 2142 3605 dicti
2165 3541 2329 3605 Emi·

780 3641 1117 3705 nentissimi
1156 3641 1640 3723 responsionibus
1657 3658 1690 3713 ,·
1718 3639 1790 3701 μἰιι
1819 3651 2085 3719 quarum
2117 3636 2317 3716 prima

779 3734 899 3810 ait,
932 3735 1267 3798 Antonium
1290 3754 1354 3797 se
1392 3733 1718 3815 explicasse
1748 3777 1767 3807 ,
1812 3730 1976 3812 quod
2003 3729 2322 3792 Matrimo-

779 3829 955 3893 nium
978 3829 1290 3903 liberrime
1305 3835 1728 3900 contraxerat,
1756 3825 1903 3887 etin
1923 3822 2184 3886 secunda
2225 3842 2322 3884 re-

780 3923 939 4000 fert,
972 3924 1201 3988 dictum
1233 3921 1610 3986 Antonium
1591 3939 1657 3983 ιιι
1684 3927 1965 3992 exteras,
1991 3924 2053 3979 et
2090 3917 2332 3999 ignotas

781 4019 1077 4103 Regiones
1098 4019 1428 4083 abductum
1451 4015 1655 4088 fuisse,
1683 4010 2085 4094 disputanda
2066 4020 2131 4073 ιἰι
2155 4029 2331 4091 prae-

783 4112 938 4176 senti
965 4120 1386 4195 proponuntur
1421 4110 1565 4173 bina
1614 4107 1839 4180 dubia,
1871 4123 2136 4187 quorum
2180 4102 2332 4167 alte-

783 4227 925 4270 rum
972 4206 1213 4288 respicit
1258 4205 1679 4274 validitatem,
1733 4201 1865 4264 vel
1884 4199 2329 4262 invaliditatem

786 4300 1190 4377 Matrimonii,
1233 4309 1295 4363 et
1334 4298 1506 4363 aliud
1548 4295 2181 4360 subministrationem
2213 4292 2331 4355 ali-

786 4404 1132 4458 mentorum
1155 4439 1174 4469 ,
1221 4402 1283 4458 et
1323 4399 1597 4475 sumptus
1634 4389 1795 4464 litis;
1836 4406 2097 4469 cumque
2137 4392 2333 4449 totum

783 4489 1154 4573 quaestionis
1179 4488 1412 4570 pondus
1431 4485 1757 4549 consistere
1784 4482 2063 4545 videatur
2092 4481 2159 4545 in
2192 4499 2331 4543 exa·

787 4585 1102 4660 minando,
1126 4600 1204 4647 an
1225 4581 1551 4654 Parochus,
1582 4576 1786 4641 coram
1811 4595 1935 4657 quo
1958 4583 2330 4638 contractum

784 4678 927 4750 fuit,
950 4688 1102 4742 esset
1126 4676 1405 4760 proprius
1430 4673 1698 4759 Angelae
1729 4669 2054 4744 Parochus,
2084 4675 2331 4731 conteu-

786 4773 1069 4837 dentibus
1091 4772 1259 4846 illis,
1295 4770 1402 4852 qui
1427 4769 1709 4831 scribunt
1730 4784 1841 4847 pro
1869 4763 2178 4827 validitate
2200 4762 2333 4826 Ma-

789 4867 1101 4942 trimonii,
1152 4817 1489 4929 Psi-ochum
1536 4861 1716 4925 talem
1751 4878 1878 4921 esse
1923 4857 2331 4928 censendum,

793 4970 921 5026 tum
944 4969 1189 5044 propter
1214 4957 1594 5021 domicilium
1621 4955 1701 5017 ab
1729 4950 1997 5034 Angeia
1978 4970 2044 5012 ιιι
2067 4952 2196 5032 ejus
2218 4951 2334 5013 Pa-

793 5055 999 5121 rochia
1036 5061 1447 5124 contractum,
1476 5057 1604 5112 tum
1638 5046 1784 5128 quia
1804 5046 1881 5107 ad
1910 5063 2080 5117 rem,
2110 5043 2187 5106 de
2211 5061 2336 5149 qua

794 5149 1034 5232 agitur,
1072 5147 1124 5209 is
1143 5145 1363 5209 dicitur
1390 5141 1669 5224 proprius
1697 5136 2043 5209 Parochus,
2070 5136 2135 5198 in
2161 5137 2335 5217 cujus

792 5242 1086 5307 Parochia
1118 5249 1233 5302 tem
1239 5258 1382 5321 pore
1408 5242 1749 5300 contractus
1777 5229 2198 5294 contrahentes
2223 5228 2335 5291 ba-

798 5337 1115 5410 bitabant,
1146 5342 1207 5397 et
1241 5331 1647 5415 potissimum,
1676 5325 1922 5409 quando
1948 5332 2191 5406 propter
2219 5323 2337 5386 im-

797 5431 1137 5517 pedimenta
1157 5475 1177 5506 ,
1205 5447 1363 5513 quae
1391 5426 1789 5499 timebantur,
1820 5440 1943 5485 non
1972 5419 2168 5502 potuit
2192 5436 2339 5483 con-
2375 5478 2380 5482 ,

1932 472 2380 546 Quas-nom
2414 468 2773 531 οιιιοιιιωιι

2411 625 2573 689 trahi
2596 620 3052 690 Matrimonium
3086 619 3152 682 in
3191 613 3518 692 Parochia,
3546 615 3615 677 in
3642 633 3768 697 qua
3796 614 3956 678 Con-

2410 722 2582 804 juges
2601 718 3013 784 antecedenter
3045 714 3380 798 degebant,
3408 718 3471 774 et
3502 730 3539 773 e
3577 717 3788 775 contra
3812 728 3957 771 con·

2416 815 2799 878 tendentibus
2818 809 2982 886 illis,
3022 809 3130 891 qui
3177 808 3450 872 scribunt
3478 824 3590 886 pro
3631 803 3954 878 nullitate,

2417 909 2787 972 domicilium
2832 906 3015 968 fuisse
3054 903 3302 973 fictitie,
3332 909 3394 963 et
3433 901 3565 961 sine
3607 897 3857 973 animo,
3898 904 3961 960 et

2417 1002 2503 1066 sic
2521 1002 2692 1064 nullo
2716 1001 2891 1062 modo
2915 1005 3324 1068 contractum,
3349 1001 3409 1056 et
3437 992 3776 1056 Parochum
3815 1009 3958 1072 pro-

2416 1095 2617 1178 prium
2644 1113 2754 1175 pro
2786 1089 3173 1156 Matrimonio
3202 1106 3326 1150 ιιοιι
3347 1105 3474 1148 esse
3493 1085 3609 1147 nisi
3629 1085 3852 1156 illum,
3883 1083 3951 1146 in

2417 1192 2589 1273 cujus
2609 1188 2898 1253 Parocbia
2925 1185 3078 1250 alter
3109 1203 3187 1246 ex
3215 1180 3708 1245 contrahentibus
3745 1196 3964 1242 verum

2418 1283 2602 1347 babet
2619 1281 3034 1354 domicilium,
3062 1278 3177 1340 mei
3203 1276 3470 1350 muneris
3495 1294 3622 1338 esse
3639 1271 3843 1337 censui
3877 1270 3960 1334 ad

2417 1378 2636 1441 calcem
2665 1377 2847 1459 hujus
2876 1351 3243 1458 quaestionis
3270 1370 3594 1435 nonnullas
3623 1367 3808 1451 hujus
3849 1364 3964 1428 Sa-

2419 1487 2557 1536 crae
2565 1469 3052 1555 Congregationis
3068 1466 3506 1532 declarationes
3516 1474 3639 1528 tam
3656 1459 3958 1542 antiquas,

2420 1587 2604 1650 quam
2637 1573 2900 1630 recentes
2924 1563 3184 1636 referre,
3213 1571 3282 1624 ut
3310 1568 3509 1624 tutum
3532 1559 3613 1621 ab
3656 1557 3782 1620 RE.
3812 1554 3952 1615 VV-

2420 1663 2488 1740 in
2510 1662 2621 1725 bac
2640 1660 2811 1744 gravi
2832 1656 3242 1722 controversia
3255 1655 3404 1720 ferri
3438 1652 3622 1737 possit
3634 1649 3957 1794 judicium.

2535 1755 2890 1831 Quaeritur
2898 1754 3147 1835 itaque:

2501 1851 2594 1913 -.1
2623 1849 2723 1911 An
2750 1848 3192 1913 Matrimonium
3214 1845 3562 1922 metiantur
3585 1860 3655 1901 ιιι
3675 1858 3813 1904 casu
3836 1846 3941 1900 ete.

2541 1945 2624 2006 11.
2648 1944 2783 2016 Aa,
2811 1954 3129 2024 apr-oque
3154 1934 3973 2003 mammertinus-an-

2423 2040 2852 2110 desumto,
2879 2035 3746 2119 stmptuslittsiacasustc.

2535 2224 3241 2313 saer-‹mugnresoizpndt

2609 2329 2797 2400 Adpr
2795 2325 3357 2396 {imumqffiae-aeoe.
3385 2323 3588 2379 Adsee
3588 2251 3978 2389 und-maffr-

2420 2418 2652 2483 moetos,
2681 2408 3729 2479 αι’νὸινίοΕπιίιωιωσίἰωΡνσςῙεαὶ.

2433 2613 2968 2693 Declarationes
3046 2609 3301 2686 Sacrae
3339 2619 3342 2620 *
3372 2597 3963 2708 Congregationis

2533 2730 2831 2807 Consilii
2865 2755 3085 2833 super
3117 2742 3392 2832 puncto
3418 2781 3440 2817 ,
3471 2726 3633 2827 quis
3677 2720 3963 2797 dicatur

2535 2850 2877 2954 proprius
2909 2847 3276 2921 Parochus
3306 2840 3400 2929 ad
3449 2840 3790 2920 effectum
3833 2866 3960 2915 va-

2535 2966 2828 3042 liditatis
2859 2963 3340 3038 Matrimonii.

2437 3220 2740 3325 Aliquae
2803 3219 3138 3319 antiquae
3197 3211 3693 3289 Resolutiones
3760 3207 3963 3285 refe-

2541 3353 2813 3413 runtur
2858 3331 3059 3437 apud
3100 3336 3451 3432 Fagnan.
3500 3338 3579 3404 in
3639 3354 3806 3425 cap.
3857 3334 3970 3401 si·-

2541 3456 2925 3557 gnficavit
2976 3478 3029 3525 a
3077 3474 3271 3523 num.
3317 3441 3451 3522 ffl.
3501 3444 3610 3519 ad
3636 3439 3762 3518 56.
3799 3469 3968 3517 cum

2545 3601 2747 3677 seqq.
2798 3570 2888 3645 de
2942 3567 3339 3645 Par-ochis.
3462 3559 3466 3562 ’

2493 3944 2735 4006 Praeter
2759 3938 2871 4001 has
2907 3935 3064 4000 aliae
3093 3909 3488 4015 'reperiuntur
3508 3930 3576 3992 in
3601 3930 3868 4014 Regestis
3894 3976 3913 4004 ,

2748 4040 2811 4096 et
2854 4036 2998 4093 sunt
3019 4074 3039 4105 ,
3083 4047 3242 4110 quae
3278 4034 3620 4109 sequuntur
3645 4067 3665 4088 .

2434 4239 2509 4302 Ia
2548 4256 2669 4300 una
2710 4234 2969 4297 Romana
3019 4234 3119 4292 22.
3154 4227 3457 4291 Februarii
3498 4231 3675 4292 1631.
3730 4227 3827 4288 lib.
3878 4228 3975 4289 14.

2523 4332 2526 4337 ’
2668 4329 3030 4408 Dscrctorum
3049 4325 3268 4406 pagina
3289 4327 3428 4385 390.
3455 4342 3495 4385 a
3528 4332 3701 4403 tsi-qo·

2435 4506 2747 4625 Romana
2767 4555 3076 4621 Nullitatis
3093 4553 3273 4618 Matri
3281 4551 3488 4615 monii.
3514 4500 3698 4614 Sacra
3713 4556 3827 4614 etc.
3842 4549 3988 4613 Cen·

2435 4657 2558 4720 suit
2582 4652 2845 4719 dandam
2866 4669 2993 4733 esse
3012 4645 3530 4796 Declarationem
3510 4662 3576 4705 ιιι
3597 4642 3931 4707 abstracto'
3913 4661 3982 4704 ιιι

2427 4753 2634 4817 ἼιὀιἸιιο
2659 4745 2978 4827 sequenti.

2555 4844 2695 4917 Vir,
2719 4848 2780 4904 et
2809 4837 3031 4902 Mulier
3053 4855 3091 4907 a
3109 4835 3241 4898 loco
3265 4852 3410 4897 suae
3427 4830 3836 4894 Habitationis
3854 4829 3990 4892 abs-

2438 4958 2560 5021 que
2606 4935 2811 4999 animo
2854 4930 3024 5011 illam
3068 4924 3449 5008 relinquendi
3479 4924 3883 4995 discedentes,
3927 4929 3991 4987 et

2363 5046 2370 5057 “
2440 5032 2518 5097 ad
2554 5031 2758 5093 locum
2795 5024 3046 5089 alterius
3075 5021 3402 5084 Parochiae
3435 5018 3562 5081 solo
3603 5017 3807 5080 animo
3857 5017 3989 5079 illic

2439 5122 2899 5190 Matrimonium
2920 5115 3297 5190 celebrandi,
3341 5133 3464 5176 non
3491 5121 3692 5176 autem
3718 5111 3985 5174 Domici-

2440 5220 2593 5282 lium
2619 5210 3047 5284 contrahendi,
3080 5228 3147 5270 se
3187 5206 3645 5279 transferentes,
3688 5205 3799 5267 ubi
3846 5224 3986 5268 cum

2443 5310 2713 5377 Par-ocho
2739 5307 2904 5370 illius
2930 5304 3046 5367 loci
3072 5300 3528 5366 Matrimonium
3549 5299 3707 5362 iuter
3728 5320 3794 5362 se
3836 5318 3984 5363 con-

2442 5409 2792 5479 traxeruut3
2820 5397 3204 5481 Supplicatur
3241 5413 3350 5478 per
3374 5394 3618 5459 Sacram
3642 5393 3983 5477 Congrega-
