<?xml version="1.0" encoding="UTF-8"?>
<!DOCTYPE html PUBLIC "-//W3C//DTD XHTML 1.0 Transitional//EN"
    "http://www.w3.org/TR/xhtml1/DTD/xhtml1-transitional.dtd">
<html xmlns="http://www.w3.org/1999/xhtml" xml:lang="en" lang="en">
 <head>
  <title>
</title>
<meta http-equiv="Content-Type" content="text/html;charset=utf-8" />
  <meta name='ocr-system' content='tesseract 3.04.00' />
  <meta name='ocr-capabilities' content='ocr_page ocr_carea ocr_par ocr_line ocrx_word'/>
</head>
<body>
  <div class='ocr_page' id='page_1' title='image "benedictixivpon01xivgoog_0059.png"; bbox 0 0 4393 6299; ppageno 0'>
   <div class='ocr_carea' id='block_1_1' title="bbox 1680 490 3421 572">
    <p class='ocr_par' dir='ltr' id='par_1_1' title="bbox 1680 490 3421 572">
     <span class='ocr_line' id='line_1_1' title="bbox 1680 490 3421 572; baseline 0 -12"><span class='ocrx_word' id='word_1_1' title='bbox 1680 500 1944 572; x_wconf 62' lang='lat' dir='ltr'><strong>oues</strong></span> <span class='ocrx_word' id='word_1_2' title='bbox 1972 502 2146 558; x_wconf 65' lang='lat' dir='ltr'><strong>&#39;rte</strong></span> <span class='ocrx_word' id='word_1_3' title='bbox 2205 498 2354 561; x_wconf 70' lang='lat' dir='ltr'><strong>xm</strong></span> <span class='ocrx_word' id='word_1_4' title='bbox 3352 490 3421 569; x_wconf 66' lang='lat' dir='ltr'><strong>ss</strong></span> 
     </span>
    </p>
   </div>
   <div class='ocr_carea' id='block_1_2' title="bbox 354 648 3600 3193">
    <p class='ocr_par' dir='ltr' id='par_1_2' title="bbox 388 648 3600 835">
     <span class='ocr_line' id='line_1_2' title="bbox 390 648 3600 745; baseline 0.001 -23"><span class='ocrx_word' id='word_1_5' title='bbox 390 658 562 722; x_wconf 87' lang='lat' dir='ltr'><strong>nium</strong></span> <span class='ocrx_word' id='word_1_6' title='bbox 619 657 871 720; x_wconf 85' lang='lat' dir='ltr'><strong>Patrum</strong></span> <span class='ocrx_word' id='word_1_7' title='bbox 888 702 904 731; x_wconf 93' lang='lat'><strong>,</strong></span> <span class='ocrx_word' id='word_1_8' title='bbox 962 648 1246 727; x_wconf 64' lang='lat' dir='ltr'><strong>iufer‘tur,</strong></span> <span class='ocrx_word' id='word_1_9' title='bbox 1294 657 1458 736; x_wconf 79' lang='lat' dir='ltr'><strong>quud</strong></span> <span class='ocrx_word' id='word_1_10' title='bbox 1506 655 1637 738; x_wconf 84' lang='lat' dir='ltr'><strong>ipsa</strong></span> <span class='ocrx_word' id='word_1_11' title='bbox 1681 658 1945 723; x_wconf 83' lang='lat' dir='ltr'><strong>voluerit</strong></span> <span class='ocrx_word' id='word_1_12' title='bbox 2052 659 2422 742; x_wconf 78' lang='lat' dir='ltr'><strong>gregationis</strong></span> <span class='ocrx_word' id='word_1_13' title='bbox 2444 648 2710 726; x_wconf 87' lang='lat' dir='ltr'><strong>Oratorii</strong></span> <span class='ocrx_word' id='word_1_14' title='bbox 2735 661 2938 726; x_wconf 82' lang='lat' dir='ltr'><strong>Sancti</strong></span> <span class='ocrx_word' id='word_1_15' title='bbox 2982 660 3266 745; x_wconf 76' lang='lat' dir='ltr'><strong>Philippi</strong></span> <span class='ocrx_word' id='word_1_16' title='bbox 3290 658 3455 727; x_wconf 72' lang='lat' dir='ltr'><strong>Nerii</strong></span> <span class='ocrx_word' id='word_1_17' title='bbox 3504 660 3600 725; x_wconf 67' lang='lat' dir='ltr'><strong>dt·-</strong></span> 
     </span>
     <span class='ocr_line' id='line_1_3' title="bbox 388 752 2446 835; baseline 0 -18"><span class='ocrx_word' id='word_1_18' title='bbox 388 754 575 817; x_wconf 85' lang='lat' dir='ltr'><strong>nnius</strong></span> <span class='ocrx_word' id='word_1_19' title='bbox 618 762 857 816; x_wconf 81' lang='lat' dir='ltr'><strong>tantum</strong></span> <span class='ocrx_word' id='word_1_20' title='bbox 908 753 1128 815; x_wconf 78' lang='lat' dir='ltr'><strong>Missae</strong></span> <span class='ocrx_word' id='word_1_21' title='bbox 1165 752 1632 815; x_wconf 70' lang='lat' dir='ltr'><strong>celebrationem</strong></span> <span class='ocrx_word' id='word_1_22' title='bbox 1668 753 1944 835; x_wconf 87' lang='lat' dir='ltr'><strong>qualibet</strong></span> <span class='ocrx_word' id='word_1_23' title='bbox 2047 763 2176 818; x_wconf 89' lang='lat' dir='ltr'><strong>ctae</strong></span> <span class='ocrx_word' id='word_1_24' title='bbox 2204 758 2446 819; x_wconf 86' lang='lat' dir='ltr'><strong>Terrae.</strong></span> 
     </span>
    </p>

    <p class='ocr_par' dir='ltr' id='par_1_3' title="bbox 377 847 3600 1502">
     <span class='ocr_line' id='line_1_4' title="bbox 388 847 3600 928; baseline 0.001 -17"><span class='ocrx_word' id='word_1_25' title='bbox 388 849 797 919; x_wconf 68' lang='lat' dir='ltr'><strong>hebdomada,</strong></span> <span class='ocrx_word' id='word_1_26' title='bbox 824 848 976 910; x_wconf 88' lang='lat' dir='ltr'><strong>alias</strong></span> <span class='ocrx_word' id='word_1_27' title='bbox 994 847 1317 910; x_wconf 86' lang='lat' dir='ltr'><strong>dicendum</strong></span> <span class='ocrx_word' id='word_1_28' title='bbox 1343 856 1516 921; x_wconf 83' lang='lat' dir='ltr'><strong>esset,</strong></span> <span class='ocrx_word' id='word_1_29' title='bbox 1529 848 1691 928; x_wconf 90' lang='lat' dir='ltr'><strong>quod</strong></span> <span class='ocrx_word' id='word_1_30' title='bbox 1713 847 1943 911; x_wconf 80' lang='lat' dir='ltr'><strong>voluis·</strong></span> <span class='ocrx_word' id='word_1_31' title='bbox 2166 851 2653 913; x_wconf 75' lang='lat' dir='ltr'><strong>Fundamentum</strong></span> <span class='ocrx_word' id='word_1_32' title='bbox 2678 852 3085 915; x_wconf 74' lang='lat' dir='ltr'><strong>parochorum</strong></span> <span class='ocrx_word' id='word_1_33' title='bbox 3108 851 3378 916; x_wconf 86' lang='lat' dir='ltr'><strong>consistit</strong></span> <span class='ocrx_word' id='word_1_34' title='bbox 3404 852 3472 914; x_wconf 88' lang='lat' dir='ltr'><strong>in</strong></span> <span class='ocrx_word' id='word_1_35' title='bbox 3496 851 3600 915; x_wconf 82' lang='lat' dir='ltr'><strong>Sa·</strong></span> 
     </span>
     <span class='ocr_line' id='line_1_5' title="bbox 387 940 3599 1029; baseline 0 -22"><span class='ocrx_word' id='word_1_36' title='bbox 387 956 499 1018; x_wconf 85' lang='lat' dir='ltr'><strong>set,</strong></span> <span class='ocrx_word' id='word_1_37' title='bbox 526 954 595 1006; x_wconf 89' lang='lat' dir='ltr'><strong>ut</strong></span> <span class='ocrx_word' id='word_1_38' title='bbox 624 942 902 1024; x_wconf 86' lang='lat' dir='ltr'><strong>qualibet</strong></span> <span class='ocrx_word' id='word_1_39' title='bbox 928 940 1307 1004; x_wconf 85' lang='lat' dir='ltr'><strong>hebdomada</strong></span> <span class='ocrx_word' id='word_1_40' title='bbox 1333 943 1563 1016; x_wconf 83' lang='lat' dir='ltr'><strong>Patres,</strong></span> <span class='ocrx_word' id='word_1_41' title='bbox 1585 950 1695 1004; x_wconf 92' lang='lat' dir='ltr'><strong>aut</strong></span> <span class='ocrx_word' id='word_1_42' title='bbox 1718 960 1756 1004; x_wconf 84' lang='lat' dir='ltr'><strong>a</strong></span> <span class='ocrx_word' id='word_1_43' title='bbox 1780 942 1939 1005; x_wconf 88' lang='lat' dir='ltr'><strong>Con·</strong></span> <span class='ocrx_word' id='word_1_44' title='bbox 2054 965 2300 1008; x_wconf 87' lang='lat' dir='ltr'><strong>crorum</strong></span> <span class='ocrx_word' id='word_1_45' title='bbox 2332 946 2647 1008; x_wconf 83' lang='lat' dir='ltr'><strong>Canonum</strong></span> <span class='ocrx_word' id='word_1_46' title='bbox 2667 946 3080 1028; x_wconf 68' lang='lat' dir='ltr'><strong>dispositione,</strong></span> <span class='ocrx_word' id='word_1_47' title='bbox 3102 958 3160 1010; x_wconf 90' lang='lat' dir='ltr'><strong>et</strong></span> <span class='ocrx_word' id='word_1_48' title='bbox 3189 947 3508 1029; x_wconf 86' lang='lat' dir='ltr'><strong>praecipue</strong></span> <span class='ocrx_word' id='word_1_49' title='bbox 3532 949 3599 1008; x_wconf 87' lang='lat' dir='ltr'><strong>in</strong></span> 
     </span>
     <span class='ocr_line' id='line_1_6' title="bbox 388 1036 3596 1123; baseline 0.001 -23"><span class='ocrx_word' id='word_1_50' title='bbox 388 1049 574 1101; x_wconf 78' lang='lat' dir='ltr'><strong>ventu</strong></span> <span class='ocrx_word' id='word_1_51' title='bbox 601 1038 804 1101; x_wconf 88' lang='lat' dir='ltr'><strong>Sancti</strong></span> <span class='ocrx_word' id='word_1_52' title='bbox 836 1036 1158 1099; x_wconf 84' lang='lat' dir='ltr'><strong>Clementis</strong></span> <span class='ocrx_word' id='word_1_53' title='bbox 1198 1037 1273 1099; x_wconf 95' lang='lat' dir='ltr'><strong>ad</strong></span> <span class='ocrx_word' id='word_1_54' title='bbox 1313 1036 1691 1100; x_wconf 85' lang='lat' dir='ltr'><strong>Conventum</strong></span> <span class='ocrx_word' id='word_1_55' title='bbox 1734 1036 1934 1099; x_wconf 90' lang='lat' dir='ltr'><strong>Sancti</strong></span> <span class='ocrx_word' id='word_1_56' title='bbox 2057 1039 2412 1103; x_wconf 81' lang='lat' dir='ltr'><strong>Clementina</strong></span> <span class='ocrx_word' id='word_1_57' title='bbox 2431 1042 2647 1102; x_wconf 81' lang='lat' dir='ltr'><strong>dudum</strong></span> <span class='ocrx_word' id='word_1_58' title='bbox 2669 1042 2734 1102; x_wconf 80' lang='lat' dir='ltr'><strong>de</strong></span> <span class='ocrx_word' id='word_1_59' title='bbox 2754 1040 3112 1123; x_wconf 81' lang='lat' dir='ltr'><strong>Sepulturis.</strong></span> <span class='ocrx_word' id='word_1_60' title='bbox 3138 1041 3408 1115; x_wconf 84' lang='lat' dir='ltr'><strong>Addunt,</strong></span> <span class='ocrx_word' id='word_1_61' title='bbox 3432 1042 3596 1123; x_wconf 86' lang='lat' dir='ltr'><strong>quod</strong></span> 
     </span>
     <span class='ocr_line' id='line_1_7' title="bbox 382 1131 3599 1218; baseline 0 -21"><span class='ocrx_word' id='word_1_62' title='bbox 382 1134 566 1207; x_wconf 80' lang='lat' dir='ltr'><strong>Sixti,</strong></span> <span class='ocrx_word' id='word_1_63' title='bbox 592 1144 754 1195; x_wconf 90' lang='lat' dir='ltr'><strong>anta</strong></span> <span class='ocrx_word' id='word_1_64' title='bbox 780 1133 1091 1194; x_wconf 74' lang='lat' dir='ltr'><strong>Conventa</strong></span> <span class='ocrx_word' id='word_1_65' title='bbox 1110 1131 1308 1195; x_wconf 87' lang='lat' dir='ltr'><strong>Sancti</strong></span> <span class='ocrx_word' id='word_1_66' title='bbox 1329 1131 1483 1193; x_wconf 79' lang='lat' dir='ltr'><strong>Sixti</strong></span> <span class='ocrx_word' id='word_1_67' title='bbox 1506 1131 1663 1193; x_wconf 89' lang='lat' dir='ltr'><strong>irent</strong></span> <span class='ocrx_word' id='word_1_68' title='bbox 1684 1131 1760 1193; x_wconf 89' lang='lat' dir='ltr'><strong>ad</strong></span> <span class='ocrx_word' id='word_1_69' title='bbox 1780 1131 1935 1194; x_wconf 87' lang='lat' dir='ltr'><strong>Con·</strong></span> <span class='ocrx_word' id='word_1_70' title='bbox 2047 1136 2262 1197; x_wconf 89' lang='lat' dir='ltr'><strong>Patres</strong></span> <span class='ocrx_word' id='word_1_71' title='bbox 2310 1134 2666 1198; x_wconf 83' lang='lat' dir='ltr'><strong>Scholarnm</strong></span> <span class='ocrx_word' id='word_1_72' title='bbox 2720 1134 2963 1199; x_wconf 87' lang='lat' dir='ltr'><strong>Piarum</strong></span> <span class='ocrx_word' id='word_1_73' title='bbox 2990 1181 3007 1210; x_wconf 87' lang='lat'>‚</span> <span class='ocrx_word' id='word_1_74' title='bbox 3065 1146 3127 1199; x_wconf 86' lang='lat' dir='ltr'><strong>et</strong></span> <span class='ocrx_word' id='word_1_75' title='bbox 3173 1136 3336 1218; x_wconf 85' lang='lat' dir='ltr'><strong>quod</strong></span> <span class='ocrx_word' id='word_1_76' title='bbox 3392 1136 3599 1200; x_wconf 83' lang='lat' dir='ltr'><strong>Patres</strong></span> 
     </span>
     <span class='ocr_line' id='line_1_8' title="bbox 384 1225 3598 1312; baseline 0.001 -20"><span class='ocrx_word' id='word_1_77' title='bbox 384 1238 634 1292; x_wconf 73' lang='lat' dir='ltr'><strong>ventum</strong></span> <span class='ocrx_word' id='word_1_78' title='bbox 670 1227 874 1291; x_wconf 86' lang='lat' dir='ltr'><strong>Sancti</strong></span> <span class='ocrx_word' id='word_1_79' title='bbox 904 1226 1227 1289; x_wconf 87' lang='lat' dir='ltr'><strong>Clementis</strong></span> <span class='ocrx_word' id='word_1_80' title='bbox 1252 1245 1364 1307; x_wconf 88' lang='lat' dir='ltr'><strong>pro</strong></span> <span class='ocrx_word' id='word_1_81' title='bbox 1406 1225 1588 1288; x_wconf 79' lang='lat' dir='ltr'><strong>Missa</strong></span> <span class='ocrx_word' id='word_1_82' title='bbox 1631 1226 1932 1301; x_wconf 87' lang='lat' dir='ltr'><strong>canenda,</strong></span> <span class='ocrx_word' id='word_1_83' title='bbox 2047 1228 2313 1292; x_wconf 88' lang='lat' dir='ltr'><strong>Oratorii</strong></span> <span class='ocrx_word' id='word_1_84' title='bbox 2335 1230 2396 1292; x_wconf 88' lang='lat' dir='ltr'><strong>S.</strong></span> <span class='ocrx_word' id='word_1_85' title='bbox 2438 1228 2704 1312; x_wconf 86' lang='lat' dir='ltr'><strong>Philippi</strong></span> <span class='ocrx_word' id='word_1_86' title='bbox 2736 1230 2907 1292; x_wconf 91' lang='lat' dir='ltr'><strong>nullo</strong></span> <span class='ocrx_word' id='word_1_87' title='bbox 2933 1232 3224 1293; x_wconf 80' lang='lat' dir='ltr'><strong>fruuntur</strong></span> <span class='ocrx_word' id='word_1_88' title='bbox 3250 1231 3598 1312; x_wconf 81' lang='lat' dir='ltr'><strong>exemptivo</strong></span> 
     </span>
     <span class='ocr_line' id='line_1_9' title="bbox 377 1319 3598 1408; baseline 0.001 -23"><span class='ocrx_word' id='word_1_89' title='bbox 377 1322 547 1405; x_wconf 80' lang='lat' dir='ltr'><strong>quod</strong></span> <span class='ocrx_word' id='word_1_90' title='bbox 596 1323 843 1384; x_wconf 82' lang='lat' dir='ltr'><strong>videtur</strong></span> <span class='ocrx_word' id='word_1_91' title='bbox 894 1321 1228 1385; x_wconf 84' lang='lat' dir='ltr'><strong>absurdum</strong></span> <span class='ocrx_word' id='word_1_92' title='bbox 1252 1365 1270 1395; x_wconf 89' lang='lat'><em>‚</em></span> <span class='ocrx_word' id='word_1_93' title='bbox 1325 1328 1387 1383; x_wconf 90' lang='lat' dir='ltr'><strong>et</strong></span> <span class='ocrx_word' id='word_1_94' title='bbox 1431 1339 1588 1383; x_wconf 87' lang='lat' dir='ltr'><strong>onus</strong></span> <span class='ocrx_word' id='word_1_95' title='bbox 1646 1319 1934 1384; x_wconf 89' lang='lat' dir='ltr'><strong>intolera·</strong></span> <span class='ocrx_word' id='word_1_96' title='bbox 2048 1324 2380 1408; x_wconf 80' lang='lat' dir='ltr'><strong>privilegio</strong></span> <span class='ocrx_word' id='word_1_97' title='bbox 2425 1345 2460 1387; x_wconf 87' lang='lat' dir='ltr'><strong>a</strong></span> <span class='ocrx_word' id='word_1_98' title='bbox 2492 1326 2792 1388; x_wconf 89' lang='lat' dir='ltr'><strong>solutione</strong></span> <span class='ocrx_word' id='word_1_99' title='bbox 2836 1325 3105 1400; x_wconf 86' lang='lat' dir='ltr'><strong>Quartae</strong></span> <span class='ocrx_word' id='word_1_100' title='bbox 3139 1324 3460 1388; x_wconf 83' lang='lat' dir='ltr'><strong>Funeralis</strong></span> <span class='ocrx_word' id='word_1_101' title='bbox 3478 1370 3496 1398; x_wconf 91' lang='lat'>‚</span> <span class='ocrx_word' id='word_1_102' title='bbox 3534 1334 3598 1389; x_wconf 87' lang='lat' dir='ltr'><strong>et</strong></span> 
     </span>
     <span class='ocr_line' id='line_1_10' title="bbox 380 1419 3595 1502; baseline 0.001 -22"><span class='ocrx_word' id='word_1_103' title='bbox 380 1419 535 1481; x_wconf 80' lang='lat' dir='ltr'><strong>bile.</strong></span> <span class='ocrx_word' id='word_1_104' title='bbox 2043 1421 2331 1501; x_wconf 85' lang='lat' dir='ltr'><strong>quamvis</strong></span> <span class='ocrx_word' id='word_1_105' title='bbox 2351 1420 2534 1482; x_wconf 79' lang='lat' dir='ltr'><strong>fuerit</strong></span> <span class='ocrx_word' id='word_1_106' title='bbox 2558 1419 2711 1483; x_wconf 87' lang='lat' dir='ltr'><strong>alias</strong></span> <span class='ocrx_word' id='word_1_107' title='bbox 2731 1420 3087 1493; x_wconf 86' lang='lat' dir='ltr'><strong>resolutum,</strong></span> <span class='ocrx_word' id='word_1_108' title='bbox 3119 1420 3282 1502; x_wconf 90' lang='lat' dir='ltr'><strong>quod</strong></span> <span class='ocrx_word' id='word_1_109' title='bbox 3325 1420 3595 1483; x_wconf 77' lang='lat' dir='ltr'><strong>Minores</strong></span> 
     </span>
    </p>

    <p class='ocr_par' dir='ltr' id='par_1_4' title="bbox 360 1508 3595 2616">
     <span class='ocr_line' id='line_1_11' title="bbox 492 1508 3593 1596; baseline -0.003 -10"><span class='ocrx_word' id='word_1_110' title='bbox 492 1512 700 1575; x_wconf 69' lang='lat' dir='ltr'><strong>Terfia</strong></span> <span class='ocrx_word' id='word_1_111' title='bbox 727 1519 851 1586; x_wconf 59' lang='grc' dir='ltr'><strong>(Ξῖ,</strong></span> <span class='ocrx_word' id='word_1_112' title='bbox 875 1510 1038 1593; x_wconf 64' lang='lat' dir='ltr'><strong>qum!</strong></span> <span class='ocrx_word' id='word_1_113' title='bbox 1068 1510 1368 1573; x_wconf 64' lang='lat' dir='ltr'><strong>Toeffll’ffx</strong></span> <span class='ocrx_word' id='word_1_114' title='bbox 1389 1508 1718 1583; x_wconf 68' lang='lat' dir='ltr'><strong>mlloefive,</strong></span> <span class='ocrx_word' id='word_1_115' title='bbox 1743 1516 1802 1571; x_wconf 69' lang='lat'><strong>0²</strong></span> <span class='ocrx_word' id='word_1_116' title='bbox 1826 1529 1933 1590; x_wconf 68' lang='lat' dir='ltr'><strong>per</strong></span> <span class='ocrx_word' id='word_1_117' title='bbox 2044 1515 2375 1579; x_wconf 77' lang='lat' dir='ltr'><strong>Reformati</strong></span> <span class='ocrx_word' id='word_1_118' title='bbox 2416 1515 2665 1578; x_wconf 82' lang='lat' dir='ltr'><strong>Ordinis</strong></span> <span class='ocrx_word' id='word_1_119' title='bbox 2690 1516 2752 1578; x_wconf 91' lang='lat' dir='ltr'><strong>S.</strong></span> <span class='ocrx_word' id='word_1_120' title='bbox 2790 1515 3091 1578; x_wconf 84' lang='lat' dir='ltr'><strong>Francisci</strong></span> <span class='ocrx_word' id='word_1_121' title='bbox 3121 1515 3240 1577; x_wconf 86' lang='lat' dir='ltr'><strong>sint</strong></span> <span class='ocrx_word' id='word_1_122' title='bbox 3267 1515 3530 1596; x_wconf 81' lang='lat' dir='ltr'><strong>exempti</strong></span> <span class='ocrx_word' id='word_1_123' title='bbox 3553 1533 3593 1577; x_wconf 84' lang='lat' dir='ltr'><strong>a</strong></span> 
     </span>
     <span class='ocr_line' id='line_1_12' title="bbox 376 1601 3591 1691; baseline 0 -20"><span class='ocrx_word' id='word_1_124' title='bbox 376 1608 625 1671; x_wconf 86' lang='lat' dir='ltr'><strong>modum</strong></span> <span class='ocrx_word' id='word_1_125' title='bbox 665 1606 853 1667; x_wconf 89' lang='lat' dir='ltr'><strong>unius</strong></span> <span class='ocrx_word' id='word_1_126' title='bbox 897 1603 1095 1667; x_wconf 84' lang='lat' dir='ltr'><strong>locuta</strong></span> <span class='ocrx_word' id='word_1_127' title='bbox 1143 1612 1235 1665; x_wconf 85' lang='lat' dir='ltr'><strong>est</strong></span> <span class='ocrx_word' id='word_1_128' title='bbox 1280 1602 1356 1665; x_wconf 90' lang='lat' dir='ltr'><strong>de</strong></span> <span class='ocrx_word' id='word_1_129' title='bbox 1402 1601 1686 1666; x_wconf 86' lang='lat' dir='ltr'><strong>Patribus</strong></span> <span class='ocrx_word' id='word_1_130' title='bbox 1730 1602 1930 1666; x_wconf 87' lang='lat' dir='ltr'><strong>Sancti</strong></span> <span class='ocrx_word' id='word_1_131' title='bbox 2042 1608 2345 1671; x_wconf 88' lang='lat' dir='ltr'><strong>solutione</strong></span> <span class='ocrx_word' id='word_1_132' title='bbox 2407 1609 2676 1684; x_wconf 75' lang='lat' dir='ltr'><strong>Quartae</strong></span> <span class='ocrx_word' id='word_1_133' title='bbox 2735 1609 2798 1671; x_wconf 90' lang='lat' dir='ltr'><strong>in</strong></span> <span class='ocrx_word' id='word_1_134' title='bbox 2847 1608 3591 1691; x_wconf 10' lang='lat' dir='ltr'><strong>sequelamfflpotissimnm</strong></span> 
     </span>
     <span class='ocr_line' id='line_1_13' title="bbox 371 1698 3595 1785; baseline 0 -20"><span class='ocrx_word' id='word_1_135' title='bbox 371 1700 727 1775; x_wconf 68' lang='lat' dir='ltr'><strong>(flementis,</strong></span> <span class='ocrx_word' id='word_1_136' title='bbox 754 1708 816 1763; x_wconf 92' lang='lat' dir='ltr'><strong>et</strong></span> <span class='ocrx_word' id='word_1_137' title='bbox 842 1698 1042 1762; x_wconf 86' lang='lat' dir='ltr'><strong>Sancti</strong></span> <span class='ocrx_word' id='word_1_138' title='bbox 1065 1698 1258 1760; x_wconf 81' lang='lat' dir='ltr'><strong>Sixti:</strong></span> <span class='ocrx_word' id='word_1_139' title='bbox 1284 1698 1487 1760; x_wconf 83' lang='lat' dir='ltr'><strong>Lascio</strong></span> <span class='ocrx_word' id='word_1_140' title='bbox 1514 1699 1707 1777; x_wconf 73' lang='lat' dir='ltr'><strong>luoqhi</strong></span> <span class='ocrx_word' id='word_1_141' title='bbox 1721 1718 1931 1760; x_wconf 86' lang='lat' dir='ltr'><strong>sessan-</strong></span> <span class='ocrx_word' id='word_1_142' title='bbox 2044 1704 2260 1766; x_wconf 84' lang='lat' dir='ltr'><strong>Brevis</strong></span> <span class='ocrx_word' id='word_1_143' title='bbox 2280 1703 2426 1766; x_wconf 83' lang='lat' dir='ltr'><strong>Julii</strong></span> <span class='ocrx_word' id='word_1_144' title='bbox 2456 1704 2741 1774; x_wconf 81' lang='lat' dir='ltr'><strong>Secundi,</strong></span> <span class='ocrx_word' id='word_1_145' title='bbox 2770 1705 2836 1766; x_wconf 93' lang='lat' dir='ltr'><strong>in</strong></span> <span class='ocrx_word' id='word_1_146' title='bbox 2858 1723 2984 1785; x_wconf 90' lang='lat' dir='ltr'><strong>quo</strong></span> <span class='ocrx_word' id='word_1_147' title='bbox 3009 1704 3175 1767; x_wconf 88' lang='lat' dir='ltr'><strong>adest</strong></span> <span class='ocrx_word' id='word_1_148' title='bbox 3201 1703 3474 1767; x_wconf 73' lang='lat' dir='ltr'><strong>clausula</strong></span> <span class='ocrx_word' id='word_1_149' title='bbox 3491 1704 3595 1766; x_wconf 90' lang='lat' dir='ltr'><strong>de-</strong></span> 
     </span>
     <span class='ocr_line' id='line_1_14' title="bbox 374 1791 3591 1880; baseline 0.001 -20"><span class='ocrx_word' id='word_1_150' title='bbox 374 1811 433 1860; x_wconf 79' lang='lat' dir='ltr'><strong>ta</strong></span> <span class='ocrx_word' id='word_1_151' title='bbox 454 1799 568 1860; x_wconf 83' lang='lat' dir='ltr'><strong>alli</strong></span> <span class='ocrx_word' id='word_1_152' title='bbox 587 1796 768 1859; x_wconf 84' lang='lat' dir='ltr'><strong>Patri</strong></span> <span class='ocrx_word' id='word_1_153' title='bbox 790 1794 1162 1857; x_wconf 83' lang='lat' dir='ltr'><strong>Domenicani</strong></span> <span class='ocrx_word' id='word_1_154' title='bbox 1180 1796 1264 1855; x_wconf 61' lang='grc' dir='ltr'><strong>δι’</strong></span> <span class='ocrx_word' id='word_1_155' title='bbox 1281 1792 1461 1855; x_wconf 82' lang='lat' dir='ltr'><strong>Santi</strong></span> <span class='ocrx_word' id='word_1_156' title='bbox 1510 1791 1667 1855; x_wconf 84' lang='lat' dir='ltr'><strong>Siste</strong></span> <span class='ocrx_word' id='word_1_157' title='bbox 1686 1796 1924 1867; x_wconf 78' lang='lat' dir='ltr'><strong>vecchio,</strong></span> <span class='ocrx_word' id='word_1_158' title='bbox 2041 1799 2318 1880; x_wconf 80' lang='lat' dir='ltr'><strong>rogativa</strong></span> <span class='ocrx_word' id='word_1_159' title='bbox 2349 1798 2734 1861; x_wconf 69' lang='lat' dir='ltr'><strong>clementinae</strong></span> <span class='ocrx_word' id='word_1_160' title='bbox 2759 1800 2974 1860; x_wconf 82' lang='lat' dir='ltr'><strong>dudum</strong></span> <span class='ocrx_word' id='word_1_161' title='bbox 2997 1800 3063 1860; x_wconf 80' lang='lat' dir='ltr'><strong>de</strong></span> <span class='ocrx_word' id='word_1_162' title='bbox 3093 1798 3454 1879; x_wconf 82' lang='lat' dir='ltr'><strong>Sepulturis,</strong></span> <span class='ocrx_word' id='word_1_163' title='bbox 3498 1798 3591 1862; x_wconf 87' lang='lat' dir='ltr'><strong>uti</strong></span> 
     </span>
     <span class='ocr_line' id='line_1_15' title="bbox 369 1887 3584 1973; baseline 0.001 -18"><span class='ocrx_word' id='word_1_164' title='bbox 369 1915 399 1955; x_wconf 85' lang='lat' dir='ltr'><strong>s</strong></span> <span class='ocrx_word' id='word_1_165' title='bbox 430 1892 752 1953; x_wconf 75' lang='lat' dir='ltr'><strong>Clemente.</strong></span> <span class='ocrx_word' id='word_1_166' title='bbox 783 1890 952 1951; x_wconf 74' lang='lat' dir='ltr'><strong>{dem</strong></span> <span class='ocrx_word' id='word_1_167' title='bbox 975 1908 1118 1970; x_wconf 82' lang='lat' dir='ltr'><strong>ergo</strong></span> <span class='ocrx_word' id='word_1_168' title='bbox 1135 1888 1432 1972; x_wconf 86' lang='lat' dir='ltr'><strong>judicium</strong></span> <span class='ocrx_word' id='word_1_169' title='bbox 1456 1887 1774 1952; x_wconf 85' lang='lat' dir='ltr'><strong>serendum</strong></span> <span class='ocrx_word' id='word_1_170' title='bbox 1809 1898 1921 1964; x_wconf 83' lang='lat' dir='ltr'><strong>est,</strong></span> <span class='ocrx_word' id='word_1_171' title='bbox 2036 1891 2299 1956; x_wconf 85' lang='lat' dir='ltr'><strong>habetur</strong></span> <span class='ocrx_word' id='word_1_172' title='bbox 2319 1893 2381 1954; x_wconf 90' lang='lat' dir='ltr'><strong>in</strong></span> <span class='ocrx_word' id='word_1_173' title='bbox 2411 1894 2578 1957; x_wconf 80' lang='lat' dir='ltr'><strong>decis.</strong></span> <span class='ocrx_word' id='word_1_174' title='bbox 2609 1898 2745 1955; x_wconf 77' lang='lat'><strong>1⁹19.</strong></span> <span class='ocrx_word' id='word_1_175' title='bbox 2773 1914 2962 1955; x_wconf 84' lang='lat' dir='ltr'><strong>coram</strong></span> <span class='ocrx_word' id='word_1_176' title='bbox 2987 1894 3183 1973; x_wconf 83' lang='lat' dir='ltr'><strong>Rojas,</strong></span> <span class='ocrx_word' id='word_1_177' title='bbox 3228 1904 3280 1954; x_wconf 83' lang='lat' dir='ltr'><strong>et</strong></span> <span class='ocrx_word' id='word_1_178' title='bbox 3306 1897 3369 1954; x_wconf 84' lang='lat' dir='ltr'><strong>in</strong></span> <span class='ocrx_word' id='word_1_179' title='bbox 3414 1895 3584 1957; x_wconf 76' lang='lat' dir='ltr'><strong>decis.</strong></span> 
     </span>
     <span class='ocr_line' id='line_1_16' title="bbox 368 1982 1925 2069; baseline -0.001 -23"><span class='ocrx_word' id='word_1_180' title='bbox 368 1987 573 2069; x_wconf 81' lang='lat' dir='ltr'><strong>quoad</strong></span> <span class='ocrx_word' id='word_1_181' title='bbox 596 2006 728 2048; x_wconf 87' lang='lat' dir='ltr'><strong>eam</strong></span> <span class='ocrx_word' id='word_1_182' title='bbox 752 1994 991 2067; x_wconf 86' lang='lat' dir='ltr'><strong>partem</strong></span> <span class='ocrx_word' id='word_1_183' title='bbox 1020 1983 1406 2055; x_wconf 81' lang='lat' dir='ltr'><strong>Testamenti,</strong></span> <span class='ocrx_word' id='word_1_184' title='bbox 1438 1985 1500 2044; x_wconf 90' lang='lat' dir='ltr'><strong>in</strong></span> <span class='ocrx_word' id='word_1_185' title='bbox 1531 2002 1653 2064; x_wconf 90' lang='lat' dir='ltr'><strong>qua</strong></span> <span class='ocrx_word' id='word_1_186' title='bbox 1682 1982 1925 2047; x_wconf 87' lang='lat' dir='ltr'><strong>deman·</strong></span> 
     </span>
     <span class='ocr_line' id='line_1_17' title="bbox 368 2078 1923 2160; baseline -0.001 -17"><span class='ocrx_word' id='word_1_187' title='bbox 368 2082 542 2144; x_wconf 84' lang='lat' dir='ltr'><strong>davit</strong></span> <span class='ocrx_word' id='word_1_188' title='bbox 562 2081 781 2143; x_wconf 75' lang='lat' dir='ltr'><strong>Missae</strong></span> <span class='ocrx_word' id='word_1_189' title='bbox 793 2078 1269 2142; x_wconf 70' lang='lat' dir='ltr'><strong>celebrationem</strong></span> <span class='ocrx_word' id='word_1_190' title='bbox 1305 2078 1573 2160; x_wconf 86' lang='lat' dir='ltr'><strong>qualibet</strong></span> <span class='ocrx_word' id='word_1_191' title='bbox 1594 2078 1923 2142; x_wconf 84' lang='lat' dir='ltr'><strong>hebdoma-</strong></span> 
     </span>
     <span class='ocr_line' id='line_1_18' title="bbox 366 2171 1925 2250; baseline -0.003 -11"><span class='ocrx_word' id='word_1_192' title='bbox 366 2178 442 2239; x_wconf 78' lang='lat' dir='ltr'><strong>da</strong></span> <span class='ocrx_word' id='word_1_193' title='bbox 469 2176 600 2238; x_wconf 81' lang='lat' dir='ltr'><strong>nell’</strong></span> <span class='ocrx_word' id='word_1_194' title='bbox 613 2196 756 2250; x_wconf 89' lang='lat' dir='ltr'><strong>una,</strong></span> <span class='ocrx_word' id='word_1_195' title='bbox 777 2196 806 2238; x_wconf 85' lang='lat' dir='ltr'><strong>e</strong></span> <span class='ocrx_word' id='word_1_196' title='bbox 831 2177 1045 2237; x_wconf 78' lang='lat' dir='ltr'><strong>l&#39;altra</strong></span> <span class='ocrx_word' id='word_1_197' title='bbox 1071 2172 1275 2236; x_wconf 72' lang='lat' dir='ltr'><strong>chiesa</strong></span> <span class='ocrx_word' id='word_1_198' title='bbox 1296 2171 1513 2235; x_wconf 84' lang='lat' dir='ltr'><strong>de’SS.</strong></span> <span class='ocrx_word' id='word_1_199' title='bbox 1541 2172 1720 2244; x_wconf 79' lang='lat' dir='ltr'><strong>Siste,</strong></span> <span class='ocrx_word' id='word_1_200' title='bbox 1747 2194 1774 2235; x_wconf 83' lang='lat' dir='ltr'><strong>e</strong></span> <span class='ocrx_word' id='word_1_201' title='bbox 1800 2173 1925 2234; x_wconf 82' lang='lat' dir='ltr'><strong>Cle-</strong></span> 
     </span>
     <span class='ocr_line' id='line_1_19' title="bbox 372 2268 1920 2352; baseline -0.002 -19"><span class='ocrx_word' id='word_1_202' title='bbox 372 2283 545 2333; x_wconf 71' lang='lat' dir='ltr'><strong>mente</strong></span> <span class='ocrx_word' id='word_1_203' title='bbox 559 2291 581 2340; x_wconf 89' lang='grc'><strong>·,·</strong></span> <span class='ocrx_word' id='word_1_204' title='bbox 605 2272 672 2332; x_wconf 89' lang='lat' dir='ltr'><strong>in</strong></span> <span class='ocrx_word' id='word_1_205' title='bbox 686 2289 810 2352; x_wconf 88' lang='lat' dir='ltr'><strong>quo</strong></span> <span class='ocrx_word' id='word_1_206' title='bbox 833 2288 1039 2331; x_wconf 88' lang='lat' dir='ltr'><strong>rerum</strong></span> <span class='ocrx_word' id='word_1_207' title='bbox 1062 2276 1219 2331; x_wconf 89' lang='lat' dir='ltr'><strong>statu</strong></span> <span class='ocrx_word' id='word_1_208' title='bbox 1235 2287 1357 2330; x_wconf 89' lang='lat' dir='ltr'><strong>non</strong></span> <span class='ocrx_word' id='word_1_209' title='bbox 1374 2279 1465 2331; x_wconf 85' lang='lat' dir='ltr'><strong>est</strong></span> <span class='ocrx_word' id='word_1_210' title='bbox 1482 2286 1739 2340; x_wconf 84' lang='lat' dir='ltr'><strong>necesse,</strong></span> <span class='ocrx_word' id='word_1_211' title='bbox 1755 2268 1920 2348; x_wconf 89' lang='lat' dir='ltr'><strong>quod</strong></span> 
     </span>
     <span class='ocr_line' id='line_1_20' title="bbox 368 2362 1921 2448; baseline -0.003 -20"><span class='ocrx_word' id='word_1_212' title='bbox 368 2366 590 2448; x_wconf 84' lang='lat' dir='ltr'><strong>duplex</strong></span> <span class='ocrx_word' id='word_1_213' title='bbox 624 2365 807 2428; x_wconf 79' lang='lat' dir='ltr'><strong>Missa</strong></span> <span class='ocrx_word' id='word_1_214' title='bbox 841 2371 1101 2427; x_wconf 87' lang='lat' dir='ltr'><strong>canatur</strong></span> <span class='ocrx_word' id='word_1_215' title='bbox 1128 2408 1145 2437; x_wconf 89' lang='lat'><strong>,</strong></span> <span class='ocrx_word' id='word_1_216' title='bbox 1176 2363 1277 2425; x_wconf 88' lang='lat' dir='ltr'><strong>sed</strong></span> <span class='ocrx_word' id='word_1_217' title='bbox 1330 2376 1452 2424; x_wconf 90' lang='lat' dir='ltr'><strong>nna</strong></span> <span class='ocrx_word' id='word_1_218' title='bbox 1483 2362 1729 2435; x_wconf 85' lang='lat' dir='ltr'><strong>sufficit,</strong></span> <span class='ocrx_word' id='word_1_219' title='bbox 1762 2380 1921 2441; x_wconf 88' lang='lat' dir='ltr'><strong>quae</strong></span> 
     </span>
     <span class='ocr_line' id='line_1_21' title="bbox 361 2457 1918 2541; baseline -0.002 -19"><span class='ocrx_word' id='word_1_220' title='bbox 361 2468 640 2523; x_wconf 87' lang='lat' dir='ltr'><strong>cantetur</strong></span> <span class='ocrx_word' id='word_1_221' title='bbox 652 2458 936 2541; x_wconf 74' lang='lat' dir='ltr'><strong>‘qualibet</strong></span> <span class='ocrx_word' id='word_1_222' title='bbox 955 2458 1338 2529; x_wconf 81' lang='lat' dir='ltr'><strong>hebdomada</strong></span> <span class='ocrx_word' id='word_1_223' title='bbox 1357 2458 1424 2518; x_wconf 86' lang='lat' dir='ltr'><strong>in</strong></span> <span class='ocrx_word' id='word_1_224' title='bbox 1444 2457 1636 2520; x_wconf 84' lang='lat' dir='ltr'><strong>altera</strong></span> <span class='ocrx_word' id='word_1_225' title='bbox 1652 2477 1728 2519; x_wconf 84' lang='lat' dir='ltr'><strong>ex</strong></span> <span class='ocrx_word' id='word_1_226' title='bbox 1743 2457 1918 2519; x_wconf 86' lang='lat' dir='ltr'><strong>dictis</strong></span> 
     </span>
     <span class='ocr_line' id='line_1_22' title="bbox 360 2554 1225 2616; baseline -0.006 0"><span class='ocrx_word' id='word_1_227' title='bbox 360 2554 646 2616; x_wconf 84' lang='lat' dir='ltr'><strong>Ecclesiis</strong></span> <span class='ocrx_word' id='word_1_228' title='bbox 668 2595 688 2614; x_wconf 84' lang='lat'><strong>.</strong></span> <span class='ocrx_word' id='word_1_229' title='bbox 1220 2558 1225 2563; x_wconf 79' lang='grc'><strong>’</strong></span> 
     </span>
    </p>

    <p class='ocr_par' dir='ltr' id='par_1_5' title="bbox 354 2643 1916 3193">
     <span class='ocr_line' id='line_1_23' title="bbox 479 2643 1916 2730; baseline -0.002 -20"><span class='ocrx_word' id='word_1_230' title='bbox 479 2648 714 2723; x_wconf 88' lang='lat' dir='ltr'><strong>Quarta</strong></span> <span class='ocrx_word' id='word_1_231' title='bbox 741 2646 987 2710; x_wconf 87' lang='lat' dir='ltr'><strong>tandem</strong></span> <span class='ocrx_word' id='word_1_232' title='bbox 1007 2655 1124 2719; x_wconf 59' lang='lat' dir='ltr'><strong>ost,</strong></span> <span class='ocrx_word' id='word_1_233' title='bbox 1155 2645 1319 2726; x_wconf 87' lang='lat' dir='ltr'><strong>quod</strong></span> <span class='ocrx_word' id='word_1_234' title='bbox 1347 2645 1556 2708; x_wconf 86' lang='lat' dir='ltr'><strong>Patres</strong></span> <span class='ocrx_word' id='word_1_235' title='bbox 1576 2644 1660 2707; x_wconf 88' lang='lat' dir='ltr'><strong>de</strong></span> <span class='ocrx_word' id='word_1_236' title='bbox 1678 2643 1916 2730; x_wconf 77' lang='lat' dir='ltr'><strong>familia</strong></span> 
     </span>
     <span class='ocr_line' id='line_1_24' title="bbox 357 2737 1916 2819; baseline -0.002 -15"><span class='ocrx_word' id='word_1_237' title='bbox 357 2743 784 2804; x_wconf 73' lang='lat' dir='ltr'><strong>Conventuum</strong></span> <span class='ocrx_word' id='word_1_238' title='bbox 814 2740 875 2801; x_wconf 88' lang='lat' dir='ltr'><strong>S.</strong></span> <span class='ocrx_word' id='word_1_239' title='bbox 906 2738 1251 2811; x_wconf 87' lang='lat' dir='ltr'><strong>Clementis,</strong></span> <span class='ocrx_word' id='word_1_240' title='bbox 1287 2747 1346 2802; x_wconf 90' lang='lat' dir='ltr'><strong>et</strong></span> <span class='ocrx_word' id='word_1_241' title='bbox 1389 2738 1451 2800; x_wconf 89' lang='lat' dir='ltr'><strong>S.</strong></span> <span class='ocrx_word' id='word_1_242' title='bbox 1498 2737 1654 2801; x_wconf 85' lang='lat' dir='ltr'><strong>Sixti</strong></span> <span class='ocrx_word' id='word_1_243' title='bbox 1680 2754 1916 2819; x_wconf 78' lang='lat' dir='ltr'><strong>semper</strong></span> 
     </span>
     <span class='ocr_line' id='line_1_25' title="bbox 355 2832 1912 2916; baseline 0 -19"><span class='ocrx_word' id='word_1_244' title='bbox 355 2836 718 2898; x_wconf 79' lang='lat' dir='ltr'><strong>considerati</strong></span> <span class='ocrx_word' id='word_1_245' title='bbox 745 2846 884 2897; x_wconf 89' lang='lat' dir='ltr'><strong>sunt</strong></span> <span class='ocrx_word' id='word_1_246' title='bbox 914 2855 1021 2916; x_wconf 88' lang='lat' dir='ltr'><strong>per</strong></span> <span class='ocrx_word' id='word_1_247' title='bbox 1045 2835 1292 2895; x_wconf 87' lang='lat' dir='ltr'><strong>modum</strong></span> <span class='ocrx_word' id='word_1_248' title='bbox 1324 2832 1529 2905; x_wconf 67' lang='lat' dir='ltr'><strong>unius»,</strong></span> <span class='ocrx_word' id='word_1_249' title='bbox 1559 2833 1912 2897; x_wconf 86' lang='lat' dir='ltr'><strong>itautSacra</strong></span> 
     </span>
     <span class='ocr_line' id='line_1_26' title="bbox 354 2926 1914 3013; baseline -0.001 -21"><span class='ocrx_word' id='word_1_250' title='bbox 354 2930 747 3013; x_wconf 64' lang='lat' dir='ltr'><strong>congregatio</strong></span> <span class='ocrx_word' id='word_1_251' title='bbox 767 2950 948 3011; x_wconf 85' lang='lat' dir='ltr'><strong>super</strong></span> <span class='ocrx_word' id='word_1_252' title='bbox 964 2929 1279 3010; x_wconf 79' lang='lat' dir='ltr'><strong>disciplina</strong></span> <span class='ocrx_word' id='word_1_253' title='bbox 1304 2926 1696 3010; x_wconf 80' lang='lat' dir='ltr'><strong>Regularium</strong></span> <span class='ocrx_word' id='word_1_254' title='bbox 1718 2929 1914 2992; x_wconf 86' lang='lat' dir='ltr'><strong>decla-</strong></span> 
     </span>
     <span class='ocr_line' id='line_1_27' title="bbox 354 3023 1912 3105; baseline -0.001 -16"><span class='ocrx_word' id='word_1_255' title='bbox 354 3028 580 3089; x_wconf 76' lang='lat' dir='ltr'><strong>raverit</strong></span> <span class='ocrx_word' id='word_1_256' title='bbox 626 3027 715 3087; x_wconf 73' lang='lat' dir='ltr'><strong>die.</strong></span> <span class='ocrx_word' id='word_1_257' title='bbox 768 3031 866 3087; x_wconf 86' lang='lat'><strong>13.</strong></span> <span class='ocrx_word' id='word_1_258' title='bbox 911 3026 1166 3104; x_wconf 77' lang='lat' dir='ltr'><strong>Auqusti</strong></span> <span class='ocrx_word' id='word_1_259' title='bbox 1214 3028 1390 3085; x_wconf 75' lang='lat'><strong>1700.</strong></span> <span class='ocrx_word' id='word_1_260' title='bbox 1436 3023 1600 3105; x_wconf 79' lang='lat' dir='ltr'><strong>quod</strong></span> <span class='ocrx_word' id='word_1_261' title='bbox 1637 3024 1912 3104; x_wconf 81' lang='lat' dir='ltr'><strong>expletus</strong></span> 
     </span>
     <span class='ocr_line' id='line_1_28' title="bbox 354 3117 1906 3193; baseline -0.002 -9"><span class='ocrx_word' id='word_1_262' title='bbox 354 3129 670 3185; x_wconf 82' lang='lat' dir='ltr'><strong>censeatur</strong></span> <span class='ocrx_word' id='word_1_263' title='bbox 709 3139 909 3183; x_wconf 88' lang='lat' dir='ltr'><strong>annus</strong></span> <span class='ocrx_word' id='word_1_264' title='bbox 948 3118 1324 3193; x_wconf 85' lang='lat' dir='ltr'><strong>Novitiatus,</strong></span> <span class='ocrx_word' id='word_1_265' title='bbox 1357 3118 1592 3182; x_wconf 89' lang='lat' dir='ltr'><strong>etiamsi</strong></span> <span class='ocrx_word' id='word_1_266' title='bbox 1645 3117 1906 3193; x_wconf 78' lang='lat' dir='ltr'><strong>Novitii,</strong></span> 
     </span>
    </p>
   </div>
   <div class='ocr_carea' id='block_1_3' title="bbox 1920 817 2005 4845">
    <p class='ocr_par' dir='ltr' id='par_1_6' title="bbox 1920 817 2005 4845">
     <span class='ocr_line' id='line_1_29' title="bbox 1984 817 2005 993; baseline 0 0"><span class='ocrx_word' id='word_1_267' title='bbox 1984 817 2005 993; x_wconf 95' lang='lat' dir='ltr'><strong>  </strong></span> 
     </span>
     <span class='ocr_line' id='line_1_30' title="bbox 1976 1166 1999 1466; baseline 0 -18"><span class='ocrx_word' id='word_1_268' title='bbox 1976 1166 1999 1466; x_wconf 95' lang='lat' dir='ltr'><strong>    </strong></span> 
     </span>
     <span class='ocr_line' id='line_1_31' title="bbox 1967 1466 1995 1659; baseline 0 -24"><span class='ocrx_word' id='word_1_269' title='bbox 1967 1466 1995 1659; x_wconf 95' lang='lat' dir='ltr'><strong>  </strong></span> 
     </span>
     <span class='ocr_line' id='line_1_32' title="bbox 1966 1659 1994 2014; baseline 0 -109"><span class='ocrx_word' id='word_1_270' title='bbox 1966 1659 1994 2014; x_wconf 95' lang='lat' dir='ltr'><strong>   </strong></span> 
     </span>
     <span class='ocr_line' id='line_1_33' title="bbox 1958 2014 1986 2319; baseline 0 0"><span class='ocrx_word' id='word_1_271' title='bbox 1958 2014 1986 2319; x_wconf 95' lang='lat' dir='ltr'><strong>    </strong></span> 
     </span>
     <span class='ocr_line' id='line_1_34' title="bbox 1954 2319 1980 2773; baseline 0 0"><span class='ocrx_word' id='word_1_272' title='bbox 1954 2319 1980 2773; x_wconf 95' lang='lat' dir='ltr'><strong>   </strong></span> 
     </span>
     <span class='ocr_line' id='line_1_35' title="bbox 1954 2773 1976 2860; baseline 0 3439"><span class='ocrx_word' id='word_1_273' title='bbox 1954 2773 1976 2860; x_wconf 95' lang='lat' dir='ltr'><strong> </strong></span> 
     </span>
     <span class='ocr_line' id='line_1_36' title="bbox 1920 2860 1974 4845; baseline 0 -1699"><span class='ocrx_word' id='word_1_274' title='bbox 1920 2860 1974 4845; x_wconf 95' lang='lat' dir='ltr'><strong>    </strong></span> 
     </span>
    </p>
   </div>
   <div class='ocr_carea' id='block_1_4' title="bbox 324 1986 3589 5357">
    <p class='ocr_par' dir='ltr' id='par_1_7' title="bbox 2022 1986 3589 2620">
     <span class='ocr_line' id='line_1_37' title="bbox 2029 1986 3582 2070; baseline 0 -22"><span class='ocrx_word' id='word_1_275' title='bbox 2029 1992 2169 2050; x_wconf 75' lang='lat'><strong>263.</strong></span> <span class='ocrx_word' id='word_1_276' title='bbox 2191 2008 2323 2070; x_wconf 84' lang='lat' dir='ltr'><strong>par.</strong></span> <span class='ocrx_word' id='word_1_277' title='bbox 2355 1993 2451 2049; x_wconf 87' lang='grc'><strong>15.</strong></span> <span class='ocrx_word' id='word_1_278' title='bbox 2486 1998 2691 2050; x_wconf 85' lang='lat' dir='ltr'><strong>recent.</strong></span> <span class='ocrx_word' id='word_1_279' title='bbox 2724 1996 2798 2049; x_wconf 89' lang='lat' dir='ltr'><strong>et·</strong></span> <span class='ocrx_word' id='word_1_280' title='bbox 2818 1987 2906 2049; x_wconf 91' lang='lat' dir='ltr'><strong>uti</strong></span> <span class='ocrx_word' id='word_1_281' title='bbox 2930 1989 3113 2050; x_wconf 83' lang='lat' dir='ltr'><strong>ctiam</strong></span> <span class='ocrx_word' id='word_1_282' title='bbox 3144 1986 3258 2049; x_wconf 88' lang='lat' dir='ltr'><strong>fnit</strong></span> <span class='ocrx_word' id='word_1_283' title='bbox 3282 1988 3364 2050; x_wconf 86' lang='lat' dir='ltr'><strong>ah</strong></span> <span class='ocrx_word' id='word_1_284' title='bbox 3385 1986 3499 2051; x_wconf 87' lang='lat' dir='ltr'><strong>hac</strong></span> <span class='ocrx_word' id='word_1_285' title='bbox 3519 1987 3582 2048; x_wconf 89' lang='lat' dir='ltr'><strong>S.</strong></span> 
     </span>
     <span class='ocr_line' id='line_1_38' title="bbox 2031 2081 3587 2166; baseline 0 -22"><span class='ocrx_word' id='word_1_286' title='bbox 2031 2082 2518 2166; x_wconf 81' lang='lat' dir='ltr'><strong>Congregatione</strong></span> <span class='ocrx_word' id='word_1_287' title='bbox 2550 2082 2879 2144; x_wconf 87' lang='lat' dir='ltr'><strong>admissum</strong></span> <span class='ocrx_word' id='word_1_288' title='bbox 2904 2101 3067 2144; x_wconf 86' lang='lat' dir='ltr'><strong>anno</strong></span> <span class='ocrx_word' id='word_1_289' title='bbox 3117 2086 3292 2143; x_wconf 82' lang='grc'><strong>1573.</strong></span> <span class='ocrx_word' id='word_1_290' title='bbox 3327 2081 3389 2143; x_wconf 90' lang='lat' dir='ltr'><strong>in</strong></span> <span class='ocrx_word' id='word_1_291' title='bbox 3430 2100 3587 2163; x_wconf 87' lang='lat' dir='ltr'><strong>qua·</strong></span> 
     </span>
     <span class='ocr_line' id='line_1_39' title="bbox 2028 2176 3578 2257; baseline -0.002 -18"><span class='ocrx_word' id='word_1_292' title='bbox 2028 2176 2170 2241; x_wconf 88' lang='lat' dir='ltr'><strong>dam</strong></span> <span class='ocrx_word' id='word_1_293' title='bbox 2223 2178 2416 2241; x_wconf 82' lang='lat' dir='ltr'><strong>Causa</strong></span> <span class='ocrx_word' id='word_1_294' title='bbox 2448 2177 2793 2239; x_wconf 78' lang='lat' dir='ltr'><strong>Tricoricen.</strong></span> <span class='ocrx_word' id='word_1_295' title='bbox 2841 2176 3197 2238; x_wconf 84' lang='lat' dir='ltr'><strong>Positionum</strong></span> <span class='ocrx_word' id='word_1_296' title='bbox 3224 2178 3322 2237; x_wconf 83' lang='lat' dir='ltr'><strong>lib.</strong></span> <span class='ocrx_word' id='word_1_297' title='bbox 3358 2181 3414 2237; x_wconf 89' lang='lat'><strong>1.</strong></span> <span class='ocrx_word' id='word_1_298' title='bbox 3438 2196 3578 2257; x_wconf 77' lang='lat' dir='ltr'><strong>paq.</strong></span> 
     </span>
     <span class='ocr_line' id='line_1_40' title="bbox 2027 2269 3589 2353; baseline -0.002 -19"><span class='ocrx_word' id='word_1_299' title='bbox 2027 2276 2129 2336; x_wconf 63' lang='lat'><strong>24.</strong></span> <span class='ocrx_word' id='word_1_300' title='bbox 2164 2293 2202 2334; x_wconf 91' lang='lat' dir='ltr'><strong>a</strong></span> <span class='ocrx_word' id='word_1_301' title='bbox 2240 2284 2416 2353; x_wconf 64' lang='lat' dir='ltr'><strong>tergo,</strong></span> <span class='ocrx_word' id='word_1_302' title='bbox 2447 2272 2823 2337; x_wconf 88' lang='lat' dir='ltr'><strong>contendunt</strong></span> <span class='ocrx_word' id='word_1_303' title='bbox 2869 2269 3270 2333; x_wconf 83' lang='lat' dir='ltr'><strong>nihilominus</strong></span> <span class='ocrx_word' id='word_1_304' title='bbox 3296 2269 3448 2333; x_wconf 83' lang='lat' dir='ltr'><strong>haec</strong></span> <span class='ocrx_word' id='word_1_305' title='bbox 3478 2270 3589 2332; x_wconf 82' lang='lat' dir='ltr'><strong>Pa·</strong></span> 
     </span>
     <span class='ocr_line' id='line_1_41' title="bbox 2030 2361 3586 2447; baseline -0.003 -18"><span class='ocrx_word' id='word_1_306' title='bbox 2030 2368 2235 2430; x_wconf 88' lang='lat' dir='ltr'><strong>tribus</strong></span> <span class='ocrx_word' id='word_1_307' title='bbox 2265 2365 2631 2428; x_wconf 72' lang='lat' dir='ltr'><strong>Refer-matis</strong></span> <span class='ocrx_word' id='word_1_308' title='bbox 2655 2364 2976 2447; x_wconf 79' lang='lat' dir='ltr'><strong>suffragari</strong></span> <span class='ocrx_word' id='word_1_309' title='bbox 3021 2383 3143 2426; x_wconf 91' lang='lat' dir='ltr'><strong>non</strong></span> <span class='ocrx_word' id='word_1_310' title='bbox 3171 2382 3343 2445; x_wconf 83' lang='lat' dir='ltr'><strong>posse</strong></span> <span class='ocrx_word' id='word_1_311' title='bbox 3365 2383 3440 2426; x_wconf 78' lang='lat' dir='ltr'><strong>ex</strong></span> <span class='ocrx_word' id='word_1_312' title='bbox 3486 2361 3586 2425; x_wconf 86' lang='lat' dir='ltr'><strong>his</strong></span> 
     </span>
     <span class='ocr_line' id='line_1_42' title="bbox 2026 2457 3584 2543; baseline -0.002 -19"><span class='ocrx_word' id='word_1_313' title='bbox 2026 2481 2184 2543; x_wconf 88' lang='lat' dir='ltr'><strong>quae</strong></span> <span class='ocrx_word' id='word_1_314' title='bbox 2206 2461 2511 2523; x_wconf 85' lang='lat' dir='ltr'><strong>habentur</strong></span> <span class='ocrx_word' id='word_1_315' title='bbox 2528 2459 2693 2542; x_wconf 89' lang='lat' dir='ltr'><strong>apud</strong></span> <span class='ocrx_word' id='word_1_316' title='bbox 2717 2458 3086 2523; x_wconf 74' lang='lat' dir='ltr'><strong>cardinalem</strong></span> <span class='ocrx_word' id='word_1_317' title='bbox 3111 2461 3177 2521; x_wconf 83' lang='lat' dir='ltr'><strong>de</strong></span> <span class='ocrx_word' id='word_1_318' title='bbox 3204 2458 3363 2520; x_wconf 84' lang='lat' dir='ltr'><strong>Luca</strong></span> <span class='ocrx_word' id='word_1_319' title='bbox 3380 2459 3447 2520; x_wconf 72' lang='lat' dir='ltr'><strong>cle</strong></span> <span class='ocrx_word' id='word_1_320' title='bbox 3467 2457 3584 2521; x_wconf 79' lang='lat' dir='ltr'><strong>Pa·</strong></span> 
     </span>
     <span class='ocr_line' id='line_1_43' title="bbox 2022 2552 2734 2620; baseline -0.004 0"><span class='ocrx_word' id='word_1_321' title='bbox 2022 2552 2208 2620; x_wconf 67' lang='lat' dir='ltr'><strong>ros-his</strong></span> <span class='ocrx_word' id='word_1_322' title='bbox 2234 2553 2596 2618; x_wconf 51' lang='grc' dir='ltr'><strong>ἀίσσω-κῆ.</strong></span> <span class='ocrx_word' id='word_1_323' title='bbox 2673 2595 2677 2599; x_wconf 92' lang='grc'><strong>-</strong></span> <span class='ocrx_word' id='word_1_324' title='bbox 2729 2586 2734 2595; x_wconf 92' lang='grc'><strong><em>·</em></strong></span> 
     </span>
    </p>

    <p class='ocr_par' dir='ltr' id='par_1_8' title="bbox 2140 2650 2712 2732">
     <span class='ocr_line' id='line_1_44' title="bbox 2140 2650 2712 2732; baseline -0.002 -18"><span class='ocrx_word' id='word_1_325' title='bbox 2140 2650 2472 2727; x_wconf 81' lang='lat' dir='ltr'><strong>Quaeritur</strong></span> <span class='ocrx_word' id='word_1_326' title='bbox 2503 2650 2712 2732; x_wconf 83' lang='lat' dir='ltr'><strong>itaque</strong></span> 
     </span>
    </p>

    <p class='ocr_par' dir='ltr' id='par_1_9' title="bbox 2016 2740 3576 3114">
     <span class='ocr_line' id='line_1_45' title="bbox 2139 2740 3576 2819; baseline -0.001 -13"><span class='ocrx_word' id='word_1_327' title='bbox 2139 2746 2237 2806; x_wconf 79' lang='lat' dir='ltr'><strong>An.</strong></span> <span class='ocrx_word' id='word_1_328' title='bbox 2283 2746 2552 2807; x_wconf 78' lang='lat' dir='ltr'><strong>debeatur</strong></span> <span class='ocrx_word' id='word_1_329' title='bbox 2593 2740 2869 2806; x_wconf 70' lang='lat' dir='ltr'><strong>Pas-ochis</strong></span> <span class='ocrx_word' id='word_1_330' title='bbox 2897 2742 3131 2819; x_wconf 79' lang='lat' dir='ltr'><strong>Quarta</strong></span> <span class='ocrx_word' id='word_1_331' title='bbox 3180 2742 3485 2806; x_wconf 76' lang='lat' dir='ltr'><strong>Funemlis</strong></span> <span class='ocrx_word' id='word_1_332' title='bbox 3509 2743 3576 2804; x_wconf 78' lang='lat' dir='ltr'><strong>tls</strong></span> 
     </span>
     <span class='ocr_line' id='line_1_46' title="bbox 2023 2840 3575 2919; baseline -0.003 -16"><span class='ocrx_word' id='word_1_333' title='bbox 2023 2842 2276 2903; x_wconf 82' lang='lat' dir='ltr'><strong>candelis</strong></span> <span class='ocrx_word' id='word_1_334' title='bbox 2303 2888 2320 2913; x_wconf 88' lang='lat'><strong>,</strong></span> <span class='ocrx_word' id='word_1_335' title='bbox 2368 2842 2695 2912; x_wconf 83' lang='lat' dir='ltr'><strong>intartitiis,</strong></span> <span class='ocrx_word' id='word_1_336' title='bbox 2740 2859 2809 2902; x_wconf 88' lang='lat' dir='ltr'><strong>ac</strong></span> <span class='ocrx_word' id='word_1_337' title='bbox 2837 2840 2904 2901; x_wconf 83' lang='lat' dir='ltr'><strong>de</strong></span> <span class='ocrx_word' id='word_1_338' title='bbox 2929 2840 3184 2901; x_wconf 80' lang='lat' dir='ltr'><strong>omnibus</strong></span> <span class='ocrx_word' id='word_1_339' title='bbox 3224 2840 3385 2912; x_wconf 82' lang='lat' dir='ltr'><strong>aliis,</strong></span> <span class='ocrx_word' id='word_1_340' title='bbox 3432 2856 3575 2919; x_wconf 83' lang='lat' dir='ltr'><strong>quae</strong></span> 
     </span>
     <span class='ocr_line' id='line_1_47' title="bbox 2019 2933 3576 3018; baseline 0 -22"><span class='ocrx_word' id='word_1_341' title='bbox 2019 2937 2263 3018; x_wconf 73' lang='lat' dir='ltr'><strong>offerunt</strong></span> <span class='ocrx_word' id='word_1_342' title='bbox 2296 2939 2360 2997; x_wconf 87' lang='lat' dir='ltr'><strong>in</strong></span> <span class='ocrx_word' id='word_1_343' title='bbox 2392 2937 2486 2997; x_wconf 81' lang='lat' dir='ltr'><strong>die</strong></span> <span class='ocrx_word' id='word_1_344' title='bbox 2499 2936 2851 2997; x_wconf 62' lang='lat' dir='ltr'><strong>humationis</strong></span> <span class='ocrx_word' id='word_1_345' title='bbox 2874 2933 3234 2999; x_wconf 77' lang='lat' dir='ltr'><strong>Cadaverum</strong></span> <span class='ocrx_word' id='word_1_346' title='bbox 3253 2938 3319 2995; x_wconf 80' lang='lat' dir='ltr'><strong>in</strong></span> <span class='ocrx_word' id='word_1_347' title='bbox 3337 2953 3498 3008; x_wconf 81' lang='lat' dir='ltr'><strong>casu,</strong></span> <span class='ocrx_word' id='word_1_348' title='bbox 3521 2944 3576 2996; x_wconf 81' lang='lat' dir='ltr'><strong>st</strong></span> 
     </span>
     <span class='ocr_line' id='line_1_48' title="bbox 2016 3031 2582 3114; baseline 0 -21"><span class='ocrx_word' id='word_1_349' title='bbox 2016 3033 2095 3093; x_wconf 79' lang='lat' dir='ltr'><strong>ad</strong></span> <span class='ocrx_word' id='word_1_350' title='bbox 2121 3031 2370 3114; x_wconf 74' lang='lat' dir='ltr'><strong>effectum</strong></span> <span class='ocrx_word' id='word_1_351' title='bbox 2399 3042 2500 3093; x_wconf 84' lang='lat' dir='ltr'><strong>etc.</strong></span> <span class='ocrx_word' id='word_1_352' title='bbox 2576 3053 2582 3058; x_wconf 87' lang='lat'>·</span> 
     </span>
    </p>

    <p class='ocr_par' dir='ltr' id='par_1_10' title="bbox 1997 3123 3586 4156">
     <span class='ocr_line' id='line_1_49' title="bbox 2137 3123 3574 3208; baseline 0 -19"><span class='ocrx_word' id='word_1_353' title='bbox 2137 3127 2454 3208; x_wconf 87' lang='lat' dir='ltr'><strong>Proposita</strong></span> <span class='ocrx_word' id='word_1_354' title='bbox 2485 3125 2601 3190; x_wconf 82' lang='lat' dir='ltr'><strong>fuit</strong></span> <span class='ocrx_word' id='word_1_355' title='bbox 2623 3127 2773 3191; x_wconf 87' lang='lat' dir='ltr'><strong>haec</strong></span> <span class='ocrx_word' id='word_1_356' title='bbox 2799 3126 3046 3199; x_wconf 57' lang='lat' dir='ltr'><strong>Causa,</strong></span> <span class='ocrx_word' id='word_1_357' title='bbox 3070 3133 3132 3189; x_wconf 86' lang='lat' dir='ltr'><strong>et</strong></span> <span class='ocrx_word' id='word_1_358' title='bbox 3158 3144 3284 3188; x_wconf 88' lang='lat' dir='ltr'><strong>non</strong></span> <span class='ocrx_word' id='word_1_359' title='bbox 3309 3123 3574 3189; x_wconf 80' lang='lat' dir='ltr'><strong>resoluta</strong></span> 
     </span>
     <span class='ocr_line' id='line_1_50' title="bbox 2018 3220 3576 3306; baseline -0.003 -22"><span class='ocrx_word' id='word_1_360' title='bbox 2018 3222 2082 3284; x_wconf 91' lang='lat' dir='ltr'><strong>in</strong></span> <span class='ocrx_word' id='word_1_361' title='bbox 2107 3222 2224 3285; x_wconf 85' lang='lat' dir='ltr'><strong>hac</strong></span> <span class='ocrx_word' id='word_1_362' title='bbox 2251 3222 2761 3306; x_wconf 79' lang='lat' dir='ltr'><strong>congregatione3</strong></span> <span class='ocrx_word' id='word_1_363' title='bbox 2785 3222 2885 3285; x_wconf 84' lang='lat' dir='ltr'><strong>die</strong></span> <span class='ocrx_word' id='word_1_364' title='bbox 2903 3241 3050 3284; x_wconf 81' lang='lat' dir='ltr'><strong>vero</strong></span> <span class='ocrx_word' id='word_1_365' title='bbox 3079 3227 3176 3283; x_wconf 82' lang='lat'><strong>30.</strong></span> <span class='ocrx_word' id='word_1_366' title='bbox 3199 3220 3363 3301; x_wconf 84' lang='lat' dir='ltr'><strong>Sept.</strong></span> <span class='ocrx_word' id='word_1_367' title='bbox 3390 3224 3576 3281; x_wconf 76' lang='lat'><strong>1719..</strong></span> 
     </span>
     <span class='ocr_line' id='line_1_51' title="bbox 2018 3314 3568 3401; baseline -0.002 -23"><span class='ocrx_word' id='word_1_368' title='bbox 2018 3318 2395 3399; x_wconf 86' lang='lat' dir='ltr'><strong>reproposita</strong></span> <span class='ocrx_word' id='word_1_369' title='bbox 2421 3317 2611 3381; x_wconf 88' lang='lat' dir='ltr'><strong>Causa</strong></span> <span class='ocrx_word' id='word_1_370' title='bbox 2635 3326 2872 3400; x_wconf 90' lang='lat' dir='ltr'><strong>praeter</strong></span> <span class='ocrx_word' id='word_1_371' title='bbox 2899 3316 3155 3401; x_wconf 85' lang='lat' dir='ltr'><strong>dubium</strong></span> <span class='ocrx_word' id='word_1_372' title='bbox 3173 3334 3336 3376; x_wconf 91' lang='lat' dir='ltr'><strong>nnnc</strong></span> <span class='ocrx_word' id='word_1_373' title='bbox 3359 3314 3568 3395; x_wconf 88' lang='lat' dir='ltr'><strong>dispu-</strong></span> 
     </span>
     <span class='ocr_line' id='line_1_52' title="bbox 2012 3407 3569 3495; baseline -0.003 -22"><span class='ocrx_word' id='word_1_374' title='bbox 2012 3418 2229 3485; x_wconf 86' lang='lat' dir='ltr'><strong>tatum,</strong></span> <span class='ocrx_word' id='word_1_375' title='bbox 2264 3419 2321 3474; x_wconf 88' lang='lat' dir='ltr'><strong>et</strong></span> <span class='ocrx_word' id='word_1_376' title='bbox 2353 3411 2680 3495; x_wconf 73' lang='lat' dir='ltr'><strong>respiciens</strong></span> <span class='ocrx_word' id='word_1_377' title='bbox 2707 3409 3069 3473; x_wconf 87' lang='lat' dir='ltr'><strong>solutionem</strong></span> <span class='ocrx_word' id='word_1_378' title='bbox 3092 3409 3361 3484; x_wconf 80' lang='lat' dir='ltr'><strong>Quartae</strong></span> <span class='ocrx_word' id='word_1_379' title='bbox 3388 3407 3569 3480; x_wconf 76' lang='lat' dir='ltr'><strong>fune·</strong></span> 
     </span>
     <span class='ocr_line' id='line_1_53' title="bbox 2014 3502 3570 3587; baseline 0.001 -21"><span class='ocrx_word' id='word_1_380' title='bbox 2014 3505 2186 3580; x_wconf 89' lang='lat' dir='ltr'><strong>ralis,</strong></span> <span class='ocrx_word' id='word_1_381' title='bbox 2211 3505 2379 3569; x_wconf 87' lang='lat' dir='ltr'><strong>aliud</strong></span> <span class='ocrx_word' id='word_1_382' title='bbox 2404 3505 2519 3567; x_wconf 82' lang='lat' dir='ltr'><strong>fuit</strong></span> <span class='ocrx_word' id='word_1_383' title='bbox 2543 3503 2996 3587; x_wconf 86' lang='lat' dir='ltr'><strong>superadditum</strong></span> <span class='ocrx_word' id='word_1_384' title='bbox 3021 3504 3329 3585; x_wconf 81' lang='lat' dir='ltr'><strong>pertinens</strong></span> <span class='ocrx_word' id='word_1_385' title='bbox 3349 3503 3423 3566; x_wconf 85' lang='lat' dir='ltr'><strong>ad</strong></span> <span class='ocrx_word' id='word_1_386' title='bbox 3450 3502 3570 3567; x_wconf 84' lang='lat' dir='ltr'><strong>ele·</strong></span> 
     </span>
     <span class='ocr_line' id='line_1_54' title="bbox 2012 3598 3568 3681; baseline 0.001 -20"><span class='ocrx_word' id='word_1_387' title='bbox 2012 3600 2282 3662; x_wconf 89' lang='lat' dir='ltr'><strong>ctionem</strong></span> <span class='ocrx_word' id='word_1_388' title='bbox 2327 3599 2687 3681; x_wconf 84' lang='lat' dir='ltr'><strong>Sepulturae</strong></span> <span class='ocrx_word' id='word_1_389' title='bbox 2736 3619 2894 3681; x_wconf 89' lang='lat' dir='ltr'><strong>quae</strong></span> <span class='ocrx_word' id='word_1_390' title='bbox 2939 3598 3011 3661; x_wconf 88' lang='lat' dir='ltr'><strong>fit</strong></span> <span class='ocrx_word' id='word_1_391' title='bbox 3071 3600 3153 3662; x_wconf 88' lang='lat' dir='ltr'><strong>ab</strong></span> <span class='ocrx_word' id='word_1_392' title='bbox 3198 3598 3568 3664; x_wconf 84' lang='lat' dir='ltr'><strong>Hominibus</strong></span> 
     </span>
     <span class='ocr_line' id='line_1_55' title="bbox 2006 3677 3562 3768; baseline -0.001 -13"><span class='ocrx_word' id='word_1_393' title='bbox 2006 3693 2235 3757; x_wconf 83' lang='lat' dir='ltr'><strong>Terrae</strong></span> <span class='ocrx_word' id='word_1_394' title='bbox 2287 3694 2546 3756; x_wconf 83' lang='lat' dir='ltr'><strong>Nursiae</strong></span> <span class='ocrx_word' id='word_1_395' title='bbox 2577 3694 2650 3755; x_wconf 90' lang='lat' dir='ltr'><strong>in</strong></span> <span class='ocrx_word' id='word_1_396' title='bbox 2677 3694 2777 3756; x_wconf 89' lang='lat' dir='ltr'><strong>die</strong></span> <span class='ocrx_word' id='word_1_397' title='bbox 2801 3693 3090 3756; x_wconf 88' lang='lat' dir='ltr'><strong>solemnis</strong></span> <span class='ocrx_word' id='word_1_398' title='bbox 3136 3677 3517 3756; x_wconf 85' lang='lat' dir='ltr'><strong>admissionis</strong></span> <span class='ocrx_word' id='word_1_399' title='bbox 3542 3738 3562 3768; x_wconf 85' lang='lat'><strong>,</strong></span> 
     </span>
     <span class='ocr_line' id='line_1_56' title="bbox 2006 3785 3565 3867; baseline 0.002 -19"><span class='ocrx_word' id='word_1_400' title='bbox 2006 3794 2068 3848; x_wconf 92' lang='lat' dir='ltr'><strong>et</strong></span> <span class='ocrx_word' id='word_1_401' title='bbox 2094 3785 2483 3867; x_wconf 78' lang='lat' dir='ltr'><strong>professionis</strong></span> <span class='ocrx_word' id='word_1_402' title='bbox 2505 3790 2579 3850; x_wconf 91' lang='lat' dir='ltr'><strong>ad</strong></span> <span class='ocrx_word' id='word_1_403' title='bbox 2598 3787 2888 3850; x_wconf 88' lang='lat' dir='ltr'><strong>Ordinem</strong></span> <span class='ocrx_word' id='word_1_404' title='bbox 2913 3787 3328 3850; x_wconf 85' lang='lat' dir='ltr'><strong>Tertiarorum</strong></span> <span class='ocrx_word' id='word_1_405' title='bbox 3352 3797 3565 3852; x_wconf 82' lang='lat' dir='ltr'><strong>contra</strong></span> 
     </span>
     <span class='ocr_line' id='line_1_57' title="bbox 2004 3881 3586 3965; baseline -0.001 -21"><span class='ocrx_word' id='word_1_406' title='bbox 2004 3881 2263 3944; x_wconf 84' lang='lat' dir='ltr'><strong>Textum</strong></span> <span class='ocrx_word' id='word_1_407' title='bbox 2293 3885 2359 3943; x_wconf 90' lang='lat' dir='ltr'><strong>in</strong></span> <span class='ocrx_word' id='word_1_408' title='bbox 2385 3902 2512 3964; x_wconf 83' lang='lat' dir='ltr'><strong>cap.</strong></span> <span class='ocrx_word' id='word_1_409' title='bbox 2540 3883 2885 3945; x_wconf 80' lang='lat' dir='ltr'><strong>Animarum</strong></span> <span class='ocrx_word' id='word_1_410' title='bbox 2917 3883 2984 3944; x_wconf 83' lang='lat' dir='ltr'><strong>de</strong></span> <span class='ocrx_word' id='word_1_411' title='bbox 3001 3885 3312 3965; x_wconf 74' lang='lat' dir='ltr'><strong>sepulturis</strong></span> <span class='ocrx_word' id='word_1_412' title='bbox 3331 3885 3395 3942; x_wconf 89' lang='lat' dir='ltr'><strong>in</strong></span> <span class='ocrx_word' id='word_1_413' title='bbox 3418 3887 3476 3944; x_wconf 84' lang='grc'><strong>6.</strong></span> <span class='ocrx_word' id='word_1_414' title='bbox 3508 3891 3586 3943; x_wconf 71' lang='grc' dir='ltr'><strong>οι-</strong></span> 
     </span>
     <span class='ocr_line' id='line_1_58' title="bbox 2003 3975 3561 4061; baseline 0.001 -23"><span class='ocrx_word' id='word_1_415' title='bbox 2003 3979 2068 4038; x_wconf 85' lang='lat' dir='ltr'><strong>in</strong></span> <span class='ocrx_word' id='word_1_416' title='bbox 2112 3975 2472 4040; x_wconf 74' lang='lat' dir='ltr'><strong>clementina</strong></span> <span class='ocrx_word' id='word_1_417' title='bbox 2521 3977 2854 4060; x_wconf 75' lang='lat' dir='ltr'><strong>Cupientes,</strong></span> <span class='ocrx_word' id='word_1_418' title='bbox 2883 3977 2950 4061; x_wconf 72' lang='lat'><strong>§-</strong></span> <span class='ocrx_word' id='word_1_419' title='bbox 2984 3998 3119 4041; x_wconf 86' lang='lat' dir='ltr'><strong>sane</strong></span> <span class='ocrx_word' id='word_1_420' title='bbox 3145 3979 3468 4039; x_wconf 75' lang='lat' dir='ltr'><strong>temerarios</strong></span> <span class='ocrx_word' id='word_1_421' title='bbox 3494 3977 3561 4039; x_wconf 81' lang='lat' dir='ltr'><strong>ds</strong></span> 
     </span>
     <span class='ocr_line' id='line_1_59' title="bbox 1997 4092 2212 4156; baseline 0 -22"><span class='ocrx_word' id='word_1_422' title='bbox 1997 4092 2212 4156; x_wconf 75' lang='lat' dir='ltr'><strong>poenis.</strong></span> 
     </span>
    </p>

    <p class='ocr_par' dir='ltr' id='par_1_11' title="bbox 2118 4167 3141 4251">
     <span class='ocr_line' id='line_1_60' title="bbox 2118 4167 3141 4251; baseline -0.002 -20"><span class='ocrx_word' id='word_1_423' title='bbox 2118 4169 2238 4231; x_wconf 83' lang='lat' dir='ltr'><strong>His</strong></span> <span class='ocrx_word' id='word_1_424' title='bbox 2263 4168 2590 4244; x_wconf 86' lang='lat' dir='ltr'><strong>stantibus,</strong></span> <span class='ocrx_word' id='word_1_425' title='bbox 2620 4167 2960 4251; x_wconf 85' lang='lat' dir='ltr'><strong>quaesitum</strong></span> <span class='ocrx_word' id='word_1_426' title='bbox 2982 4167 3098 4231; x_wconf 82' lang='lat' dir='ltr'><strong>suit</strong></span> <span class='ocrx_word' id='word_1_427' title='bbox 3118 4188 3141 4229; x_wconf 90' lang='lat'><strong>.·</strong></span> 
     </span>
    </p>

    <p class='ocr_par' dir='ltr' id='par_1_12' title="bbox 1993 4262 3558 4630">
     <span class='ocr_line' id='line_1_61' title="bbox 2115 4262 3558 4342; baseline 0 -18"><span class='ocrx_word' id='word_1_428' title='bbox 2115 4264 2168 4324; x_wconf 90' lang='grc' dir='ltr'><strong>Ι.</strong></span> <span class='ocrx_word' id='word_1_429' title='bbox 2219 4264 2316 4325; x_wconf 84' lang='lat' dir='ltr'><strong>An</strong></span> <span class='ocrx_word' id='word_1_430' title='bbox 2341 4265 2612 4327; x_wconf 79' lang='lat' dir='ltr'><strong>debeatur</strong></span> <span class='ocrx_word' id='word_1_431' title='bbox 2633 4263 2910 4326; x_wconf 77' lang='lat' dir='ltr'><strong>Parochis</strong></span> <span class='ocrx_word' id='word_1_432' title='bbox 2945 4262 3177 4338; x_wconf 80' lang='lat' dir='ltr'><strong>Quarta</strong></span> <span class='ocrx_word' id='word_1_433' title='bbox 3201 4262 3558 4342; x_wconf 72' lang='lat' dir='ltr'><strong>funeralisds</strong></span> 
     </span>
     <span class='ocr_line' id='line_1_62' title="bbox 1996 4357 3553 4435; baseline -0.001 -16"><span class='ocrx_word' id='word_1_434' title='bbox 1996 4358 2274 4432; x_wconf 77' lang='lat' dir='ltr'><strong>candelis,</strong></span> <span class='ocrx_word' id='word_1_435' title='bbox 2299 4360 2628 4431; x_wconf 74' lang='lat' dir='ltr'><strong>interlitiis,</strong></span> <span class='ocrx_word' id='word_1_436' title='bbox 2646 4378 2718 4420; x_wconf 85' lang='lat' dir='ltr'><strong>ac</strong></span> <span class='ocrx_word' id='word_1_437' title='bbox 2733 4358 2801 4418; x_wconf 83' lang='lat' dir='ltr'><strong>de</strong></span> <span class='ocrx_word' id='word_1_438' title='bbox 2829 4359 3086 4418; x_wconf 77' lang='lat' dir='ltr'><strong>omnibus</strong></span> <span class='ocrx_word' id='word_1_439' title='bbox 3112 4359 3272 4430; x_wconf 85' lang='lat' dir='ltr'><strong>aliis,</strong></span> <span class='ocrx_word' id='word_1_440' title='bbox 3299 4375 3445 4435; x_wconf 76' lang='lat' dir='ltr'><strong>quas</strong></span> <span class='ocrx_word' id='word_1_441' title='bbox 3461 4357 3553 4435; x_wconf 72' lang='lat' dir='ltr'><strong>ol-</strong></span> 
     </span>
     <span class='ocr_line' id='line_1_63' title="bbox 1993 4453 3554 4532; baseline -0.001 -18"><span class='ocrx_word' id='word_1_442' title='bbox 1993 4453 2266 4532; x_wconf 71' lang='lat' dir='ltr'><strong>fsruntur</strong></span> <span class='ocrx_word' id='word_1_443' title='bbox 2292 4455 2358 4512; x_wconf 86' lang='lat' dir='ltr'><strong>in</strong></span> <span class='ocrx_word' id='word_1_444' title='bbox 2396 4454 2487 4514; x_wconf 81' lang='lat' dir='ltr'><strong>die</strong></span> <span class='ocrx_word' id='word_1_445' title='bbox 2518 4454 2864 4516; x_wconf 77' lang='lat' dir='ltr'><strong>humationis</strong></span> <span class='ocrx_word' id='word_1_446' title='bbox 2889 4453 3228 4514; x_wconf 75' lang='lat' dir='ltr'><strong>cadaceruns</strong></span> <span class='ocrx_word' id='word_1_447' title='bbox 3247 4454 3314 4513; x_wconf 85' lang='lat' dir='ltr'><strong>in</strong></span> <span class='ocrx_word' id='word_1_448' title='bbox 3341 4470 3479 4513; x_wconf 87' lang='lat' dir='ltr'><strong>casu</strong></span> <span class='ocrx_word' id='word_1_449' title='bbox 3498 4460 3554 4512; x_wconf 81' lang='lat' dir='ltr'><strong>st</strong></span> 
     </span>
     <span class='ocr_line' id='line_1_64' title="bbox 1995 4546 2487 4630; baseline -0.008 -20"><span class='ocrx_word' id='word_1_450' title='bbox 1995 4548 2073 4610; x_wconf 78' lang='lat' dir='ltr'><strong>ad</strong></span> <span class='ocrx_word' id='word_1_451' title='bbox 2104 4546 2356 4630; x_wconf 75' lang='lat' dir='ltr'><strong>effectum</strong></span> <span class='ocrx_word' id='word_1_452' title='bbox 2385 4557 2487 4609; x_wconf 82' lang='lat' dir='ltr'><strong>etc.</strong></span> 
     </span>
    </p>

    <p class='ocr_par' dir='ltr' id='par_1_13' title="bbox 324 4636 3551 5357">
     <span class='ocr_line' id='line_1_65' title="bbox 2107 4636 3551 4703; baseline -0.001 -2"><span class='ocrx_word' id='word_1_453' title='bbox 2107 4640 2191 4701; x_wconf 88' lang='lat'><strong>11.</strong></span> <span class='ocrx_word' id='word_1_454' title='bbox 2241 4641 2337 4701; x_wconf 81' lang='lat' dir='ltr'><strong>An</strong></span> <span class='ocrx_word' id='word_1_455' title='bbox 2366 4642 2535 4703; x_wconf 82' lang='lat' dir='ltr'><strong>liceat</strong></span> <span class='ocrx_word' id='word_1_456' title='bbox 2583 4640 2902 4701; x_wconf 66' lang='lat' dir='ltr'><strong>hominibus</strong></span> <span class='ocrx_word' id='word_1_457' title='bbox 2937 4639 3145 4701; x_wconf 80' lang='lat' dir='ltr'><strong>Terras</strong></span> <span class='ocrx_word' id='word_1_458' title='bbox 3189 4636 3444 4701; x_wconf 78' lang='lat' dir='ltr'><strong>Nursiae</strong></span> <span class='ocrx_word' id='word_1_459' title='bbox 3471 4658 3551 4700; x_wconf 85' lang='lat' dir='ltr'><strong>se-</strong></span> 
     </span>
     <span class='ocr_line' id='line_1_66' title="bbox 1987 4731 3549 4818; baseline -0.002 -22"><span class='ocrx_word' id='word_1_460' title='bbox 1987 4736 2290 4818; x_wconf 81' lang='lat' dir='ltr'><strong>pulturam</strong></span> <span class='ocrx_word' id='word_1_461' title='bbox 2333 4736 2538 4814; x_wconf 73' lang='lat' dir='ltr'><strong>cliqere</strong></span> <span class='ocrx_word' id='word_1_462' title='bbox 2565 4736 2630 4793; x_wconf 88' lang='lat' dir='ltr'><strong>in</strong></span> <span class='ocrx_word' id='word_1_463' title='bbox 2665 4733 2927 4795; x_wconf 83' lang='lat' dir='ltr'><strong>Ecclesia</strong></span> <span class='ocrx_word' id='word_1_464' title='bbox 2959 4731 3211 4795; x_wconf 79' lang='lat' dir='ltr'><strong>Patruus</strong></span> <span class='ocrx_word' id='word_1_465' title='bbox 3249 4731 3549 4809; x_wconf 71' lang='lat' dir='ltr'><strong>Reforma-</strong></span> 
     </span>
     <span class='ocr_line' id='line_1_67' title="bbox 414 4826 3547 4902; baseline -0.002 -10"><span class='ocrx_word' id='word_1_466' title='bbox 414 4898 431 4902; x_wconf 50' lang='lat'>‚</span> <span class='ocrx_word' id='word_1_467' title='bbox 1990 4839 2180 4890; x_wconf 82' lang='lat' dir='ltr'><strong>torum</strong></span> <span class='ocrx_word' id='word_1_468' title='bbox 2206 4828 2277 4891; x_wconf 88' lang='lat' dir='ltr'><strong>S.</strong></span> <span class='ocrx_word' id='word_1_469' title='bbox 2327 4826 2623 4890; x_wconf 81' lang='lat' dir='ltr'><strong>Francisci</strong></span> <span class='ocrx_word' id='word_1_470' title='bbox 2670 4829 2760 4889; x_wconf 82' lang='lat' dir='ltr'><strong>die</strong></span> <span class='ocrx_word' id='word_1_471' title='bbox 2786 4829 3048 4889; x_wconf 79' lang='lat' dir='ltr'><strong>solemnis</strong></span> <span class='ocrx_word' id='word_1_472' title='bbox 3075 4827 3454 4900; x_wconf 81' lang='lat' dir='ltr'><strong>admissionis,</strong></span> <span class='ocrx_word' id='word_1_473' title='bbox 3492 4834 3547 4887; x_wconf 81' lang='lat' dir='ltr'><strong>et</strong></span> 
     </span>
     <span class='ocr_line' id='line_1_68' title="bbox 327 4846 3538 5005; baseline 0.002 -40"><span class='ocrx_word' id='word_1_474' title='bbox 327 4846 615 4965; x_wconf 79' lang='lat' dir='ltr'><strong>parochi</strong></span> <span class='ocrx_word' id='word_1_475' title='bbox 647 4906 871 4968; x_wconf 85' lang='lat' dir='ltr'><strong>Terrae</strong></span> <span class='ocrx_word' id='word_1_476' title='bbox 896 4903 1155 4969; x_wconf 85' lang='lat' dir='ltr'><strong>Nursiae</strong></span> <span class='ocrx_word' id='word_1_477' title='bbox 1183 4905 1542 4987; x_wconf 83' lang='lat' dir='ltr'><strong>spoletanae</strong></span> <span class='ocrx_word' id='word_1_478' title='bbox 1580 4906 1881 4971; x_wconf 88' lang='lat' dir='ltr'><strong>Dioecesis</strong></span> <span class='ocrx_word' id='word_1_479' title='bbox 1940 4976 1945 4981; x_wconf 60' lang='grc'><em>,</em></span> <span class='ocrx_word' id='word_1_480' title='bbox 1980 4924 2435 5005; x_wconf 50' lang='lat' dir='ltr'><strong>mfufimfg-aa</strong></span> <span class='ocrx_word' id='word_1_481' title='bbox 2457 4921 2733 4986; x_wconf 56' lang='lat' dir='ltr'><strong>oraim</strong></span> <span class='ocrx_word' id='word_1_482' title='bbox 2754 4922 3270 4994; x_wconf 63' lang='lat' dir='ltr'><strong>Tmiarimm‚.·„</strong></span> <span class='ocrx_word' id='word_1_483' title='bbox 3285 4939 3421 4982; x_wconf 63' lang='lat' dir='ltr'><strong>om</strong></span> <span class='ocrx_word' id='word_1_484' title='bbox 3432 4930 3538 4983; x_wconf 73' lang='lat'><strong>010,</strong></span> 
     </span>
     <span class='ocr_line' id='line_1_69' title="bbox 327 4999 1876 5077; baseline 0.004 -19"><span class='ocrx_word' id='word_1_485' title='bbox 327 5000 730 5077; x_wconf 85' lang='lat' dir='ltr'><strong>praetendunt</strong></span> <span class='ocrx_word' id='word_1_486' title='bbox 777 4999 893 5062; x_wconf 89' lang='lat' dir='ltr'><strong>sibi</strong></span> <span class='ocrx_word' id='word_1_487' title='bbox 937 5000 1142 5063; x_wconf 86' lang='lat' dir='ltr'><strong>deberi</strong></span> <span class='ocrx_word' id='word_1_488' title='bbox 1176 4999 1471 5075; x_wconf 87' lang='lat' dir='ltr'><strong>Quartam</strong></span> <span class='ocrx_word' id='word_1_489' title='bbox 1514 5000 1876 5064; x_wconf 82' lang='lat' dir='ltr'><strong>Funeraletn</strong></span> 
     </span>
     <span class='ocr_line' id='line_1_70' title="bbox 326 5094 1877 5177; baseline 0.004 -23"><span class='ocrx_word' id='word_1_490' title='bbox 326 5113 432 5172; x_wconf 80' lang='lat' dir='ltr'><strong>pro</strong></span> <span class='ocrx_word' id='word_1_491' title='bbox 456 5113 837 5176; x_wconf 84' lang='lat' dir='ltr'><strong>unoquoque</strong></span> <span class='ocrx_word' id='word_1_492' title='bbox 859 5115 970 5157; x_wconf 86' lang='lat' dir='ltr'><strong>suo</strong></span> <span class='ocrx_word' id='word_1_493' title='bbox 994 5094 1395 5170; x_wconf 86' lang='lat' dir='ltr'><strong>Parochiano,</strong></span> <span class='ocrx_word' id='word_1_494' title='bbox 1419 5094 1528 5177; x_wconf 87' lang='lat' dir='ltr'><strong>qui</strong></span> <span class='ocrx_word' id='word_1_495' title='bbox 1549 5095 1877 5177; x_wconf 86' lang='lat' dir='ltr'><strong>sepeliatur</strong></span> 
     </span>
     <span class='ocr_line' id='line_1_71' title="bbox 324 5187 1872 5254; baseline 0.004 -6"><span class='ocrx_word' id='word_1_496' title='bbox 324 5187 414 5249; x_wconf 75' lang='lat' dir='ltr'><strong>vel</strong></span> <span class='ocrx_word' id='word_1_497' title='bbox 454 5187 518 5247; x_wconf 90' lang='lat' dir='ltr'><strong>in</strong></span> <span class='ocrx_word' id='word_1_498' title='bbox 548 5188 815 5250; x_wconf 82' lang='lat' dir='ltr'><strong>Ecclesia</strong></span> <span class='ocrx_word' id='word_1_499' title='bbox 857 5188 1106 5250; x_wconf 83' lang='lat' dir='ltr'><strong>Patrum</strong></span> <span class='ocrx_word' id='word_1_500' title='bbox 1143 5187 1455 5250; x_wconf 81' lang='lat' dir='ltr'><strong>Minorum</strong></span> <span class='ocrx_word' id='word_1_501' title='bbox 1496 5190 1872 5254; x_wconf 77' lang='lat' dir='ltr'><strong>Reformato-</strong></span> 
     </span>
     <span class='ocr_line' id='line_1_72' title="bbox 324 5281 1871 5357; baseline 0.004 -15"><span class='ocrx_word' id='word_1_502' title='bbox 324 5301 457 5343; x_wconf 89' lang='lat' dir='ltr'><strong>rum</strong></span> <span class='ocrx_word' id='word_1_503' title='bbox 492 5281 746 5345; x_wconf 87' lang='lat' dir='ltr'><strong>Ordinis</strong></span> <span class='ocrx_word' id='word_1_504' title='bbox 766 5282 826 5344; x_wconf 88' lang='lat' dir='ltr'><strong>S.</strong></span> <span class='ocrx_word' id='word_1_505' title='bbox 867 5283 1193 5357; x_wconf 82' lang='lat' dir='ltr'><strong>Francisci‚</strong></span> <span class='ocrx_word' id='word_1_506' title='bbox 1228 5283 1321 5345; x_wconf 86' lang='lat' dir='ltr'><strong>vel</strong></span> <span class='ocrx_word' id='word_1_507' title='bbox 1365 5283 1430 5345; x_wconf 90' lang='lat' dir='ltr'><strong>in</strong></span> <span class='ocrx_word' id='word_1_508' title='bbox 1452 5284 1715 5348; x_wconf 82' lang='lat' dir='ltr'><strong>Ecclesia</strong></span> <span class='ocrx_word' id='word_1_509' title='bbox 1741 5285 1871 5349; x_wconf 86' lang='lat' dir='ltr'><strong>Cle·</strong></span> 
     </span>
    </p>
   </div>
   <div class='ocr_carea' id='block_1_5' title="bbox 344 3213 1908 3863">
    <p class='ocr_par' dir='ltr' id='par_1_14' title="bbox 350 3213 1908 3561">
     <span class='ocr_line' id='line_1_73' title="bbox 353 3213 1908 3297; baseline -0.001 -20"><span class='ocrx_word' id='word_1_510' title='bbox 353 3217 455 3297; x_wconf 81' lang='lat' dir='ltr'><strong>qui</strong></span> <span class='ocrx_word' id='word_1_511' title='bbox 491 3215 770 3278; x_wconf 77' lang='lat' dir='ltr'><strong>habitum</strong></span> <span class='ocrx_word' id='word_1_512' title='bbox 808 3224 1164 3295; x_wconf 86' lang='lat' dir='ltr'><strong>receperunt</strong></span> <span class='ocrx_word' id='word_1_513' title='bbox 1213 3214 1279 3276; x_wconf 92' lang='lat' dir='ltr'><strong>in</strong></span> <span class='ocrx_word' id='word_1_514' title='bbox 1332 3213 1649 3278; x_wconf 80' lang='lat' dir='ltr'><strong>Conventa</strong></span> <span class='ocrx_word' id='word_1_515' title='bbox 1706 3213 1908 3277; x_wconf 89' lang='lat' dir='ltr'><strong>Sancti</strong></span> 
     </span>
     <span class='ocr_line' id='line_1_74' title="bbox 350 3307 1908 3390; baseline 0.001 -19"><span class='ocrx_word' id='word_1_516' title='bbox 350 3311 500 3372; x_wconf 81' lang='lat' dir='ltr'><strong>Sixti</strong></span> <span class='ocrx_word' id='word_1_517' title='bbox 517 3357 535 3384; x_wconf 90' lang='lat'><strong>,</strong></span> <span class='ocrx_word' id='word_1_518' title='bbox 590 3309 903 3372; x_wconf 87' lang='lat' dir='ltr'><strong>mensibus</strong></span> <span class='ocrx_word' id='word_1_519' title='bbox 930 3309 1182 3371; x_wconf 81' lang='lat' dir='ltr'><strong>aestivis</strong></span> <span class='ocrx_word' id='word_1_520' title='bbox 1230 3318 1481 3390; x_wconf 85' lang='lat' dir='ltr'><strong>propter</strong></span> <span class='ocrx_word' id='word_1_521' title='bbox 1534 3308 1693 3372; x_wconf 89' lang='lat' dir='ltr'><strong>aeris</strong></span> <span class='ocrx_word' id='word_1_522' title='bbox 1723 3307 1908 3372; x_wconf 88' lang='lat' dir='ltr'><strong>incle-</strong></span> 
     </span>
     <span class='ocr_line' id='line_1_75' title="bbox 350 3403 1906 3468; baseline -0.002 0"><span class='ocrx_word' id='word_1_523' title='bbox 350 3406 639 3468; x_wconf 82' lang='lat' dir='ltr'><strong>mentiam</strong></span> <span class='ocrx_word' id='word_1_524' title='bbox 684 3412 1002 3468; x_wconf 85' lang='lat' dir='ltr'><strong>transeant</strong></span> <span class='ocrx_word' id='word_1_525' title='bbox 1025 3404 1103 3467; x_wconf 89' lang='lat' dir='ltr'><strong>ad</strong></span> <span class='ocrx_word' id='word_1_526' title='bbox 1125 3405 1510 3468; x_wconf 73' lang='lat' dir='ltr'><strong>conventum</strong></span> <span class='ocrx_word' id='word_1_527' title='bbox 1539 3403 1739 3468; x_wconf 84' lang='lat' dir='ltr'><strong>Sancti</strong></span> <span class='ocrx_word' id='word_1_528' title='bbox 1772 3403 1906 3466; x_wconf 84' lang='lat' dir='ltr'><strong>Cle·</strong></span> 
     </span>
     <span class='ocr_line' id='line_1_76' title="bbox 351 3499 1181 3561; baseline -0.006 0"><span class='ocrx_word' id='word_1_529' title='bbox 351 3499 603 3561; x_wconf 72' lang='lat' dir='ltr'><strong>mentis.</strong></span> <span class='ocrx_word' id='word_1_530' title='bbox 1176 3549 1181 3556; x_wconf 88' lang='lat'><strong>.</strong></span> 
     </span>
    </p>

    <p class='ocr_par' dir='ltr' id='par_1_15' title="bbox 463 3591 1186 3674">
     <span class='ocr_line' id='line_1_77' title="bbox 463 3591 1186 3674; baseline -0.003 -20"><span class='ocrx_word' id='word_1_531' title='bbox 463 3593 576 3654; x_wconf 83' lang='lat' dir='ltr'><strong>His</strong></span> <span class='ocrx_word' id='word_1_532' title='bbox 603 3591 812 3674; x_wconf 87' lang='lat' dir='ltr'><strong>positis</strong></span> <span class='ocrx_word' id='word_1_533' title='bbox 837 3592 1186 3673; x_wconf 82' lang='lat' dir='ltr'><strong>quaeritur,</strong></span> 
     </span>
    </p>

    <p class='ocr_par' dir='ltr' id='par_1_16' title="bbox 344 3686 1902 3863">
     <span class='ocr_line' id='line_1_78' title="bbox 461 3686 1902 3769; baseline 0.001 -22"><span class='ocrx_word' id='word_1_534' title='bbox 461 3687 556 3747; x_wconf 81' lang='lat' dir='ltr'><strong>An</strong></span> <span class='ocrx_word' id='word_1_535' title='bbox 584 3687 790 3750; x_wconf 83' lang='lat' dir='ltr'><strong>Patres</strong></span> <span class='ocrx_word' id='word_1_536' title='bbox 806 3688 883 3749; x_wconf 82' lang='lat' dir='ltr'><strong>ad</strong></span> <span class='ocrx_word' id='word_1_537' title='bbox 910 3707 1111 3760; x_wconf 76' lang='lat' dir='ltr'><strong>unam,</strong></span> <span class='ocrx_word' id='word_1_538' title='bbox 1132 3689 1223 3750; x_wconf 75' lang='lat' dir='ltr'><strong>cel</strong></span> <span class='ocrx_word' id='word_1_539' title='bbox 1246 3687 1329 3751; x_wconf 79' lang='lat' dir='ltr'><strong>ad</strong></span> <span class='ocrx_word' id='word_1_540' title='bbox 1354 3688 1634 3769; x_wconf 73' lang='lat' dir='ltr'><strong>duplicem</strong></span> <span class='ocrx_word' id='word_1_541' title='bbox 1656 3686 1902 3750; x_wconf 73' lang='lat' dir='ltr'><strong>Missam</strong></span> 
     </span>
     <span class='ocr_line' id='line_1_79' title="bbox 344 3783 1063 3863; baseline 0 -22"><span class='ocrx_word' id='word_1_542' title='bbox 344 3784 456 3841; x_wconf 88' lang='lat' dir='ltr'><strong>sint</strong></span> <span class='ocrx_word' id='word_1_543' title='bbox 475 3783 714 3863; x_wconf 72' lang='lat' dir='ltr'><strong>obliyati</strong></span> <span class='ocrx_word' id='word_1_544' title='bbox 728 3783 792 3841; x_wconf 86' lang='lat' dir='ltr'><strong>in</strong></span> <span class='ocrx_word' id='word_1_545' title='bbox 804 3800 940 3844; x_wconf 79' lang='lat' dir='ltr'><strong>casu</strong></span> <span class='ocrx_word' id='word_1_546' title='bbox 961 3793 1063 3843; x_wconf 77' lang='lat' dir='ltr'><strong>etc.</strong></span> 
     </span>
    </p>
   </div>
   <div class='ocr_carea' id='block_1_6' title="bbox 438 4000 1713 4250">
    <p class='ocr_par' dir='ltr' id='par_1_17' title="bbox 438 4000 1713 4250">
     <span class='ocr_line' id='line_1_80' title="bbox 447 4000 1713 4070; baseline 0 -16"><span class='ocrx_word' id='word_1_547' title='bbox 447 4003 572 4054; x_wconf 79' lang='lat' dir='ltr'><strong>Sacr</strong></span> <span class='ocrx_word' id='word_1_548' title='bbox 615 4002 815 4070; x_wconf 71' lang='lat' dir='ltr'><strong>Cougr.</strong></span> <span class='ocrx_word' id='word_1_549' title='bbox 845 4001 1142 4070; x_wconf 78' lang='lat' dir='ltr'><strong>respondit,</strong></span> <span class='ocrx_word' id='word_1_550' title='bbox 1171 4001 1258 4054; x_wconf 85' lang='lat' dir='ltr'><strong>die</strong></span> <span class='ocrx_word' id='word_1_551' title='bbox 1283 4000 1372 4054; x_wconf 73' lang='lat'><strong>28.</strong></span> <span class='ocrx_word' id='word_1_552' title='bbox 1399 4001 1524 4055; x_wconf 76' lang='lat' dir='ltr'><strong>Julii</strong></span> <span class='ocrx_word' id='word_1_553' title='bbox 1558 4001 1713 4057; x_wconf 77' lang='lat'><strong>1718.</strong></span> 
     </span>
     <span class='ocr_line' id='line_1_81' title="bbox 517 4086 1569 4144; baseline 0.001 -2"><span class='ocrx_word' id='word_1_554' title='bbox 517 4092 716 4143; x_wconf 73' lang='lat' dir='ltr'><strong>Patres</strong></span> <span class='ocrx_word' id='word_1_555' title='bbox 742 4086 925 4142; x_wconf 76' lang='lat' dir='ltr'><strong>teneri</strong></span> <span class='ocrx_word' id='word_1_556' title='bbox 950 4090 1026 4141; x_wconf 81' lang='lat' dir='ltr'><strong>ad</strong></span> <span class='ocrx_word' id='word_1_557' title='bbox 1045 4090 1267 4142; x_wconf 76' lang='lat' dir='ltr'><strong>unicum</strong></span> <span class='ocrx_word' id='word_1_558' title='bbox 1297 4091 1526 4144; x_wconf 59' lang='lat' dir='ltr'><strong>Melz-sam</strong></span> <span class='ocrx_word' id='word_1_559' title='bbox 1558 4133 1569 4143; x_wconf 94' lang='lat'><strong>.</strong></span> 
     </span>
     <span class='ocr_line' id='line_1_82' title="bbox 438 4177 1639 4250; baseline -0.001 -19"><span class='ocrx_word' id='word_1_560' title='bbox 438 4177 701 4250; x_wconf 77' lang='lat' dir='ltr'><strong>Idemque</strong></span> <span class='ocrx_word' id='word_1_561' title='bbox 726 4178 1083 4244; x_wconf 76' lang='lat' dir='ltr'><strong>confirmavit,</strong></span> <span class='ocrx_word' id='word_1_562' title='bbox 1113 4179 1200 4232; x_wconf 88' lang='lat' dir='ltr'><strong>die</strong></span> <span class='ocrx_word' id='word_1_563' title='bbox 1228 4180 1278 4230; x_wconf 76' lang='grc'><strong>3.</strong></span> <span class='ocrx_word' id='word_1_564' title='bbox 1309 4182 1454 4249; x_wconf 84' lang='lat' dir='ltr'><strong>Sept.</strong></span> <span class='ocrx_word' id='word_1_565' title='bbox 1483 4179 1639 4232; x_wconf 77' lang='lat'><strong>1718.</strong></span> 
     </span>
    </p>
   </div>
   <div class='ocr_carea' id='block_1_7' title="bbox 783 4385 1416 4481">
    <p class='ocr_par' dir='ltr' id='par_1_18' title="bbox 783 4385 1416 4481">
     <span class='ocr_line' id='line_1_83' title="bbox 783 4385 1416 4481; baseline -0.003 -30"><span class='ocrx_word' id='word_1_566' title='bbox 783 4386 1147 4465; x_wconf 71' lang='lat' dir='ltr'><strong>QuAEs‘rlo</strong></span> <span class='ocrx_word' id='word_1_567' title='bbox 1190 4385 1416 4481; x_wconf 76' lang='lat' dir='ltr'><strong>me.</strong></span> 
     </span>
    </p>
   </div>
   <div class='ocr_carea' id='block_1_8' title="bbox 364 4604 1848 4763">
    <p class='ocr_par' dir='ltr' id='par_1_19' title="bbox 364 4604 1848 4763">
     <span class='ocr_line' id='line_1_84' title="bbox 364 4604 1848 4688; baseline 0.003 -24"><span class='ocrx_word' id='word_1_568' title='bbox 364 4604 437 4666; x_wconf 82' lang='lat' dir='ltr'><strong>In</strong></span> <span class='ocrx_word' id='word_1_569' title='bbox 468 4604 665 4668; x_wconf 76' lang='lat' dir='ltr'><strong>Causa</strong></span> <span class='ocrx_word' id='word_1_570' title='bbox 696 4604 1017 4688; x_wconf 71' lang='lat' dir='ltr'><strong>spoletana</strong></span> <span class='ocrx_word' id='word_1_571' title='bbox 1047 4604 1307 4681; x_wconf 82' lang='lat' dir='ltr'><strong>Quartae</strong></span> <span class='ocrx_word' id='word_1_572' title='bbox 1364 4604 1701 4679; x_wconf 84' lang='lat' dir='ltr'><strong>Funeralis,</strong></span> <span class='ocrx_word' id='word_1_573' title='bbox 1757 4607 1848 4668; x_wconf 82' lang='lat' dir='ltr'><strong>dic</strong></span> 
     </span>
     <span class='ocr_line' id='line_1_85' title="bbox 841 4701 1364 4763; baseline 0.004 -2"><span class='ocrx_word' id='word_1_574' title='bbox 841 4706 940 4762; x_wconf 77' lang='lat'><strong>23.</strong></span> <span class='ocrx_word' id='word_1_575' title='bbox 984 4701 1144 4762; x_wconf 79' lang='lat' dir='ltr'><strong>Jalii</strong></span> <span class='ocrx_word' id='word_1_576' title='bbox 1189 4706 1364 4763; x_wconf 85' lang='grc'><strong>1718.</strong></span> 
     </span>
    </p>
   </div>
   <div class='ocr_carea' id='block_1_9' title="bbox 2085 5217 3524 5376">
    <p class='ocr_par' dir='ltr' id='par_1_20' title="bbox 2085 5217 3524 5376">
     <span class='ocr_line' id='line_1_86' title="bbox 2085 5217 2814 5288; baseline -0.004 -15"><span class='ocrx_word' id='word_1_577' title='bbox 2085 5221 2239 5273; x_wconf 73' lang='lat' dir='ltr'><strong>Sacra</strong></span> <span class='ocrx_word' id='word_1_578' title='bbox 2255 5220 2468 5288; x_wconf 54' lang='lat' dir='ltr'><strong>‘Congu</strong></span> <span class='ocrx_word' id='word_1_579' title='bbox 2498 5217 2781 5288; x_wconf 80' lang='lat' dir='ltr'><strong>respondit</strong></span> <span class='ocrx_word' id='word_1_580' title='bbox 2798 5236 2814 5269; x_wconf 77' lang='lat' dir='ltr'><strong>t</strong></span> 
     </span>
     <span class='ocr_line' id='line_1_87' title="bbox 2157 5302 3524 5376; baseline -0.003 -16"><span class='ocrx_word' id='word_1_581' title='bbox 2157 5306 2255 5360; x_wconf 81' lang='lat' dir='ltr'><strong>Ad</strong></span> <span class='ocrx_word' id='word_1_582' title='bbox 2279 5308 2533 5361; x_wconf 74' lang='lat' dir='ltr'><strong>Primum</strong></span> <span class='ocrx_word' id='word_1_583' title='bbox 2561 5304 2827 5376; x_wconf 72' lang='lat' dir='ltr'><strong>negative,</strong></span> <span class='ocrx_word' id='word_1_584' title='bbox 2850 5304 2962 5359; x_wconf 75' lang='lat' dir='ltr'><strong>sed</strong></span> <span class='ocrx_word' id='word_1_585' title='bbox 2995 5316 3240 5360; x_wconf 76' lang='lat' dir='ltr'><strong>servetur</strong></span> <span class='ocrx_word' id='word_1_586' title='bbox 3257 5302 3482 5359; x_wconf 74' lang='lat' dir='ltr'><strong>solitum</strong></span> <span class='ocrx_word' id='word_1_587' title='bbox 3512 5343 3524 5356; x_wconf 90' lang='lat'><strong>.</strong></span> 
     </span>
    </p>
   </div>
   <div class='ocr_carea' id='block_1_10' title="bbox 319 5374 3540 5544">
    <p class='ocr_par' dir='ltr' id='par_1_21' title="bbox 319 5374 3540 5544">
     <span class='ocr_line' id='line_1_88' title="bbox 323 5374 3540 5464; baseline 0.004 -30"><span class='ocrx_word' id='word_1_588' title='bbox 323 5374 586 5436; x_wconf 83' lang='lat' dir='ltr'><strong>ricurum</strong></span> <span class='ocrx_word' id='word_1_589' title='bbox 657 5374 1051 5457; x_wconf 79' lang='lat' dir='ltr'><strong>Regularium</strong></span> <span class='ocrx_word' id='word_1_590' title='bbox 1116 5375 1458 5456; x_wconf 87' lang='lat' dir='ltr'><strong>Panperum</strong></span> <span class='ocrx_word' id='word_1_591' title='bbox 1503 5377 1716 5440; x_wconf 81' lang='lat' dir='ltr'><strong>Matris</strong></span> <span class='ocrx_word' id='word_1_592' title='bbox 1760 5378 1868 5441; x_wconf 76' lang='lat' dir='ltr'><strong>Dei</strong></span> <span class='ocrx_word' id='word_1_593' title='bbox 1975 5393 2071 5449; x_wconf 72' lang='lat' dir='ltr'><strong>Aa</strong></span> <span class='ocrx_word' id='word_1_594' title='bbox 2095 5394 2403 5449; x_wconf 51' lang='lat' dir='ltr'><strong>&amp;andum</strong></span> <span class='ocrx_word' id='word_1_595' title='bbox 2423 5395 2667 5464; x_wconf 79' lang='lat' dir='ltr'><strong>Dilata,-</strong></span> <span class='ocrx_word' id='word_1_596' title='bbox 2697 5406 2751 5448; x_wconf 79' lang='lat' dir='ltr'><strong>et</strong></span> <span class='ocrx_word' id='word_1_597' title='bbox 2775 5392 3042 5448; x_wconf 74' lang='lat' dir='ltr'><strong>audiatur</strong></span> <span class='ocrx_word' id='word_1_598' title='bbox 3063 5396 3412 5448; x_wconf 74' lang='lat' dir='ltr'><strong>Procurator</strong></span> <span class='ocrx_word' id='word_1_599' title='bbox 3438 5392 3540 5446; x_wconf 82' lang='lat' dir='ltr'><strong>Ge-</strong></span> 
     </span>
     <span class='ocr_line' id='line_1_89' title="bbox 319 5467 2458 5544; baseline 0.001 -13"><span class='ocrx_word' id='word_1_600' title='bbox 319 5467 674 5535; x_wconf 75' lang='lat' dir='ltr'><strong>scholarum</strong></span> <span class='ocrx_word' id='word_1_601' title='bbox 696 5471 965 5544; x_wconf 87' lang='lat' dir='ltr'><strong>Piarum,</strong></span> <span class='ocrx_word' id='word_1_602' title='bbox 986 5468 1079 5533; x_wconf 88' lang='lat' dir='ltr'><strong>vel</strong></span> <span class='ocrx_word' id='word_1_603' title='bbox 1093 5468 1154 5531; x_wconf 90' lang='lat' dir='ltr'><strong>iu</strong></span> <span class='ocrx_word' id='word_1_604' title='bbox 1170 5469 1431 5534; x_wconf 85' lang='lat' dir='ltr'><strong>Ecclesia</strong></span> <span class='ocrx_word' id='word_1_605' title='bbox 1451 5471 1698 5535; x_wconf 85' lang='lat' dir='ltr'><strong>Patrum</strong></span> <span class='ocrx_word' id='word_1_606' title='bbox 1722 5472 1872 5535; x_wconf 89' lang='lat' dir='ltr'><strong>Con-</strong></span> <span class='ocrx_word' id='word_1_607' title='bbox 1975 5482 2185 5537; x_wconf 73' lang='lat' dir='ltr'><strong>nemla&#39;s</strong></span> <span class='ocrx_word' id='word_1_608' title='bbox 2215 5481 2458 5540; x_wconf 76' lang='lat' dir='ltr'><strong>ordinis.</strong></span> 
     </span>
    </p>
   </div>
  </div>
 </body>
</html>
