4393 6299
1729 543 2184 616 QuAEswto
2238 539 2503 603 couvi.

3370 555 3479 613 ηδ

475 697 715 776 scopum
781 679 1099 775 ¹'l'agastem
1178 688 1490 762 vicarium
1564 698 1966 781 Capitularem
1990 745 2007 775 ,
2124 697 2330 760 habita
2357 699 2446 760 die
2472 705 2531 762 2.
2564 698 2822 770 Octobris
2851 708 3110 786 proxime
3140 709 3339 789 elapsi,
3391 709 3656 773 instante

475 782 656 846 fuisse
676 785 805 850 Sao.
833 787 1167 853 Ordinibus
1190 791 1457 857 initiatos
1478 795 1556 859 ad
1581 797 1824 860 titulum
1854 815 2006 860 non-

2116 792 2464 855 Promotore
2497 793 2901 873 Occidentali‚
2961 820 3313 882 responsum
3362 810 3472 877 est,
3505 805 3655 884 quod

473 877 779 941 nullarum
811 882 1337 964 cappellaniarum
1391 888 1777 953 existentium
1813 891 1873 952 in
1903 893 2009 955 Ec·
2115 907 2288 948 causa
2323 900 2731 971 proponeretur
2768 894 2831 952 in
2875 897 3070 975 prima
3108 907 3231 978 post
3259 897 3458 977 Aquas
3487 900 3659 963 etiam

470 968 664 1033 clesiis
692 976 986 1038 Dioecesis
1012 979 1372 1044 Ulixbonen.
1403 981 1748 1046 OrientaliS.
1777 988 2005 1050 Rursus

468 1063 625 1125 idem
678 1068 1036 1133 Procurator
1077 1077 1374 1155 exposuit,
1407 1078 1569 1157 quod
1597 1088 1736 1141 ante
1758 1080 2004 1143 divisio-

465 1175 602 1220 nem
631 1162 1004 1238 Dioecesum,
1044 1167 1369 1233 Orientalis
1416 1171 1682 1247 scilicet,
1740 1182 1799 1235 et
1840 1174 2006 1238 Occi·

466 1250 722 1316 dentalis
734 1259 952 1336 passim
968 1258 1179 1325 Clerici
1202 1265 1641 1328 ordinabantur
1659 1266 1734 1329 ad
1759 1268 2001 1330 titulum

465 1344 759 1410 dictarum
790 1351 1313 1435 Cappellaniarum
1344 1379 1462 1421 non
1498 1370 1787 1444 tanquam
1830 1363 2003 1427 bene-

464 1439 622 1516 ficia,
653 1445 753 1505 sed
789 1453 1080 1529 tanquam
1115 1452 1570 1532 patrimonium,
1600 1457 1774 1540 juxta
1820 1458 1998 1521 decis.

466 1539 597 1597 189.
623 1538 920 1603 Tbemud.
967 1544 1072 1622 qui
1106 1565 1211 1626 per
1246 1547 1448 1627 plures
1479 1568 1667 1613 annos
1689 1551 1806 1614 fuit
1830 1553 2004 1616 Vica-

459 1629 589 1691 rius
649 1631 962 1697 Generalis
1014 1638 1572 1724 Arcbiepiscopatus
1633 1644 1995 1710 Ulixbonen.

458 1741 568 1783 nec
593 1726 754 1786 enim
806 1727 1010 1808 inquit
1055 1732 1353 1797 Beneficia
1413 1736 1832 1816 Ecclesiastica
1877 1761 2001 1803 esse

456 1826 726 1895 possunt,
749 1828 874 1883 tum
906 1824 1050 1903 quia
1075 1825 1182 1888 dos
1204 1826 1449 1891 illorum
1496 1851 1808 1912 nunquam
1834 1843 1998 1897 tran·
2061 1875 2066 1880 2

464 1910 609 1973 sivit
656 1912 721 1974 in
744 1914 1078 1979 dominium
1119 1921 1441 1997 Ecclesiae,
1480 1924 1582 1988 sed
1620 1930 1907 1992 remansit
1932 1930 1995 1992 in

460 2015 749 2085 potestate
770 2056 788 2084 ,
838 2020 898 2074 et
946 2013 1216 2076 dominio
1251 2017 1848 2097 Administratorum,
1890 2025 1995 2104 qui

463 2098 842 2182 Cappellanis
858 2106 1190 2183 solverunt,
1215 2118 1275 2171 et
1292 2111 1534 2177 solvunt
1557 2113 1995 2198 eleemosynam

453 2193 798 2274 Missarum,
816 2208 943 2262 tum
966 2203 1111 2282 quia
1136 2204 1199 2264 in
1228 2204 1469 2268 illarum
1498 2207 1853 2275 fundatione
1874 2232 1994 2277 non

456 2286 782 2354 intervenit
824 2295 1148 2358 auctoritas
1201 2298 1514 2382 Episcopi3
1570 2303 1832 2386 denique
1878 2327 1995 2370 me-

456 2392 722 2447 moratus
750 2385 1110 2452 Procurator
1139 2389 1390 2468 instetit‚
1430 2403 1496 2456 ut
1524 2395 1770 2460 illicitae
1797 2400 1992 2464 decla-

448 2485 658 2540 rentur
680 2479 1092 2564 ordgnationes
1119 2484 1489 2548 Clericorum
1525 2491 1780 2571 origine,
1807 2503 1866 2556 et
1892 2493 1993 2556 do-

454 2570 679 2634 micilio
705 2574 1086 2638 subditorum
1122 2576 1470 2642 Patriarcha
1481 2591 1571 2644 tus
1595 2583 1991 2651 Occidentalis

449 2665 525 2728 ad
554 2665 799 2732 titulum
824 2679 1290 2760 mempratarum
1316 2674 1840 2757 Cappellaniarum
1869 2683 1991 2744 exi·

448 2760 732 2822 stentium
768 2763 831 2824 in
857 2763 1122 2828 Dioeeesi
1151 2766 1474 2842 Orientali,
1507 2778 1571 2834 ut
1601 2772 1689 2836 sic
1727 2776 1988 2839 ordinati

447 2851 828 2918 declarentur
873 2860 1170 2941 suspensi,
1196 2869 1256 2923 et
1297 2883 1401 2944 per
1425 2866 1784 2930 exercitium
1810 2868 1990 2933 Ordi-

445 2965 591 3009 num
619 2948 1006 3033 irregulares,
1035 2961 1095 3015 et
1124 2956 1286 3035 quod
1325 2957 1567 3020 demum
1604 2961 1679 3023 ad
1711 2972 1987 3027 averten—

442 3039 548 3103 das
572 3043 912 3106 consimiles
932 3045 1358 3113 Ordinationes
1386 3051 1450 3114 in
1478 3054 1754 3117 futurum
1783 3078 1987 3139 proce-

444 3133 612 3211 dant,
642 3147 823 3218 prout
852 3140 926 3202 de
947 3141 1087 3224 jure
1111 3143 1397 3208 adversus
1423 3149 1825 3214 ordinantem.

557 3231 770 3292 Actum
801 3230 916 3295 fuit
939 3233 1199 3299 instante
1221 3238 1378 3302 dicto
1411 3242 1758 3307 Promotore
1778 3246 1853 3308 de
1877 3247 1988 3311 bac

438 3340 506 3383 re
535 3323 598 3384 in
638 3325 1115 3410 Congregatione
1167 3331 1376 3396 habita
1411 3335 1534 3412 hac⁸
1554 3340 1644 3400 die
1677 3345 1770 3401 13.
1816 3343 1988 3404 Iunii

448 3419 620 3477 1722.
653 3428 711 3479 et
748 3421 917 3484 nulla
942 3421 1059 3487 fuit
1085 3434 1258 3507 capta
1296 3430 1614 3507 resolutio,
1639 3435 1740 3497 sed
1760 3435 1986 3499 dictum

440 3510 603 3589 quod
624 3512 940 3576 audiretur
969 3516 1332 3582 Ordinarins
1359 3522 1723 3589 Ulixbonen.
1768 3530 1984 3592 Orien-

444 3601 722 3685 tali3,qui
748 3605 987 3668 interim
1021 3611 1350 3675 abstineret
1378 3616 1458 3677 ab
1485 3615 1881 3684 Ordinatione
1906 3626 1982 3686 ad

439 3694 687 3757 titulum
715 3697 1266 3782 Cappellaniarum,
1314 3709 1388 3771 de
1415 3712 1641 3791 quibus
1668 3719 1978 3797 agebatur,

445 3796 735 3870 tanquam
755 3795 830 3855 ad
865 3796 1161 3861 Beneficia
1185 3844 1201 3860 .

553 3885 814 3948 Praefixi
839 3888 1111 3966 fuerunt,
1135 3895 1237 3956 sed
1262 3896 1564 3964 inutiliter
1589 3906 1830 3970 termini
1863 3909 1980 3972 Or·

431 3975 673 4040 dinatio
719 3981 1048 4057 Orientali,
1101 3991 1526 4073 propositaque
1576 3997 1830 4073 idcirco,
1880 4004 1976 4065 in-

434 4070 736 4137 formante
781 4084 1015 4139 tantum
1063 4082 1418 4149 Promotore
1451 4088 1843 4167 Occidentali,
1881 4096 1975 4160 in·

427 4165 649 4256 stantia
683 4167 747 4228 in
789 4169 1272 4254 congregatione
1314 4179 1519 4245 habita
1556 4186 1644 4245 die
1674 4192 1773 4250 26.
1803 4188 1978 4253 Iunii

435 4262 609 4321 1723.
645 4261 1084 4347 disputatisque
1110 4274 1501 4352 sequentibus
1529 4277 1749 4343 dubiis.

541 4353 595 4415 1.
629 4355 725 4416 An
742 4359 978 4421 illicitae
996 4362 1210 4439 suerint
1241 4364 1644 4435 Ordinationes
1664 4377 1728 4436 in
1745 4396 1901 4451 casu,
1920 4390 1973 4442 et

430 4456 707 4527 quatenus
728 4452 1083 4531 affirmative.

543 4540 628 4602 11.
662 4542 757 4604 An
783 4547 864 4606 sic
890 4549 1147 4611 ordinati
1170 4559 1542 4619 remanserint
1569 4567 1819 4644 sttspmi
1840 4613 1857 4638 ,
1916 4579 1967 4630 et

423 4651 528 4714 per
551 4640 887 4699 exercitium
911 4644 1177 4705 ordinum
1209 4648 1570 4727 irrequlares.

541 4727 657 4791 ΙΙΙ.
699 4730 919 4806 Quibus
937 4740 1129 4816 poenis
1156 4742 1432 4806 obnooeius
1465 4755 1792 4814 remanserit
1821 4755 1968 4836 Epi-

424 4837 617 4902 saopus
655 4823 951 4904 Tagasten.
972 4874 990 4903 ,
1028 4833 1131 4909 qui
1156 4831 1398 4897 Ordines
1424 4845 1663 4903 contulit
1699 4847 1762 4907 in
1801 4868 1956 4921 casu,

424 4915 500 4976 ad
532 4915 818 4997 primum,
841 4930 900 4983 et
924 4927 1254 4989 secundum
1280 4950 1626 5012 responsum
1659 4937 1775 5000 fuit
1802 4943 1961 5021 affir-

424 5012 651 5084 mative,
680 5020 739 5074 et
765 5014 839 5075 ad
879 5017 1119 5078 tertium
1146 5019 1368 5083 dictum
1397 5034 1484 5086 est
1509 5027 1853 5111 Episcopum
1874 5056 1964 5097 re-

422 5107 688 5166 mansisse
713 5109 1019 5169 obnoxium
1047 5118 1233 5192 poenis
1259 5120 1532 5197 impositis
1554 5144 1588 5183 a
1613 5123 1794 5187 Sacro
1819 5129 1966 5192 Con·

420 5197 556 5257 cilio
591 5197 939 5276 Tridentino,
973 5217 1080 5267 eta
1101 5208 1281 5271 Bulla
1312 5211 1735 5292 Speculatores.

541 5289 729 5354 Petita
758 5339 774 5365 ,
807 5303 867 5357 et
909 5298 1154 5362 obtenta
1204 5303 1280 5363 ab
1308 5304 1635 5371 Ordinario
1666 5310 1962 5379 Orientali

2112 984 2283 1042 unica
2302 1024 2317 1040 .

2229 1077 2663 1159 Disputatoque
2700 1082 2915 1144 deinde
2944 1085 3006 1144 in
3049 1086 3523 1168 Congregatione
3549 1085 3664 1150 ha-

2115 1168 2236 1231 bita
2259 1172 2347 1230 die
2370 1174 2467 1230 20.
2493 1170 2760 1235 Novemb.
2787 1177 3026 1254 ejusdem
3049 1183 3193 1240 anni
3215 1185 3386 1240 1723.
3414 1199 3665 1262 sequeu-

2112 1262 2152 1321 ti
2203 1262 2431 1338 dnbio,
2465 1285 2543 1325 an
2592 1268 2669 1327 sit
2725 1271 3031 1346 standum,
3093 1275 3179 1334 cel
3221 1275 3584 1334 recedendum
3617 1294 3657 1336 a

2110 1357 2303 1416 decisis
2333 1358 2398 1416 in
2432 1375 2566 1418 casu
2590 1369 2692 1420 etc.
2727 1361 2824 1422 die
2867 1369 2965 1424 26.
3007 1365 3171 1426 Junii
3211 1372 3383 1427 1723.
3419 1385 3665 1447 respon·

2114 1468 2248 1510 sum
2278 1448 2396 1513 fuit
2420 1452 2610 1513 dilata
2635 1500 2652 1528 ,
2688 1466 2739 1516 et
2779 1458 2928 1536 quod
2950 1460 3426 1538 coadjuvarentur
3452 1463 3662 1541 proba-

2113 1545 2289 1605 tiones
2336 1556 2453 1607 tam
2493 1567 2660 1629 super
2704 1552 2983 1628 qualitate
3012 1555 3374 1633 singularum
3417 1553 3663 1636 Coppel-

2111 1637 2401 1698 laniarum
2426 1687 2443 1712 ,
2475 1660 2649 1719 quam
2672 1661 2841 1724 super
2861 1647 3143 1723 qualitate
3163 1648 3518 1727 sinqulorum
3546 1645 3664 1710 Or-

2108 1730 2510 1793 dinandorum.

2224 1827 2276 1886 A
2322 1826 2420 1888 die
2469 1828 2650 1910 hujus
2702 1830 2976 1911 rescripti
3030 1831 3235 1912 plures
3284 1833 3470 1916 elapsi
3521 1843 3663 1923 sunt

2109 1936 2341 1981 menses
2361 1965 2379 1993 ‚
2411 1921 2640 2002 absque
2669 1941 2740 1983 eo
2769 1924 2931 2004 quod
2972 1926 3051 1987 ab
3092 1926 3418 1991 Ordinario
3443 1928 3661 1991 Orien-

2107 2009 2212 2073 tali
2252 2011 2490 2094 aliquid
2536 2015 2879 2077 exhibitum
2928 2017 3111 2081 fuerit
3159 2039 3340 2101 super
3367 2022 3663 2103 qualitate

2105 2102 2483 2187 singularum
2517 2107 3088 2190 Cappellariiarumg
3126 2131 3387 2194 cumque
3434 2115 3511 2178 ad
3554 2114 3665 2177 im·

2104 2200 2451 2279 ponendum
2504 2203 2743 2265 tandem
2798 2204 2981 2267 finem
3030 2205 3175 2268 huic
3219 2208 3663 2272 controversiae

2104 2293 2418 2357 Promotor
2484 2295 2729 2359 Fiscalis
2786 2299 3233 2363 Patriarehatus
3288 2302 3651 2365 Ulixbonen.

2099 2383 2506 2450 Occidentalis
2532 2389 2594 2450 in
2638 2390 2934 2472 scriptura
2960 2413 3067 2474 per
3092 2413 3308 2478 manus
3340 2394 3659 2458 circumfe—

2100 2479 2286 2541 renda
2307 2489 2551 2543 strenue
2576 2484 2832 2563 probare
2851 2495 3122 2561 conetur,
3139 2506 3239 2548 eos
3260 2487 3366 2568 qui
3388 2486 3649 2551 ordinati

2098 2571 2347 2636 fuerunt
2393 2575 2480 2637 ab‘
2521 2575 2847 2640 Ordinario
2878 2580 3219 2655 Orientali,
3252 2590 3311 2644 et
3361 2582 3465 2662 qui
3510 2584 3655 2644 sub·

2096 2664 2204 2728 diti
2244 2678 2416 2732 erant
2449 2671 2898 2736 Patriarehatus
2937 2658 3341 2739 Occidentalis
3363 2722 3380 2751 ‚
3413 2677 3657 2740 ordines

2099 2761 2389 2841 recepisse
2428 2762 2560 2826 sine
2603 2764 2820 2828 litteris
2850 2769 3361 2832 testimonialibus
3390 2769 3657 2833 Patriar-

2095 2854 2244 2918 chae
2268 2902 2286 2931 ,
2318 2866 2379 2919 et
2405 2857 2650 2941 insuper
2680 2859 3101 2943 Cappellanias
3125 2909 3142 2939 ,
3173 2865 3247 2927 ad
3295 2884 3554 2946 quarum
3581 2865 3656 2928 ti·

2099 2949 2295 3012 tulum
2328 2952 2574 3017 suerunt
2604 2956 2871 3019 ordinati
2902 3002 2919 3030 ,
2959 2977 3080 3022 non
3124 2980 3250 3021 esse
3278 2979 3421 3022 vera
3454 2959 3657 3024 Eccle-

2095 3041 2334 3107 siastica
2384 3047 2721 3124 Beneficia,
2762 3051 2851 3112 die
2883 3057 2942 3112 8.
2981 3052 3136 3113 Iulii
3191 3057 3366 3113 1724.
3401 3073 3657 3136 reprope-

2094 3140 2204 3199 sito
2232 3138 2400 3201 dubio
2421 3184 2439 3202 .

2220 3233 2316 3295 An
2335 3238 2408 3296 sit
2432 3238 2700 3297 standum
2726 3282 2743 3312 ,
2776 3240 2864 3298 vet
2886 3241 3246 3301 recedendum
3281 3262 3319 3303 a
3345 3241 3540 3304 decisis
3561 3243 3652 3305 die

2093 3333 2190 3390 26.
2223 3329 2397 3390 lunii
2424 3335 2599 3392 ¹723.

2196 3523 2349 3573 Sacra
2369 3522 2571 3591 Congr.
2593 3523 2681 3576 die
2703 3525 2789 3577 19.
2816 3524 3033 3594 Augusti
3056 3526 3214 3579 ¹72⁸.
3239 3528 3536 3597 responditt

2278 3608 2478 3675 Quoad
2532 3611 2771 3680 primum
2795 3651 2809 3677 ,
2844 3626 2898 3666 et
2938 3615 3234 3667 secundum
3269 3634 3374 3686 pro
3416 3634 3562 3669 nunc
3589 3617 3646 3670 in

2086 3693 2302 3763 decisis,
2331 3697 2516 3764 quoad
2551 3700 2900 3753 Valentinum
2932 3703 3221 3756 Pet-eitam
3242 3741 3257 3768 ‚
3288 3718 3340 3758 et
3374 3706 3648 3758 Emanue·

2094 3785 2195 3834 lem
2225 3787 2421 3839 Nunez
2454 3788 2684 3839 Colarez
2704 3826 2719 3853 ,
2747 3801 2800 3840 ee
2834 3789 3021 3858 quoad
3072 3791 3290 3845 tertium
3314 3792 3541 3863 praevio
3566 3810 3645 3845 re·

2083 3883 2231 3923 cess-u
2248 3890 2284 3923 a
2331 3873 2545 3939 decusis,
2576 3875 2885 3948 Episcopus
2915 3878 3201 3947 Tagus-een.
3228 3882 3477 3934 consulat
3508 3882 3642 3934 Con-

2077 3960 2344 4013 scientiae
2362 3979 2512 4014 suae.

2480 4153 2841 4229 QUAESTIO
2890 4156 3235 4221 CCLXVII.

2175 4354 2249 4415 In
2273 4354 2466 4418 Causa
2487 4356 2831 4421 Americana
2853 4406 2872 4431 ,
2907 4362 2997 4423 die
3026 4364 3121 4423 13.
3146 4360 3324 4423 lunii
3348 4366 3521 4425 1722.

2075 4515 2272 4632 Ciles
2305 4589 2444 4650 pars
2475 4579 2565 4633 est
2609 4571 2921 4637 Americae
2956 4576 3377 4640 meridionalis
3400 4624 3417 4653 ‚
3448 4581 3626 4661 juxta

2081 4664 2253 4727 Mare
2275 4664 2595 4729 Pacificum
2619 4668 2683 4729 in
2712 4668 2961 4752 longum
2994 4679 3264 4751 porrecta
3284 4692 3493 4736 versus
3525 4693 3627 4737 oc·-

2073 4777 2299 4820 casum.
2351 4761 2406 4821 A
2449 4762 2855 4841 septentrione
2893 4764 3076 4827 habet
3125 4766 3485 4842 Peruviam,
3546 4769 3627 4831 ab

2073 4851 2322 4914 Oriente
2348 4853 2552 4915 Andas
2593 4855 2828 4918 Montes
2854 4902 2871 4931 ,
2908 4866 2967 4920 et
2996 4877 3031 4919 a
3075 4858 3328 4921 Meridie
3372 4861 3624 4923 Terram

2075 4945 2562 5026 Magellanicam.
2599 4949 2896 5013 Primaria
2925 4951 3149 5015 Civitas
3174 4962 3264 5016 est
3294 4953 3400 5017 illa
3422 4954 3484 5015 S.
3519 4957 3623 5019 Ja-

2072 5037 2204 5099 cobi
2230 5084 2248 5112 ‚
2280 5047 2340 5100 et
2386 5040 2572 5120 Regio
2601 5042 2804 5104 subest
2836 5063 2944 5124 pro
2971 5046 3185 5127 majori
3220 5058 3389 5127 parte
3420 5048 3618 5111 domi-

2073 5131 2178 5193 nio
2207 5132 2497 5195 Catholici
2528 5136 2705 5217 Regis
2743 5137 3177 5219 Hispaniarum
3203 5187 3220 5215 ,
3252 5142 3618 5222 Apostolico-

2070 5245 2208 5286 rum
2239 5225 2757 5291 Missionariorum
2807 5250 3058 5294 munere
3088 5234 3149 5295 in
3198 5234 3518 5299 Provincia
3546 5237 3609 5300 S.

2070 5319 2275 5381 Jacobi
2321 5319 2707 5386 laudabiliter
2753 5324 3094 5409 funguntur
3142 5329 3257 5390 PP.
3306 5331 3616 5394 Societatis

420 5397 577 5445 nova
602 5385 932 5465 audientia,
966 5394 1296 5477 eodemque
1324 5418 1514 5481 usque
1557 5403 1755 5468 adhuc
1797 5409 1964 5472 diffe-
2066 5413 2248 5487 Jesu,
2297 5412 2486 5495 bique
2549 5414 2863 5481 humiliter
2909 5420 3295 5485 Sanctissimo
3355 5426 3610 5489 Domino

421 5484 594 5538 rente
623 5498 835 5543 causae
852 5488 1342 5568 propositionem,
1385 5493 1444 5555 in
1488 5494 1963 5584 congregatione
2067 5506 2285 5571 Nostro
2308 5508 2723 5591 supplicarunt
2749 5533 2862 5596 pro
2884 5513 3166 5581 facultate
3188 5519 3609 5586 administran-
