4393 6299
1007 477 1114 529 202

2026 464 2475 535 ousss‘rtoaes
2510 464 2870 519 ementem

826 629 988 710 apud
1016 629 1276 709 Faqnan.
1301 631 1367 688 in
1391 645 1650 707 eap.cum
1674 622 1975 684 secundum
1997 639 2157 679 num.
2183 622 2282 678 52.
2311 617 2377 677 de
2481 627 2651 681 extra
2681 621 3079 680 memoratum
3125 614 3401 676 Castrum
3455 608 3666 671 Pollae
3692 653 3709 681 ,
3734 626 3856 669 una
3891 620 4027 668 cum

828 724 1195 795 Praebendis,
1214 733 1265 783 et
1297 722 1518 801 Diqnit.
1538 767 1554 794 ,
1583 719 1720 781 licet
1739 716 2054 796 inquirere
2080 713 2288 793 possit,
2319 712 2371 773 si

830 817 998 891 velit,
1022 819 1196 899 juxta
1222 813 1645 877 resolutionem
1663 812 1845 893 hujus
1861 810 1991 872 Sac.
2017 808 2360 889 Congrege-

828 911 1012 974 tionis
1031 914 1094 971 in
1121 932 1241 973 una
1268 909 1509 971 Nullius
1534 914 1626 969 16.
1651 907 1932 968 Januarii
1959 909 2131 964 1595.
2165 902 2265 961 tib.
2293 905 2354 961 7.

831 1004 1050 1066 Decret.
1074 1024 1203 1084 paq.
1243 1010 1341 1064 80.
1366 1023 1403 1064 a
1428 1015 1595 1080 terqo.
1628 1000 1731 1062 ubi
1789 996 2090 1078 proposito
2136 992 2326 1055 dubio
2356 1038 2374 1067 ,

832 1118 912 1160 an
935 1098 1241 1178 Episcopus
1264 1098 1537 1157 ordinans
1556 1097 1767 1155 alienos
1810 1093 2056 1153 subditos
2101 1090 2378 1149 seculares

825 1212 960 1254 cum
981 1194 1314 1252 dimissoriis
1339 1192 1561 1271 proprii
1600 1188 1866 1269 Episcopi
1885 1234 1902 1257 ,
1950 1185 2246 1246 asserentis
2290 1200 2375 1242 eos

834 1287 1185 1347 examinatos
1212 1286 1381 1362 fuisse
1399 1332 1415 1354 ‚
1461 1295 1511 1343 et
1538 1284 1757 1343 idoneos
1786 1290 2031 1361 repertos
2055 1327 2071 1349 ,
2118 1285 2378 1338 teneatur

831 1379 1154 1458 hujissmodi
1194 1380 1544 1439 attestationi
1570 1377 1779 1453 deferre
1805 1423 1820 1445 ,
1868 1376 1958 1434 vel
1984 1376 2154 1433 etiam
2204 1371 2378 1451 possit

2481 715 2766 775 omnibus
2792 710 3020 783 Terris,
3045 717 3106 770 et
3128 705 3420 770 Vassallis
3453 704 3531 767 ad
3564 704 3789 764 dictum
3820 700 4030 765 Casale

2486 808 2950 888 pertinentibus,
2993 823 3099 865 nec
3127 821 3246 864 non
3274 820 3350 862 ex
3400 798 3737 860 subsecutis
3777 795 4030 858 indultis

2489 904 2715 965 Urbani
2747 904 2823 963 tl.
2857 908 2917 961 et
2940 897 3265 960 Alexandri
3303 895 3415 956 111.
3451 893 3655 954 Abbas
3684 890 4031 954 Monasterii

2487 996 2873 1059 Santissimae
2897 993 3215 1055 Trinitatis
3243 990 3438 1052 Cavae
3477 988 3594 1050 sibi
3623 990 3739 1067 iuS,
3771 995 3829 1048 et
3847 987 4034 1064 juris-

2488 1092 2812 1155 dictionem
2859 1091 3206 1151 asseruisset
3261 1089 3325 1145 in
3373 1083 3636 1145 Ecclesia
3694 1083 4032 1143 parochiali

2488 1188 2602 1248 sub
2623 1186 3003 1247 invocatione
3037 1183 3257 1259 pariter
3279 1181 3698 1239 Sanctissimae
3724 1177 4034 1235 Trinitatis

2491 1280 2649 1342 intra
2673 1279 2945 1340 Castrum
2979 1279 3195 1345 Pellae,
3227 1275 3512 1333 adversus
3538 1273 3890 1347 Episcopum
3926 1269 4036 1329 Ca-

2493 1382 2820 1453 putaquen.
2857 1373 2955 1432 eui
2983 1373 3205 1429 [lictum
3231 1369 3504 1425 Castrum
3536 1375 3622 1425 est
3656 1367 3712 1423 in
3742 1365 4038 1441 Spiritua-

833 1474 1041 1534 eosdem
1073 1470 1825 1539 Ordinandoseoeaminare,
1858 1476 2211 1548 responsum
2236 1463 2374 1536 fuit,
2436 1486 2441 1499 ·
2494 1467 2654 1528 libus
2701 1466 3059 1543 subjectum,
3117 1485 3223 1521 noe
3275 1483 3415 1519 suaa
3467 1459 3780 1517 intentioni
3836 1459 4040 1517 Abbas

830 1585 985 1645 posse
1006 1565 1348 1645 Episcopum
1369 1562 1765 1634 ordinantem,
1782 1564 1833 1621 si
1853 1562 2114 1631 voluerit,
2138 1567 2375 1619 attesta-

838 1662 983 1719 tioni
1011 1661 1232 1740 proprii
1256 1658 1524 1738 Episcopi
1544 1657 1776 1733 deferre,
1806 1655 1900 1715 sed
1927 1674 2041 1713 non
2076 1653 2280 1712 teneri:
2321 1658 2382 1712 et

837 1754 1157 1816 concordat
1182 1751 1302 1815 alia
1328 1751 1615 1813 resolutio
1639 1760 1818 1828 super
1840 1747 2026 1810 dubio
2052 1744 2388 1807 ordinatio-

841 1847 1020 1910 tionis
1044 1847 1204 1908 edita
1228 1848 1319 1906 die
1349 1844 1755 1906 adamarit
1786 1847 1961 1904 1693.
1996 1843 2096 1902 lib.
2121 1844 2222 1901 43.
2254 1838 2361 1899 De-

840 1950 973 2001 cret.
1005 1959 1135 2018 paq.
1160 1943 1259 2000 -71,

960 2033 1071 2094 His
1096 2033 1392 2094 stantibus
1413 2030 1729 2111 quaeritur
1755 2048 1773 2087 t

957 2112 1007 2186 1‘.
1052 2126 1147 2185 An
1178 2125 1491 2201 coadjutor
1515 2124 1812 2201 cujusdam
1843 2121 2226 2184 canonicatus
2251 2138 2380 2180 cum

836 2220 1039 2298 futura
1081 2222 1446 2286 successione,
1497 2229 1548 2277 et
1574 2220 1868 2295 assignata
1900 2236 2150 2292 conqrua
2176 2263 2192 2285 ‚
2234 2216 2384 2275 alias

839 2325 1089 2382 uterus,
1118 2333 1177 2373 eo
1198 2317 1319 2391 ipso
1344 2314 1459 2373 dici
1478 2315 1649 2392 possit
1669 2314 1941 2388 subjectus
1973 2310 2247 2389 Capitulo
2270 2309 2323 2369 E
2333 2311 2384 2367 l-

838 2408 1023 2467 boren.
1063 2406 1138 2467 ad
1167 2406 1417 2487 effectum
1461 2408 1801 2483 suscipiendi
1842 2403 2124 2473 Ordines,
2167 2404 2374 2482 absque

837 2502 963 2561 alia
990 2502 1311 2560 dimissoria
1341 2500 1610 2579 Episcopi
1636 2521 1768 2561 suae
1807 2498 2067 2576 Oriqinis
2092 2541 2107 2557 .

958 2594 1043 2653 11.
1081 2594 1177 2653 An
1223 2596 1553 2673 supradicta
1589 2594 1961 2672 Coadjutoria
1992 2594 2234 2672 sufficiat
2266 2593 2385 2652 sal-

843 2698 972 2759 tem,
1013 2699 1080 2747 ut
1117 2690 1251 2748 talis
1292 2687 1605 2765 Coadjutor
1632 2691 1860 2749 dicatur
1892 2690 2090 2747 habere
2122 2686 2375 2745 Domici-

845 2783 985 2839 lium
1014 2784 1349 2858 requisitum
1371 2803 1410 2841 a
1434 2782 1847 2841 Constitutione
1867 2803 1991 2842 san.
2020 2802 2182 2840 mem.
2217 2779 2390 2839 Inno-

841 2876 1012 2935 centii
1062 2873 1201 2933 x11.
1256 2878 1522 2955 incipian.
1564 2876 2000 2955 Speculatores,
2030 2877 2107 2937 ad
2132 2876 2383 2957 effectum

839 2969 1181 3047 suscipiendi
1209 2967 1481 3041 Ordines,
1531 2990 1606 3029 cx
1632 2991 1691 3029 eo
1729 2972 1898 3048 quod,
1954 2990 2026 3030 ex
2061 2974 2390 3050 possessione

842 3063 979 3121 talis
1002 3061 1406 3137 Coady'utoriae
1447 3075 1766 3143 perpetuae,
1807 3067 2031 3124 videtur
2056 3066 2392 3144 sufficienter

843 3157 1253 3218 demonstratus
1274 3161 1500 3219 animus
1528 3170 1788 3237 perpetuo
1809 3161 2201 3239 permanendi.

961 3249 1077 3312 111.
1109 3252 1205 3311 An
1224 3253 1368 3312 idem
1408 3253 1720 3332 Episcopus
1753 3254 2090 3315 Au-oeiliaris
2134 3265 2391 3314 teneatur

838 3346 1147 3423 inquirere,
1185 3358 1379 3406 utrum
1408 3350 1560 3408 circa
1578 3349 1731 3420 illos,
1763 3350 1865 3425 qui
1888 3350 1997 3407 sibi
2019 3350 2090 3409 ab
2134 3347 2393 3410 Ordina-

835 3440 926 3498 rio
943 3487 960 3509 ,
988 3460 1086 3501 seu
1133 3439 1404 3520 Capitulo
1428 3451 1848 3520 proponuntur,
1890 3461 1984 3500 scu
2007 3443 2383 3501 dimittuntur

846 3533 1176 3602 ordinandi,
1207 3533 1563 3609 satisfactum
1583 3535 1658 3592 sit
1685 3536 2044 3613 supradictae
2090 3535 2384 3594 Constitu-

848 3627 992 3685 tioni
1034 3626 1447 3705 Speculatores,
1493 3647 1608 3686 non
1653 3629 1900 3688 obstante
1939 3630 2087 3706 quod
2130 3631 2245 3708 ipsi
2273 3649 2390 3689 non

850 3730 1118 3798 competat
1146 3721 1472 3790 habilitare,
1497 3731 1549 3780 et
1578 3723 1841 3800 expedire
1886 3720 2276 3794 ordinandos,
2306 3725 2401 3784 sed

853 3812 1145 3873 Provisori
1189 3813 1484 3894 Capituli,
1514 3836 1551 3875 a
1574 3835 1684 3893 quo
1710 3836 1823 3876 non
1847 3820 1908 3892 in
1927 3837 2142 3896 qenere,
2174 3818 2270 3878 sed
2296 3838 2399 3878 ex·

847 3925 1030 3986 presse
1056 3926 1320 3986 personae
1346 3908 1555 3969 habiles
1576 3918 1627 3967 et
1648 3911 1939 3990 expeditae
1966 3922 2386 3992 proponuntur.

959 4097 1110 4148 Sacro
1136 4097 1333 4160 Congr.
1362 4098 1448 4148 «lie
1472 4097 1565 4147 2³.
1593 4098 1805 4168 Augusti
1850 4101 2008 4152 ¹721.
2042 4100 2322 4169 respondit
2351 4122 2364 4152 ι

1032 4183 1130 4234 Ad
1154 4183 1402 4236 Primum
1432 4183 1790 4252 affirmative.
1821 4188 1914 4239 Ad
1937 4189 2240 4239 Secundum
2263 4188 2400 4241 satt's

843 4269 1123 4339 provisum
1152 4271 1207 4321 ιἰι
1242 4272 1447 4322 Primo.
1491 4273 1586 4322 Ad
1615 4275 1855 4324 Tertium
1885 4294 1992 4326 non
2020 4276 2196 4328 teneri
2221 4276 2398 4344 inqui·

852 4375 987 4421 rere,
1011 4358 1110 4410 scd
1148 4377 1331 4425 posse,
1362 4372 1414 4410 et
1440 4359 1657 4423 debere,
1676 4361 1827 4428 justa
1850 4364 2169 4417 subsistente
2196 4383 2365 4416 causa
2380 4405 2399 4432 ,

848 4464 905 4498 se
927 4446 1198 4499 abstinere
1224 4447 1291 4498 ab
1322 4448 1675 4501 ordinatione
1691 4489 1701 4500 .

1244 4613 1605 4699 QU'AESTIO
1670 4628 1993 4691 CCXXIV.

852 4828 922 4889 In
945 4826 1136 4890 Causa
1160 4826 1422 4898 Uticensi,
1450 4849 1545 4896 seu
1576 4828 2001 4910 Caputaquensi
2022 4832 2393 4897 Jurisdictio-

1227 4925 1340 4992 nis,
1370 4923 1458 4983 die
1486 4928 1544 4982 2.
1578 4920 2025 5003 Auyustit'i'ffl.
2093 5004 2098 5007 .

855 5059 1042 5174 Cum
1071 5129 1148 5171 ex
1181 5109 1435 5190 antiqua
1462 5111 1807 5186 donatione,
1837 5133 2022 5194 quam
2057 5117 2392 5180 Ascletinus

858 5204 1066 5264 Comes
1095 5202 1320 5278 Pollae,
1348 5214 1405 5265 et
1433 5204 1756 5284 Sigillarda
1783 5210 1912 5288 ejus
1945 5210 2107 5271 Uxor
2139 5211 2403 5274 fecerant

857 5317 1018 5358 anno
1049 5303 1217 5358 1086.
1250 5297 1458 5359 favore
1502 5301 1848 5362 Monasterii
1898 5304 2180 5366 Cavensis
2222 5306 2402 5368 Ordi-

856 5391 951 5452 nis
971 5390 1355 5490 (JassinensiS,
1409 5393 1485 5455 de
1502 5394 1799 5470 Ecclesia,
1838 5407 1897 5459 et
1917 5398 2110 5462 Casali
2139 5400 2202 5461 S.
2238 5402 2397 5466 Petri

2492 1560 2929 1642 praejudicium
2967 1559 3157 1617 ullum
3193 1557 3427 1615 illatum
3478 1553 3658 1611 fuisse
3692 1553 4040 1631 praetende-

2495 1664 2606 1727 ret,
2639 1675 2713 1716 ex
2735 1671 2857 1734 quo
2885 1653 3175 1731 Populus,
3201 1659 3255 1710 et
3287 1651 3494 1707 Clarus
3518 1645 3816 1705 Errlesiae
3836 1647 3894 1703 S.
3932 1647 4040 1703 Pe-

2492 1749 2570 1811 tri
2601 1756 2771 1810 extra
2808 1759 3207 1808 memoratum
3247 1745 3518 1803 Castrum
3552 1741 3754 1799 Pollae
3782 1741 3858 1797 ob
3886 1737 4040 1797 aeris

2495 1841 2945 1922 intemperiem,
3007 1849 3063 1899 et
3119 1841 3421 1897 latronum
3469 1833 3842 1893 incursiones
3866 1853 4038 1907 usque

2486 1938 2558 1998 ab
2577 1956 2728 1997 anno
2760 1939 2933 1994 1517.
2971 1953 3031 1991 se
3055 1931 3389 1991 contulerat
3415 1931 3486 1987 ad
3524 1926 3920 1985 habitandum
3948 1925 4042 1983 in-

2493 2040 2587 2093 tra
2607 2030 2909 2097 Castrum,
2937 2039 2993 2087 et
3021 2029 3101 2085 ibi
3135 2025 3546 2085 parochialem
3574 2021 3900 2081 Ecclesiam
3932 2021 4042 2079 sub

2493 2124 2872 2186 invocatione
2899 2121 3319 2181 Sanctissimae
3351 2117 3664 2177 Trinitatis
3692 2116 4046 2175 :testificave-

2440 2241 2446 2287 ι
2497 2228 2632 2289 rat,
2684 2239 2760 2280 ex
2795 2238 2917 2299 quo
2947 2237 3099 2275 nova
3131 2217 3275 2273 haee
3307 2213 3572 2274 Ecclesia
3602 2221 4040 2289 assumpserat,

2494 2325 2554 2375 et
2580 2314 2911 2374 retinuerat
2939 2313 3311 2391 primaevam
3347 2307 3812 2385 exemptionem,
3838 2313 3892 2363 et
3922 2303 4044 2363 alia

2494 2408 2836 2489 privilegia,
2860 2427 3017 2485 (piae
3047 2405 3331 2481 antiquae
3375 2401 3792 2477 competebant
3838 2397 4038 2455 Eccle-

2443 2508 2446 2518 ’
2497 2503 2641 2572 siae,
2667 2501 3117 2562 controversiae
3171 2497 3429 2573 cognitio
3457 2495 3648 2551 delata
3688 2493 3797 2551 snit
3846 2491 3918 2549 ad
3970 2491 4040 2547 A.

2496 2597 2563 2657 C.
2600 2598 2941 2663 Areostum,
2981 2593 3084 2671 qai
3119 2613 3267 2649 anae
3313 2597 3484 2649 16:22.
3522 2587 3876 2646 sententiam
3908 2603 4046 2661 pro-

2502 2690 2661 2757 tulit,
2697 2690 2758 2748 in
2784 2707 2901 2767 qua
2935 2687 3083 2744 dixit
3123 2685 3439 2743 Ecclesiam
3472 2679 3890 2741 Sam-tissimae
3920 2677 4048 2735 Tri-

2502 2783 2708 2844 nitatis
2729 2801 2866 2842 cum
2891 2801 2993 2839 sna
3023 2777 3305 2837 l'arncliia
3343 2783 3630 2851 spectare,
3660 2783 3714 2831 et
3748 2771 4046 2849 pertinere

2500 2877 2573 2938 ad
2600 2878 2891 2937 Abbalem
2919 2897 3027 2951 pre
3055 2883 3317 2949 tempere
3341 2867 3684 2927 Menasterii
3710 2865 3928 2923 Caveri.
3952 2883 4048 2921 ne-

2500 2989 2620 3050 que
2651 2969 2777 3030 ullo
2826 2969 3007 3027 moda
3059 2967 3237 3023 lit-ere
3287 2963 3576 3039 Episcopo
3630 2961 4042 3035 Caputaquen.

2501 3076 2668 3124 aetus
2699 3060 3139 3141 jurisdirtionis
3173 3078 3447 3116 exercere
3490 3056 3544 3112 in
3576 3054 3732 3112 dit-{a
3760 3052 4044 3120 Ecclesia,

2504 3141 2889 3229 Parochia,et
2913 3152 3321 3222 Paret-hinnis,
3345 3154 3592 3230 ejusque
3616 3154 4047 3224 consequenter

2502 3253 2812 3314 vicarium
2858 3250 3017 3310 male
3059 3268 3119 3308 se
3153 3250 3395 3324 gessisse
3421 3291 3433 3314 ‚
3472 3240 4047 3302 ext-sunnmnicando

2501 3344 2828 3407 nonnullos
2868 3343 3141 3402 [immines
3173 3348 3532 3400 nwmoratav
3586 3334 3906 3394 l‘arerhiae
3936 3382 3950 3402 ,
3994 3342 4050 3392 et

2504 3439 2651 3501 haee
2680 3440 2979 3500 sententia
3039 3436 3343 3494 Autliteris
3387 3434 3672 3490 Gammae
3730 3428 3840 3486 suit
3898 3448 4048 3486 anno

2511 3539 2688 3595 1672.
2750 3542 3009 3608 utraque
3053 3542 3219 3608 parte
3251 3529 3652 3592 informante,
3700 3520 4054 3582 confirmata

2504 3627 2566 3687 in
2603 3626 2915 3686 Tribuuali
2959 3626 3163 3692 Ratae,
3205 3620 3293 3680 uti
3331 3618 3516 3678 videri
3552 3626 3742 3694 petest
3786 3618 3848 3672 in
3880 3614 4044 3672 decis.

2506 3728 2603 3782 97.
2639 3739 2752 3780 cor.
2789 3718 2983 3778 Emer.
3023 3716 3165 3774 ἄκη.

2627 3818 2803 3875 Anno
2857 3812 3181 3890 praeterito
3239 3814 3409 3866 1720.
3459 3804 3752 3884 quaedam
3798 3802 4050 3884 contigit

2508 3911 2641 3971 rixa
2666 3907 2823 3969 inter
2846 3906 3221 3966 Sacerdotem
3254 3902 3544 3960 joannem
3572 3896 3716 3956 Turi
3740 3896 4048 3956 subditum

2510 4002 2728 4065 Abbati
2754 4000 3031 4066 Cavensi,
3059 4008 3261 4074 utpote
3289 3994 3726 4054 parochianum
3754 3990 4048 4050 Ecclesiae

2507 4093 2923 4165 Sanctissimae
2943 4090 3275 4156 Trinitatis,
3299 4098 3357 4144 et
3383 4086 3828 4144 Subdiaeenum
3852 4084 4050 4142 Domi-

2509 4208 2656 4249 num
2682 4185 2979 4247 Bosanum
3003 4184 3309 4242 subditum
3323 4180 3616 4258 Episcopo
3636 4176 4048 4254 Capntaquen-

2506 4284 2581 4355 si,
2607 4291 2818 4343 etcum
2841 4279 2903 4338 in
2951 4278 3249 4356 praedicta
3291 4274 3419 4332 rixa
3472 4271 3732 4328 ltesanus
3758 4268 4048 4328 nonnulla

2508 4376 2763 4438 vulnera
2799 4374 3145 4450 recepisset,
3175 4368 3500 4444 Episcopus
3550 4382 3888 4442 processum
3918 4384 4052 4422 cen-

2509 4471 2648 4531 secit
2673 4469 2957 4530 adversus
2988 4468 3397 4522 percussorem
3421 4506 3433 4528 ,
3496 4478 3676 4534 quem
3718 4458 3896 4516 etiam
3948 4458 4050 4516 de-

2509 4554 3437 4623 nuntiavitexcomnnmicatum,
3463 4562 3517 4608 et
3548 4550 3778 4608 Ahhata
3802 4548 4048 4610 Cavensi

2506 4654 2901 4718 contendente
2949 4650 3249 4730 praedicta
3285 4646 3486 4704 (mutia
3540 4654 3700 4722 gesta
3758 4642 3938 4702 fuisse
3988 4646 4048 4702 in

2508 4757 2911 4828 contemptum
2973 4766 3114 4802 suae
3159 4738 3630 4820 jurisdirtitmis,
3678 4758 3784 4796 nec
3828 4736 4052 4798 habere

2509 4841 2979 4906 subsistentiam,
3019 4847 3223 4916 utpute
3261 4836 3409 4894 sacta
3441 4854 3474 4891 a
3508 4852 3622 4890 nen
3658 4832 3914 4890 habente
3944 4852 4050 4892 au-

2507 4937 2867 5006 ctoritatem,
2895 4936 3231 5008 disputatur
3267 4928 3325 4986 in
3363 4926 3684 5004 praesenti,
3726 4944 3800 4982 an
3830 4926 4054 4984 Censu-

2508 5050 2613 5092 rae
2629 5029 3072 5098 sustineantur;
3107 5026 3289 5105 hujus
3306 5022 3470 5081 enim
3506 5018 3761 5079 Articuli
3789 5020 4053 5098 cognitio

2507 5123 2626 5184 fuit
2651 5123 2725 5184 ad
2755 5121 2912 5182 hanc
2943 5119 3184 5179 Sacram
3239 5110 3778 5193 Congrcgationem
3806 5110 4056 5174 remissa

2507 5218 2586 5279 ab
2607 5214 2898 5276 Auditore
2922 5207 3289 5273 Sanctissimi
3322 5250 3339 5265 .

2630 5309 3114 5369 Fundamentum
3160 5298 3414 5363 Abbatis
3442 5297 3714 5360 consistit
3755 5297 3822 5357 in
3849 5317 4056 5360 exem-

2510 5405 2712 5486 ptione
2761 5397 3132 5463 t‘ercussoris
3161 5415 3198 5459 a
3240 5390 3667 5475 jurisdictione
3722 5391 4044 5474 Episcopi,
