4393 6299
856 524 1051 580 .a⁹2

756 688 846 743 ret
871 726 890 755 ,
913 678 1240 742 decisiones
1260 673 1500 738 Rotales
1521 673 1812 737 adversus
1830 691 1893 733 se
1914 670 2107 733 editas
2124 719 2138 740 ,
2169 689 2300 731 esse

751 773 1228 843 insubsistentes,
1245 778 1306 833 et
1327 768 1518 831 multo
1544 767 1736 849 magis
1757 787 1896 829 cum
1917 784 2096 828 causa
2121 764 2304 827 fuerit

754 868 900 933 huic
924 869 1055 931 Sac.
1086 863 1545 948 congregationi
1574 862 1844 943 delegata
1867 878 1987 923 non
2015 860 2095 923 de
2124 859 2300 934 Votn,

760 963 865 1026 sed
902 982 1041 1026 cum
1091 960 1247 1023 Voto
1304 960 1491 1021 Rotae
1515 1002 1534 1030 ,
1582 955 1737 1017 itaut
1783 954 1862 1017 sit
1912 954 1975 1014 in
2019 952 2306 1016 facultate

754 1056 886 1122 Sac.
914 1053 1403 1138 congregationis
1432 1048 1710 1133 amplecti
1739 1095 1757 1124 ,
1785 1057 1897 1111 aut
1926 1048 2173 1131 reiicere
2199 1047 2304 1109 de·

754 1150 1009 1214 cisiones
1038 1147 1279 1210 Rotales
1298 1190 1315 1208 .

870 1243 1357 1305 Fundamentum
1385 1237 1660 1321 Episcopi
1686 1237 1809 1300 late
1851 1242 2215 1296 exornatum
2241 1234 2305 1295 in

754 1337 1157 1401 decisionibus
1179 1335 1498 1397 Rotalibus
1516 1331 1903 1395 constituitur
1926 1334 1988 1390 in
2007 1329 2184 1391 Botta
2211 1334 2302 1390 18.

757 1431 1023 1511 Greqorii
1047 1430 1109 1494 X
1116 1431 1178 1492 V.
1214 1430 1444 1491 Bultar.
1480 1438 1613 1490 tom.
1662 1431 1721 1489 4.
1768 1427 1836 1487 In
1866 1424 2041 1487 dictis
2063 1443 2309 1505 quoqne

750 1524 1163 1589 decisionibus
1200 1522 1482 1586 firmatur
1506 1568 1523 1592 ‚
1569 1538 1691 1582 non
1745 1518 2022 1600 prodesse
2049 1517 2307 1598 allegata

751 1620 1006 1684 Abbatis
1026 1617 1351 1699 Privilegia
1380 1663 1397 1689 ‚
1431 1636 1538 1690 nec
1564 1605 2062 1677 consuetudinem
2094 1613 2306 1674 imme-

750 1713 1111 1776 morabilem
1134 1730 1261 1774 esse
1282 1711 1619 1792 probatam,
1645 1706 1910 1788 addique
1933 1715 2127 1787 posset
2149 1705 2309 1768 ultra

750 1800 1006 1870 deducta
1034 1806 1096 1868 in
1120 1804 1547 1888 decisionibus,
1577 1801 1743 1882 quod
1769 1798 2295 1869 immemorabilis,

754 1911 1057 1984 quatenos
1074 1906 1225 1963 esset
1248 1895 1527 1980 probata,
1559 1914 1678 1957 non
1702 1896 2021 1966 relevaret3
2044 1895 2105 1954 in
2129 1892 2306 1956 Bulla

749 1997 972 2060 etenim
995 2000 1055 2057 7.
1086 1992 1387 2055 Clcnaeats‘s
1416 1991 1487 2052 V.
1510 1990 1746 2051 Batlar.
1771 2001 1905 2050 tom.
1932 1994 1990 2049 6.
2016 1987 2308 2050 statuitur

751 2091 1015 2171 idipsum
1040 2137 1056 2160 ,
1085 2088 1253 2169 quod
1277 2084 1395 2147 fuit
1413 2092 1708 2147 statutum
1753 2082 1818 2145 in
1859 2081 2036 2148 Bulla
2074 2080 2304 2162 Grego-

751 2186 950 2258 riana,
975 2182 1250 2264 indigere
1269 2179 1549 2242 videlicet
1576 2176 1905 2258 Regulares
1922 2173 2309 2257 approbatio-

752 2299 831 2341 ne
850 2276 1125 2360 Episcopi
1155 2295 1263 2356 pro
1286 2271 1656 2354 excipiendis
1677 2268 2168 2335 Confmionibus
2179 2269 2307 2330 Mo-

751 2373 1009 2436 nialium
1033 2370 1147 2432 sibi
1174 2369 1581 2451 subjectarum
1607 2412 1625 2441 ,
1655 2366 1745 2429 uti
1772 2365 1995 2449 legitur
2022 2364 2085 2426 in
2135 2362 2202 2446 S.
2237 2367 2296 2425 4.

751 2477 814 2532 et
831 2468 895 2528 in
919 2466 1031 2529 bac
1053 2464 1230 2527 Bulla
1258 2461 1634 2526 Clementina
1674 2457 2022 2523 continetur
2050 2458 2307 2540 deroga-

755 2563 839 2625 tio
858 2556 1281 2624 consuetudini
1317 2556 1500 2620 etiam
1527 2552 1998 2617 immemorabili
2028 2599 2045 2623 ‚
2083 2551 2176 2616 nti
2227 2552 2312 2615 le-

753 2656 917 2741 gitur
945 2655 1014 2738 S.
1062 2659 1121 2715 9.

877 2749 1165 2829 Adeoque
1189 2763 1353 2808 nnnc
1370 2742 1687 2826 quaeritur
1704 2762 1722 2804 ε

871 2842 968 2904 An
995 2840 1197 2902 Votum
1221 2840 1419 2900 Rotale
1445 2840 1521 2900 sit
1546 2836 1934 2918 exequendum
1953 2837 2020 2896 ia
2041 2854 2179 2898 casu
2203 2844 2307 2897 etc.

868 3034 1008 3086 Sacr.
1037 3030 1219 3096 Congr
1266 3028 1354 3080 «lie
1379 3029 1468 3080 80.
1495 3026 1726 3106 lan-narii
1760 3026 1916 3079 tm.
1945 3027 2252 3096 respondit:

935 3117 1404 3189 Approbaer'onem
1450 3113 1919 3184 Confinart'omm
1953 3133 2057 3186 pro
2095 3115 2317 3169 Mottia-

752 3209 894 3263 tibus
914 3207 1188 3278 pertinere
1212 3205 1289 3259 ad
1314 3205 1646 3276 Episcopum
1663 3242 1674 3254 .
1782 3231 1786 3235 <

1205 3398 1568 3476 QUAESTIO
1625 3397 1847 3461 cocu.

822 3602 891 3663 In
914 3602 1124 3664 'Causa
1165 3601 1468 3663 Valentino
1499 3600 1589 3660 die
1623 3603 1717 3660 16.
1749 3598 2033 3683 Ianuarii
2066 3601 2239 3660 ¹723.

759 3732 1068 3853 vacante
1088 3788 1455 3852 Canonicatu
1480 3785 1771 3849 Lectorali
1798 3784 2310 3868 Metropolitanae

755 3883 1056 3946 Ecclesiae
1078 3882 1439 3945 valentinae
1460 3929 1478 3952 ,
1507 3879 1854 3961 Capitulum
1876 3929 1892 3951 ,
1927 3887 1988 3944 et
2020 3880 2305 3947 Canonici

755 3978 830 4041 ad
892 3996 1166 4039 normam
1231 3975 1573 4038 litterarum
1641 3975 2109 4057 apostolicarum
2174 3995 2306 4038 san.

756 4091 935 4133 mem.
963 4069 1299 4133 innocentii
1325 4071 1523 4151 Papae
1540 4069 1653 4130 XI.
1679 4072 2055 4132 devenerunt
2080 4069 2157 4131 ad
2186 4069 2309 4132 affi-

755 4164 998 4225 xionem
1025 4163 1238 4237 edicti,
1269 4162 1333 4224 in
1362 4180 1485 4243 quo
1507 4161 1991 4235 demandarunt,
2021 4168 2092 4224 ut
2112 4161 2310 4244 Oppo-

758 4255 971 4318 sitores
1013 4255 1223 4318 subire
1244 4255 1534 4316 deberent
1572 4273 1823 4327 examen
1852 4274 2033 4336 super
2071 4255 2309 4336 exposi-

760 4350 927 4413 tione
967 4351 1193 4412 'sextus
1251 4348 1383 4411 Sac.
1440 4348 1787 4429 Scripturae
1809 4394 1826 4421 .
1879 4350 2312 4431 nonnullisque

752 4443 1077 4506 Gratluatis
1099 4489 1117 4516 ,
1162 4462 1269 4506 seu
1310 4442 1657 4505 Licentiatis
1688 4444 1750 4505 in
1778 4444 1927 4504 Jure
1958 4444 2264 4507 Canonico
2287 4494 2303 4517 ,

751 4547 812 4600 et
832 4537 1008 4599 Civili
1038 4556 1163 4599 sese
1196 4536 1672 4617 opponentibus,
1703 4537 1818 4599 sub
1836 4537 2299 4620 obtentu,‘quod

753 4630 1007 4692 examen
1043 4632 1243 4711 quoad
1296 4628 1455 4710 ipsos
1498 4627 1651 4691 fieri'
1677 4649 1795 4691 non
1844 4631 2091 4693 deberet
2126 4627 2310 4713 super

752 4725 945 4785 Textu
977 4724 1312 4802 scripturae
1337 4767 1355 4796 ‚
1385 4722 1488 4784 sed
1515 4742 1695 4802 super
1731 4724 1933 4805 Legali
1971 4723 2259 4787 facultate
2280 4773 2298 4801 ,

2001 517 2452 588 QtfflsTtoxt-:s
2488 515 2848 576 onomat-3

2411 691 2555 752 quae
2579 677 2788 738 similes
2817 673 3095 736 Canonici
3120 690 3195 734 ea:
3215 671 3461 735 Concilii
3487 671 3731 734 Decretis
3751 669 3956 750 (acere,

2417 771 2622 851 exequi
2643 819 2659 840 ,
2704 781 2756 832 et
2782 769 3037 832 exercere
3079 770 3269 831 debent
3294 817 3311 841 ,
3353 778 3405 830 et
3452 779 3712 830 tenentur
3734 814 3753 840 ‚
3790 770 3963 830 etiam

2412 869 2593 947 [acere
2621 915 2637 938 ,
2665 866 2870 946 exequi
2886 911 2905 939 ‚
2939 875 2991 927 et
3030 884 3283 926 exercere
3305 865 3524 926 debeat.

2533 961 2792 1024 Additur
2817 1006 2835 1035 ,
2878 960 3039 1042 quod
3074 960 3138 1022 in
3189 959 3325 1023 aliis
3361 958 3579 1021 litteris
3627 959 3708 1021 ab
3747 957 3964 1020 'eodem

2415 1055 2704 1120 Pontifice
2728 1052 3005 1137 Capitulo
3036 1055 3275 1137 scriptis
3297 1054 3447 1117 baec
3473 1053 3811 1116 habentur:
3858 1055 3964 1114 etsi

2414 1152 2697 1230 προείπω
2727 1150 3138 1222 canonic-arm,
3170 1171 3272 1232 pro
3299 1170 3410 1229 quo
3435 1150 3793 1228 supplicastis
3809 1197 3823 1218 ,
3849 1167 3966 1207 non

2421 1246 2555 1307 leves
2575 1247 2889 1307 continebat
2916 1243 3272 1326 difficultates
3294 1290 3312 1319 ,
3341 1245 3513 1305 sicuti
3537 1245 3612 1305 iis
3636 1288 3653 1314 ,
3696 1245 3799 1321 qui
3816 1242 3971 1302 ettad

2415 1344 2689 1419 arqebant
2716 1390 2733 1414 ‚
2761 1344 2930 1422 plane
2956 1344 3203 1403 innotuit
3231 1389 3246 1412 ,
3269 1361 3361 1403 eas
3392 1350 3579 1401 tamen
3610 1339 3840 1399 libenter
3871 1337 3970 1399 de-

2416 1439 2602 1498 dimus
2645 1437 2922 1500 charitati
2935 1483 2954 1513 ,
2985 1457 3101 1518 qua
3145 1457 3236 1498 vos
3262 1435 3656 1517 prosequimur
3677 1477 3694 1501 .
3730 1441 3782 1494 el
3809 1433 3932 1512 *1κῖ
3951 1480 3966 1502 ,

2419 1552 2592 1612 qaam
2614 1534 2992 1614 concepimus,
3022 1531 3173 1610 sore,
3202 1542 3267 1591 ut
3287 1534 3363 1601 is,
3395 1530 3499 1609 qui
3519 1548 3556 1591 a
3587 1528 3739 1590 cobis
3763 1575 3778 1597 ,
3805 1545 3972 1605 prac-

2415 1628 2504 1687 vv'o
2533 1637 2801 1690 accurato
2820 1629 3084 1702 examine
3110 1625 3188 1688 ad
3214 1624 3283 1687 S.
3322 1623 3661 1705 Scripturas
3688 1624 3973 1682 lectionem

2416 1721 2757 1801 approbatus
2783 1721 2930 1799 suit,
2951 1717 3206 1796 judicio,
3246 1729 3300 1779 et
3335 1717 3719 1798 expectationi
3759 1724 3971 1776 vestrae

2421 1835 2536 1876 non
2561 1819 2682 1878 sine
2709 1814 2996 1877 Ecclesiae
3015 1816 3212 1894 [ructa
3236 1815 3493 1894 apprime
3525 1810 3851 1892 respondeat
3880 1858 3894 1880 ,
3915 1815 3977 1871 et

2419 1910 2484 1973 in
2511 1930 2807 1973 concursu
2843 1909 3190 1972 immediate
3210 1916 3341 1990 post
3369 1905 3731 1970 erectionem
3759 1902 3972 1992 habito

2421 2024 2531 2085 pro
2565 2004 2886 2068 collatione
2927 2004 3315 2067 Praebendae
3345 1999 3692 2076 Lectoralis,
3722 2017 3978 2061 examen

2421 2100 2579 2162 inter
2596 2095 3349 2181 oppositoresinstitutum
3380 2096 3496 2160 fuit
3528 2115 3711 2178 super
3743 2092 3976 2176 exposi-

2421 2195 2587 2258 tione
2613 2192 2780 2258 Sacri
2811 2193 3036 2257 'l'extns
3061 2236 3077 2256 .
3237 2185 3240 2188 ¹
3547 2197 3550 2202 ’

2536 2288 2616 2350 Et
2669 2284 2950 2369 quamvis
2998 2286 3063 2347 in
3109 2284 3324 2367 primis
3368 2283 3588 2345 litteris
3638 2278 3978 2363 apostolicis

2419 2399 2594 2460 saepe
2617 2380 2929 2444 memorati
2961 2378 3295 2442 iunocentii
3327 2378 3444 2464 XL
3476 2375 3703 2439 mentio
3731 2374 3976 2464 ‘babea-

2422 2482 2524 2536 tur
2552 2476 2880 2537 Doctorum
2909 2471 3229 2554 utriusque
3259 2472 3426 2535 Iuris
3475 2490 3651 2533 unam
3698 2469 3980 2532 Praeben-

2425 2569 2558 2631 dam
2586 2567 2929 2630 lectoratem
2970 2570 3035 2628 in
3061 2569 3216 2629 dicta
3242 2567 3501 2629 Ecclesia
3526 2585 3631 2643 pro
3651 2557 3767 2626 uno
3788 2562 3980 2627 Cieri-

2422 2681 2484 2722 co
2512 2709 2527 2733 ‚
2567 2681 2665 2722 seu
2700 2660 3031 2741 Presbytero
3058 2661 3346 2741 Maqistro
3391 2662 3456 2720 in
3504 2659 3841 2738 Theoloqt‘a,
3881 2676 3979 2718 seu

2421 2753 2589 2816 Iuris
2611 2757 2908 2835 utriusque
2943 2753 3177 2817 Doctore
3203 2801 3220 2828 ,
3267 2757 3380 2815 sice
3426 2752 3737 2815 licentiato
3777 2751 3976 2831 futuro

2421 2851 2571 2911 inibi
2614 2849 2842 2911 Lectore
2887 2848 3103 2912 Sacrae
3147 2848 3485 2930 Scripturas
3523 2858 3626 2910 etc.
3676 2855 3738 2907 et
3790 2844 3976 2926 paulo

2424 2951 2550 3025 post
2593 2965 2697 3025 pro
2737 2964 2850 3005 uno
2879 2942 3136 3015 clerico,
3181 2964 3278 3004 seu
3312 2942 3644 3022 Presbytero
3686 2940 3974 3020 Mayt'stro

2421 3042 2486 3100 in
2516 3036 2852 3119 Theoloqia,
2881 3057 2979 3100 sea
3020 3039 3318 3114 utriusque
3351 3035 3521 3097 Iuris
3545 3035 3777 3097 Doctore
3804 3083 3820 3105 ,
3868 3041 3973 3094 aut

2421 3134 2485 3194 in
2511 3132 2741 3195 decretis
2775 3133 2840 3193 in
2883 3131 3084 3211 aliqua
3128 3131 3309 3194 studii
3337 3131 3615 3211 qeneralt’s
3661 3129 3977 3211 approbata

2426 3226 2802 3289 Universitate
2834 3225 3150 3287 Licentiato
3169 3245 3380 3305 semper
3401 3271 3418 3298 ,
3453 3234 3506 3286 et
3532 3232 3795 3306 perpetuo
3833 3220 3973 3304 affe·

2418 3312 2527 3393 cti,
2556 3321 2869 3395 constituti,
2892 3331 2942 3381 et
2963 3320 3221 3400 deputati
3228 3321 3384 3393 sint,
3414 3330 3467 3381 et
3504 3337 3613 3379 esse
3640 3319 3893 3386 debeant,
3916 3325 3971 3377 et

2422 3415 2732 3477 Lectorales
2751 3425 3175 3496 nuncupentur,-
3202 3412 3545 3495 Capitulum
3569 3409 3971 3473 nibilominus

2417 3500 2657 3583 subdit,
2687 3508 2873 3581 baec,
2929 3516 2987 3570 et
3021 3506 3243 3569 similia
3291 3510 3436 3569 suae
3479 3501 3800 3566 intentioni
3849 3520 3970 3563 non

2417 3601 2690 3674 obstare,
2713 3594 2850 3663 cum
2876 3600 3041 3662 aliud
3074 3601 3174 3670 sit,
3211 3599 3371 3681 qnod
3404 3598 3464 3660 in
3490 3616 3782 3659 concurso
3807 3615 3974 3657 com·

2418 3714 2630 3778 parere
2650 3696 2875 3777 possint
2896 3715 3013 3757 non
3037 3695 3232 3756 solnm
3245 3691 3513 3774 Magistri
3541 3691 3603 3752 in
3626 3690 3761 3753 Sac.
3782 3689 3975 3752 Theo·

2417 3790 2579 3873 logia
2606 3837 2624 3865 ,
2676 3789 2779 3853 aed
2833 3789 3016 3853 ctiam
3067 3788 3233 3851 Juris
3280 3787 3601 3867 utriusque
3647 3785 3932 3846 Doctores
3952 3829 3973 3859 ,

2423 3885 2590 3949 aliud
2632 3905 2776 3947 vero
2801 3931 2817 3959 ,
2849 3885 3009 3966 quod
3039 3883 3203 3947 Jurls
3234 3884 3520 3944 Doctores
3559 3878 3624 3941 in
3668 3877 3976 3942 concursu

2417 3986 2830 4059 comparentes
2873 3978 2995 4041 sint
3027 3973 3414 4038 examinandi
3463 3991 3646 4054 super
3671 3972 3820 4033 lure
3857 3969 3973 4032 Ca-

2418 4073 2659 4146 nonico,
2684 4081 2745 4136 et
2773 4091 2904 4135 non
2928 4090 3108 4153 super
3135 4067 3537 4152 explicatione
3557 4066 3776 4130 Sacrae
3806 4062 3970 4127 Scri-

2419 4175 2633 4249 pturae
2651 4210 2668 4227 .

2535 4260 2716 4322 Plura
2739 4258 2814 4321 ad
2841 4277 2967 4320 rem
2984 4303 3000 4330 ,
3028 4256 3103 4318 de
3122 4275 3246 4337 qua
3273 4254 3477 4338 agitur
3504 4301 3521 4329 ,
3542 4253 3882 4317 afferuntur
3902 4251 3968 4314 in

2417 4353 2842 4417 informatione
2874 4360 2995 4416 tam
3024 4350 3170 4414 facti*
3190 4398 3208 4424 ,
3237 4369 3425 4433 quam
3454 4349 3622 4412 Iuris
3654 4367 3763 4429 pro
3783 4344 3959 4426 Capi-

2417 4447 2582 4533 tulox
2627 4455 2687 4510 et
2721 4443 3255 4529 praeter'dedu'cta
3304 4446 3385 4508 ab
3441 4444 3603 4518 illis,
3647 4436 3969 4523 ponderari

2415 4542 2665 4605 fortasse
2699 4548 2915 4622 posset,
2949 4540 3363 4603 praebendam
3385 4535 3756 4600 Lectoralem
3784 4531 3967 4594 fuisse

2415 4635 2476 4697 in
2510 4634 2771 4697 Ecclesia
2798 4634 3126 4696 Valentina
3170 4631 3503 4695 institutam
3533 4647 3567 4692 a
3602 4644 3732 4691 san.
3787 4642 3967 4686 mem.

2414 4728 2762 4791 Innocentio
2787 4727 2896 4813 XJ.
2936 4727 3014 4790 ad
3047 4745 3319 4788 normam
3342 4721 3593 4786 Concilii
3625 4713 3964 4782 Tridentini

755 4837 830 4880 ex
887 4816 1174 4896 rescripto
1219 4816 1529 4877 Auditoris
1576 4816 1945 4879 Sanctissimi
1997 4838 2176 4882 causa
2227 4820 2304 4882 ad
2411 4843 2539 4883 sess.
2570 4828 2628 4884 5.
2665 4840 2790 4903 cap.
2828 4825 2884 4882 1.
2916 4866 2934 4895 ,
2975 4820 3063 4882 uti
3091 4839 3165 4882 ex
3206 4821 3335 4902 ejus
3373 4814 3588 4885 litteris
3627 4806 3966 4894 apostolicis

761 4911 915 4974 hanc
933 4911 1180 4973 Sacram
1202 4909 1738 4992 Congregationem
1774 4907 1970 4974 delata
1997 4920 2117 4975 est.

2367 4974 2374 4985 .
2413 4904 2755 4999 colligitur,
2783 4934 3045 4997 cumque
3076 4915 3323 4976 Sacrum
3348 4907 3684 4973 Concilium
3716 4903 3846 4965 loco
3879 4900 3969 4963 ci-

874 5005 1356 5067 Fundamentum
1409 5003 1588 5066 edicti
1633 5005 2018 5068 constituitur
2056 5006 2120 5067 in
2158 5024 2305 5088 apo·
2415 5019 2537 5074 tato
2564 5030 2840 5093 expresse
2864 5008 3148 5091 loquatur
3182 5007 3257 5070 do
3289 5000 3566 5067 Lectione
3592 4999 3653 5061 S.
3690 4997 3965 5076 Scriptu-

746 5099 979 5199 ,stolicis
1011 5099 1228 5161 litteris
1256 5106 1621 5160 memoratae
1644 5117 1773 5162 san.
1803 5119 1983 5162 mem.
2016 5102 2306 5164 Innocen-
2412 5125 2550 5180 rae,
2581 5115 2641 5169 et
2670 5106 2750 5169 ab
2782 5104 2894 5168 bac
2920 5104 3100 5167 Sacra
3128 5096 3603 5183 congregatione
3622 5094 3748 5176 iam
3780 5089 3969 5153 fuerit

756 5192 825 5255 tii
855 5186 967 5253 Xl.
1001 5192 1064 5252 in
1086 5191 1313 5272 quibus
1339 5192 1703 5266 decernitur,
1736 5194 1898 5274 quod
1930 5213 2039 5274 pro
2073 5205 2304 5275 tempo·
2415 5197 2742 5260 resolutum
2770 5243 2789 5273 ,
2821 5198 3138 5259 Doctorem
3167 5193 3230 5255 in
3273 5193 3422 5253 Jure
3468 5184 3772 5251 canonico
3802 5180 3966 5245 obti-

760 5307 825 5349 re
853 5285 1113 5348 existens
1158 5285 1493 5348 Canonicus
1540 5287 1864 5349 Lecton-alis
1891 5291 2133 5369 sinqatis
2180 5291 2312 5350 die-¹

2413 5310 2556 5354 nere
2594 5310 2763 5372 posse
2811 5287 3223 5354 praebendam
3269 5280 3696 5364 Theologalem
3723 5325 3742 5354 ,
3788 5288 3856 5340 ot
3901 5278 3968 5337 in

756 5382 856 5440 bns
884 5427 902 5451 ,
928 5381 1170 5458 exceptis
1197 5380 1409 5455 [estivis
1431 5425 1448 5449 ,
1479 5378 1723 5441 Sacram
1751 5377 2121 5462 Scriptorum
2159 5384 2301 5462 lcqe-
2407 5384 2602 5445 Asten.
2636 5390 2694 5447 3.
2727 5384 3030 5446 Februarii
3064 5386 3238 5445 tote.
3286 5376 3382 5441 tib.
3420 5382 3514 5439 18.
3560 5375 3786 5437 Decret.
3827 5393 3964 5482 pay.

758 5492 819 5534 re
839 5517 858 5547 ,
888 5481 939 5532 et
966 5472 1383 5553 interpretari,
1403 5473 1634 5553 aliaque
1660 5476 1854 5537 omnia
1878 5522 1895 5546 ‚
1940 5486 1993 5536 et
2018 5477 2252 5556 sinquta
2277 5521 2297 5553 ,

2411 5484 2508 5542 31.
2541 5477 2650 5541 ibi:
2679 5476 2999 5555 Quaeritur
3023 5498 3142 5551 ,an
3172 5475 3374 5537 Ductor
3400 5475 3464 5533 in
3494 5469 3641 5533 Iure
3672 5467 3963 5533 Canontco
