4393 6299
1584 455 2044 527 Quas-rm
2101 458 2297 513 cccv.

429 615 610 676 nitate
632 618 892 674 maneant
907 656 925 680 ‚
953 610 1070 670 nisi
1091 606 1479 689 mosesdonem
1504 608 1580 670 ad
1612 608 1852 687 formam
1877 610 1969 671 di-

429 718 551 770 ctae
592 706 808 768 Pianae
843 706 1141 774 emittant,
1182 705 1542 783 praescripsit
1583 703 1769 766 Sacra
1818 703 1969 782 Con—-

427 803 677 881 qreqatio
689 799 1116 879 Episcoporum.
1142 797 1335 873 Quare
1352 808 1485 859 sunt
1501 799 1567 858 de
1573 800 1971 877 jurisdictione

432 892 771 955 ordinarii:
815 901 875 953 et
912 889 1191 971 pluribus
1233 891 1618 972 prosequitur
1645 889 1729 962 R.
1768 892 1842 953 P.
1888 892 1963 951 D.

427 989 606 1051 Petra
644 988 721 1048 ad
769 984 1008 1047 Constit.
1051 984 1303 1066 Apostol.
1356 996 1489 1054 tom.
1535 990 1596 1048 4.
1643 1005 1778 1067 paq.
1826 990 1966 1049 475.

425 1104 586 1144 num.
621 1086 715 1144 19.
745 1092 796 1142 et
820 1100 970 1158 seqq.
1074 1155 1075 1158 Ἴ

542 1174 657 1238 His
681 1173 1017 1248 stantibus,
1046 1172 1396 1253 quaeritur·
1562 1235 1563 1238 ,

549 1269 847 1346 Quomodo
866 1270 941 1328 sit
967 1268 1407 1348 respondendum
1444 1267 1733 1332 lta-,tattoni
1758 1270 1834 1330 ad
1874 1269 1972 1331 Li·

427 1367 587 1427 mina
616 1364 887 1443 Episcopi
928 1360 1149 1424 Lunen.
1190 1361 1512 1440 Sarzanen.
1562 1365 1715 1425 circa
1741 1362 1973 1427 conser-

428 1459 710 1521 vatorium
738 1456 987 1518 Marsae.
1098 1522 1103 1525 ,
1720 1493 1721 1496 =

530 1651 671 1701 Sacr.
710 1647 907 1717 Congr.
944 1644 1247 1715 respondit·

612 1733 1081 1789 Conseruntur-ium
1130 1751 1241 1789 ene
1282 1733 1584 1803 subjectum
1628 1735 1977 1792 omnimodae

424 1821 1295 1891 Jurisdicn·oniEp1·scopi,ciem
1320 1835 1503 1876 tamea
1526 1823 1977 1895 approbationem

428 1915 629 1966 Sacrae
671 1909 995 1981 congregati
995 1908 1118 1964 onis
1165 1909 1353 1978 quoad
1385 1910 1447 1963 di
1446 1923 1589 1965 ceum
1632 1913 1976 1992 Conservato-

424 2018 472 2051 νι
476 2017 582 2050 um.

871 2220 1233 2297 QUAESTIO
1285 2220 1533 2286 CCCVI.

427 2410 500 2472 In
528 2409 723 2473 Causa
746 2409 1095 2489 Anqlonensi
1122 2408 1547 2483 cathedratici,
1576 2391 1970 2484 Decimarum,

473 2516 525 2568 et
551 2504 808 2581 Quartae
827 2502 1129 2566 Funeralis
1144 2549 1164 2579 ,
1195 2503 1286 2565 die
1309 2508 1406 2566 30.
1431 2503 1716 2568 Ianuarii
1743 2510 1918 2568 1723.

427 2634 614 2757 luter
636 2680 869 2757 caetera
900 2692 1044 2774 jura
1070 2690 1447 2774 Episcopalia
1487 2693 1972 2758 Cathedraticum

425 2796 800 2862 recensetur,
836 2786 1000 2868 quod
1028 2786 1104 2849 ad
1150 2787 1302 2849 duos
1326 2787 1547 2850 solidos
1573 2789 1653 2851 ab
1693 2789 1970 2869 unaqua-

426 2900 548 2964 que
582 2880 846 2944 Ecclesia
871 2925 890 2954 ,
935 2885 997 2942 e't
1038 2899 1291 2959 persona
1333 2882 1492 2944 dicto
1538 2902 1722 2944 onere
1760 2885 1970 2946 affecta

425 2974 742 3037 solvendos
779 2972 1196 3054 restringitur,
1228 2975 1421 3056 juxta'
1445 2974 1781 3036 Concilium
1822 2976 1971 3038 Bra-

425 3068 743 3142 charense,
778 3074 839 3129 et
862 3066 1200 3131 Concilium
1225 3069 1579 3132 Toletanum
1609 3070 1928 3151 septimum
1950 3116 1968 3143 ,

424 3164 502 3227 de
527 3163 753 3244 quibus
780 3163 847 3222 in
874 3160 1103 3225 Conone
1127 3166 1277 3225 inter
1302 3175 1520 3226 caetera
1549 3169 1643 3226 10.
1670 3175 1883 3245 quaest.
1911 3171 1968 3228 3.

425 3265 489 3322 et
513 3257 654 3320 licet
682 3256 903 3318 horum
932 3256 1337 3320 conciliorum
1376 3266 1585 3339 utpote
1624 3279 1744 3321 non
1779 3259 1974 3322 Gene-

427 3351 653 3416 ralium
704 3349 1168 3414 constitutiones
1211 3351 1336 3417 vim
1385 3352 1532 3434 legis
1573 3353 1637 3415 in
1686 3354 1975 3417 Universa

424 3447 689 3511 Ecclesia
734 3444 1010 3509 obtinere
1060 3444 1310 3507 minime
1355 3445 1642 3522 valeant,
1697 3449 1976 3528 quamvis

426 3539 688 3603 insertae
714 3539 777 3602 in
820 3540 1058 3602 decreto
1082 3538 1393 3614 Gratiani,
1415 3542 1591 3621 juxta
1616 3542 1973 3622 propositio·

426 3654 567 3699 nem
594 3635 776 3698 etiam
802 3635 866 3697 in
891 3633 1325 3695 Tribunalibus
1347 3633 1528 3697 Urbis
1553 3644 1873 3716 receptam,
1901 3637 1978 3699 de

429 3749 551 3812 qua
577 3730 726 3792 Rota
754 3729 919 3790 decis.
946 3732 1083 3788 377.
1112 3748 1173 3787 n.
1203 3731 1300 3789 36.
1327 3738 1378 3788 et
1403 3746 1551 3808 seqq.
1582 3748 1771 3791 coram
1793 3730 1978 3793 Penia

425 3827 494 3884 in
541 3823 744 3884 Veneta
791 3823 1071 3895 editione,
1129 3827 1527 3885 memoratum
1577 3821 1977 3884 nihilominus

422 3918 521 3999 jus
544 3914 940 3978 Cathedratici
958 3960 976 3987 ‚
1000 3922 1061 3977 et
1083 3913 1328 3994 quidem
1349 3914 1413 3975 in
1436 3915 1771 3995 quantitate
1792 3935 1974 3996 supra

426 4027 738 4089 expressa,
773 4025 948 4068 suum
996 4006 1454 4091 fundamentum
1503 4008 1686 4070 babet
1728 4009 1791 4068 in
1833 4008 1973 4091 jure

426 4099 764 4173 communi,
794 4100 857 4161 iu
881 4099 1188 4179 sequelam
1213 4099 1490 4162 videlicet
1512 4100 1837 4164 Decretalis
1854 4102 1976 4165 Ho-

426 4192 587 4256 norii
613 4193 800 4255 Tertii
826 4194 893 4253 in
924 4202 1048 4274 cap.
1081 4196 1439 4272 coitquerenti
1471 4194 1536 4253 de
1567 4192 1761 4274 Officio
1797 4192 1974 4256 Ordi-

424 4288 618 4358 narii‚
647 4286 876 4396 abfflue
898 4304 970 4347 eo
1001 4286 1165 4366 quod
1194 4287 1324 4369 juri
1354 4286 1753 4349 Cathedratici
1798 4288 1973 4351 dero-

424 4384 633 4463 gatum
658 4380 777 4442 dici
813 4378 1011 4441 valeat
1035 4400 1072 4442 8
1105 4379 1286 4442 Sacro
1329 4380 1596 4442 Concilio
1622 4381 1973 4445 Tridentino

425 4474 578 4537 Sess.
626 4476 726 4535 24.
764 4491 890 4553 cap.
939 4478 999 4533 3.
1037 4475 1105 4534 de
1128 4473 1442 4551 Refer-mat.
1472 4493 1611 4536 cum
1640 4474 1973 4538 Concilium

425 4568 514 4631 ibi
553 4567 705 4630 alias
730 4565 1021 4648 quasdam
1050 4564 1430 4645 prohibuerit
1469 4567 1841 4642 exactiones,
1869 4569 1972 4631 sed

427 4659 908 4731 Cathedraticum
950 4659 1298 4723 nullatenus
1334 4660 1688 4735 excluserit,
1730 4661 1970 4724 noma-

423 4758 535 4818 sin.
575 4750 886 4835 de'benefie.
925 4766 1053 4833 par.
1091 4757 1149 4812 3.
1188 4752 1287 4811 lib.
1322 4758 1382 4813 2.
1414 4772 1538 4833 cap.
1572 4757 1669 4814 34.
1716 4774 1875 4816 num.
1907 4762 1966 4817 7.

425 4848 685 4929 Faqnan.
712 4850 779 4908 in
803 4866 928 4927 cap.
956 4855 1316 4925 conquerente
1335 4862 1491 4907 num.
1524 4851 1622 4908 48.
1648 4856 1701 4908 et
1729 4868 1876 4927 seqq.
1903 4852 1970 4912 de

422 4945 561 5024 offic.
606 4941 814 5004 Ordin.
853 4952 904 5002 et
947 4943 1011 5001 in
1047 4960 1172 5020 cap.
1219 4939 1537 5002 Venerabili
1572 4961 1731 5002 num.
1782 4947 1877 5003 16.
1917 4955 1971 5005 et

423 5056 572 5116 seqq.
616 5038 680 5097 de
716 5035 997 5104 censibus,
1041 5033 1309 5113 adeoque
1345 5033 1406 5094 S.
1462 5034 1710 5096 Carolus
1748 5037 1968 5098 Borro-

427 5149 632 5192 maeus
680 5129 1062 5191 fidelissimus
1113 5127 1278 5188 Sacri
1327 5127 1576 5190 Concilii
1628 5130 1965 5193 Tridentini

424 5224 723 5286 Executor
751 5223 815 5283 in
842 5241 951 5283 sua
976 5220 1234 5282 secunda
1277 5218 1519 5301 Synodo
1556 5221 1745 5301 legem
1791 5242 1966 5285 reno-

426 5315 594 5377 vavit
620 5314 1011 5379 Cathedratici
1037 5335 1052 5374 ι
1081 5315 1230 5374 illud
1259 5313 1456 5375 Sacris
1487 5314 1808 5377 Canonibus
1842 5339 1966 5380 eon-

426 5410 688 5472 stitutum
707 5401 818 5483 est,
845 5420 911 5472 ut
929 5429 968 5471 a
983 5408 1223 5488 sinqulis
1242 5406 1516 5472 Paroclu‘s
1541 5411 1606 5471 in
1627 5408 1967 5479 Dioecesana

3339 449 3447 524 ’887

2072 608 2308 691 synodo
2345 608 2732 678 cathedratici
2765 623 2985 681 nomine
3024 624 3195 684 solidi
3235 625 3346 684 duo
3378 629 3618 705 exiqan-

2075 713 2205 776 tur,
2253 707 2424 784 idque
2463 722 2792 788 arqummto
2835 715 3102 787 honoris,
3145 713 3246 796 qui
3285 716 3621 781 cathedrali

2077 798 2363 862 Ecclesiae
2404 812 2675 881 tanquam
2705 805 2899 868 Matri
2925 830 2962 870 a
2997 815 3228 872 caeteris
3259 813 3622 877 Parocliiali-

2080 895 2180 955 bus
2207 894 2480 956 Ecclesiis
2523 899 2703 957 tribui
2743 902 2928 973 debet,
2963 911 3022 964 et
3064 907 3226 984 quod
3272 919 3451 988 caput
3494 920 3617 982 est,

2080 986 2239 1049 iuter
2264 998 2526 1068 caeteras
2545 992 2941 1057 resolutiones
2968 997 3045 1058 ab
3074 998 3185 1060 hac
3212 1000 3342 1062 Sac.
3367 1001 3622 1084 Congre-

2079 1081 2321 1162 gatione
2345 1065 2534 1146 editas
2556 1105 2708 1147 anno
2739 1092 2912 1150 1587.
2949 1091 3045 1151 lib.
3085 1099 3143 1153 5.
3192 1095 3451 1157 decretal.
3487 1119 3618 1178 paq.

2078 1182 2174 1238 50.
2201 1195 2239 1237 a
2270 1188 2422 1257 ωηο
2442 1177 2590 1240 haec
2608 1179 2942 1244 habentur.
2977 1183 3345 1265 Conqreqatio
3378 1189 3624 1253 Concilii

2079 1272 2294 1332 cetuuit
2340 1269 2659 1334 Concilium
2690 1274 2742 1338 T
2736 1277 3084 1339 ridenttnum
3128 1301 3485 1363 nequaquam
3524 1307 3622 1347 su-

2080 1362 2301 1428 stulisse
2319 1345 2823 1442 cathedraticum,
2855 1389 2970 1452 non
3004 1374 3154 1433 illud
3193 1384 3379 1436 tamen
3407 1379 3622 1439 solven-

2083 1457 2222 1518 dum
2246 1459 2311 1518 in
2336 1461 2686 1532 visitatione,
2716 1463 2810 1522 sed
2836 1474 3035 1537 extra,
3064 1476 3117 1527 et
3144 1469 3210 1528 in
3236 1466 3460 1549 Synodi
3486 1475 3625 1533 cele-

1980 1634 1985 1641 ,
2083 1552 2368 1627 bratione,
2398 1560 2461 1615 et
2497 1553 2820 1617 concordat
2856 1556 2977 1620 alia
3010 1563 3154 1621 anni
3199 1565 3372 1623 1591.
3409 1565 3506 1626 lib.
3560 1572 3619 1628 7.

2079 1646 2280 1708 decret.
2308 1666 2444 1726 paq.
2490 1652 2548 1708 6.
2581 1647 2704 1720 ibi,
2741 1651 2889 1728 quod
2926 1654 2978 1712 si
3002 1652 3283 1735 Episcopo
3309 1654 3627 1721 cathedra·

2081 1741 2257 1800 ticum
2285 1742 2556 1819 leqitime,
2580 1751 2634 1803 et
2657 1762 2780 1805 vere
2805 1745 3101 1822 debeatur,
3129 1750 3280 1809 illud
3297 1753 3471 1830 plane
3496 1757 3625 1815 esei-

2079 1853 2206 1915 qere
2225 1855 2411 1916 posse,
2442 1838 2563 1898 alio
2592 1846 2779 1899 tannen
2822 1835 3095 1922 tempore,
3130 1861 3301 1922 quam
3344 1849 3624 1910 visitatio-

2079 1932 2209 2000 nis,
2253 1936 2315 1992 et
2351 1930 2429 1991 ‘in
2481 1931 2745 2012 quadam
2792 1933 2984 1997 Causa
3031 1935 3434 2018 Albinganen.
3482 1948 3625 2005 anni

2087 2027 2263 2085 1644.
2296 2023 2361 2084 in
2399 2044 2521 2105 qua
2564 2025 2682 2089 tria
2707 2025 2895 2091 dubia
2921 2028 3169 2093 fuerunt
3198 2032 3496 2115 disputata
3523 2058 3626 2100 su-

2081 2137 2190 2198 per
2232 2117 2680 2196 Catbedratico,
2727 2140 3076 2203 responsum
3122 2125 3269 2203 fuit,
3298 2128 3625 2195 Cathedra-

2080 2210 2266 2273 ticum
2312 2231 2481 2293 posse
2516 2213 2675 2296 exigi
2718 2214 2796 2277 ab
2825 2216 3152 2301 Episcopo,
3181 2218 3319 2284 licet
3344 2223 3406 2284 in
3451 2244 3624 2304 prae-

2014 2309 2015 2312 ’
2080 2305 2326 2373 teritum
2372 2326 2494 2368 non
2535 2306 2719 2370 fuerit
2759 2321 3074 2388 exactum,
3114 2314 3439 2379 dummodo
3480 2338 3625 2382 exa—

2083 2406 2249 2462 ctum
2293 2399 2476 2463 fuerit
2501 2397 2689 2464 asuis
2730 2404 3319 2485 praedecessoribus,
3360 2419 3420 2472 et
3463 2413 3623 2495 exigi

2082 2500 2319 2558 tantum
2348 2515 2516 2576 posse
2541 2495 2690 2558 duos
2721 2496 2941 2560 solidos
2962 2500 3148 2581 juxta·
3160 2502 3325 2564 Juris
3355 2524 3624 2568 commu-

2085 2588 2181 2649 nis
2211 2588 2691 2670 dispositionem,
2719 2599 2778 2655 et
2812 2592 2875 2653 in
2905 2604 3145 2657 moneta
3174 2598 3424 2681 antiqua
3451 2601 3626 2682 juxta

2082 2681 2251 2745 illius
2280 2683 2784 2760 aestimationem,
2818 2705 2940 2748 uon
2967 2702 3358 2755 concurrente
3387 2704 3628 2758 contra-

2080 2778 2175 2840 ria
2217 2778 2680 2854 consuetudine,
2719 2789 2778 2842 et
2820 2782 3196 2846 exactionem
3218 2786 3458 2849 demum
3506 2809 3624 2850 non

2081 2890 2208 2933 esse
2251 2869 2583 2934 faciendam
2634 2893 2670 2935 a
2710 2881 2831 2936 toto
2865 2875 3071 2951 Clero,
3119 2879 3220 2941 sed
3269 2888 3503 2943 tantum
3545 2885 3628 2946 ab

2081 2964 2393 3039 Ecclesiis,
2423 2964 2751 3048 Cappellis,
2797 2978 2859 3031 et
2882 2970 3289 3044 Beneficiatis,
3326 2976 3375 3036 si
3421 2977 3494 3037 ad
3524 2997 3626 3039 eo-

2080 3078 2220 3120 rum
2250 3057 2516 3121 favorem
2544 3080 2665 3122 uon
2710 3071 3028 3127 concurrat
3067 3066 3450 3151 privilegium
3481 3090 3626 3152 apo-

2082 3154 2359 3215 stolicum
2393 3154 2817 3236 exemptioniS,
2857 3158 2954 3218 vel
2996 3158 3522 3237 immemorabiliS,
3567 3174 3626 3228 ct

2083 3245 2347 3327 denique
2375 3247 2439 3308 iu
2472 3246 2664 3310 Causa
2697 3248 3111 3330 Amalphitana
3141 3251 3528 3319 cathedratici
3562 3265 3621 3320 5.

2086 3341 2426 3424 Septembris
2478 3346 2650 3403 1705.
2702 3343 3028 3405 resolutum
3072 3345 3218 3418 fuit,
3252 3348 3625 3414 Cathedrati·

2082 3454 2222 3497 cum
2259 3454 2385 3496 esse
2416 3433 2769 3513 solvendum
2810 3436 3268 3520 Archiepiscopo
3314 3443 3625 3525 Amalphi-

2084 3537 2229 3590 tauo
2266 3547 2302 3590 8
2346 3528 2660 3602 Parochis,
2705 3538 2766 3590 et
2800 3530 3173 3595 Beneficiatis
3212 3536 3434 3600 Terrae
3476 3542 3624 3602 Tra-

2083 3622 2334 3693 monfis,
2379 3632 2431 3683 et
2471 3623 2560 3684 die
2605 3628 2703 3684 26.
2734 3623 3037 3686 Februarii
3078 3631 3249 3698 1707.
3297 3632 3623 3696 resolutum

2083 3714 2232 3788 suit,
2266 3714 2418 3778 illud
2458 3735 2583 3779 esse
2620 3717 2778 3782 dicto
2804 3719 3264 3803 Archiepiscopo
3294 3724 3562 3789 debitum
3588 3748 3626 3793 a

2081 3809 2181 3873 die
2207 3809 2455 3889 adeptae
2495 3811 2909 3891 possessioniS,
2949 3821 3009 3875 et
3043 3815 3551 3884 solvendum-esse
3589 3843 3625 3885 8

2082 3904 2398 3977 Parochis,
2429 3913 2550 3966 tam
2579 3902 2812 3967 ratione
2841 3907 3197 3981 Parochiae,
3227 3900 3410 3991 quam
3440 3915 3625 3976 ratio-

2082 4017 2162 4060 ne
2199 3998 2636 4061 Beneficiorum
2667 4000 2972 4062 Parochiis
3009 4003 3352 4080 unitorum,
3394 4010 3481 4068 uti
3516 4009 3625 4072 ba-

2080 4092 2261 4155 betur
2314 4095 2413 4154 li.b
2466 4099 2565 4155 55.
2617 4094 2819 4155 decret.
2872 4116 3009 4176 paq.
3067 4101 3203 4159 326.
3261 4111 3312 4160 et
3367 4103 3464 4162 lib.
3517 4110 3624 4167 57.

2074 4206 2209 4267 paq.
2243 4191 2341 4263 68.

2199 4281 2368 4342 Inter
2411 4286 2643 4344 caetera
2681 4299 2925 4363 quoque
2956 4283 3100 4365 jura
3127 4242 3486 4369 episcopalia
3527 4298 3624 4354 re-

2076 4383 2352 4439 censetur
2380 4383 2596 4455 quarta
2618 4375 3043 4451 Decimarum,
3082 4386 3144 4441 et
3167 4390 3386 4460 quarta
3420 4383 3623 4446 Fune-

2077 4467 2344 4544 ratium,
2375 4469 2467 4532 uti
2497 4469 2755 4532 liabetur
2787 4471 2852 4530 in
2878 4473 3052 4533 citato
3081 4491 3206 4552 cap.
3243 4472 3629 4555 Conquerente

2076 4564 2144 4625 de
2168 4565 2346 4644 officio
2389 4562 2696 4627 Ordinart‘i
2719 4609 2737 4638 ,
2774 4565 2904 4626 ibi·
2888 4610 2904 4625 .
2960 4563 3350 4628 Cathedratici
3395 4573 3624 4633 nomine

2075 4658 2213 4719 duos
2237 4660 2426 4719 solitos
2450 4705 2467 4729 ,
2496 4668 2763 4737 quartam
2793 4658 3224 4720 decimationum
3240 4708 3256 4730 ,
3288 4672 3338 4721 et
3363 4675 3620 4726 mortua·-

2073 4754 2334 4822 riorum,
2382 4751 2482 4813 cui
2521 4751 2748 4831 pariter
2781 4770 2905 4812 non
2935 4749 3053 4812 fuit
3085 4752 3210 4813 ullo
3238 4754 3416 4816 modo
3442 4756 3619 4819 dero·-

2072 4852 2279 4927 gatum
2307 4864 2341 4907 a
2364 4844 2631 4907 Concilio
2658 4844 3012 4911 Tridentino
3033 4848 3206 4908 citato
3226 4866 3351 4927 cap.
3395 4854 3452 4910 3.
3485 4870 3617 4912 sese.

2073 4944 2172 5001 24.
2213 4939 2301 5002 uti
2351 4938 2608 5001 habetur
2654 4939 2815 5019 apud
2860 4939 3121 5018 Faqnan.
3171 4942 3237 5001 in
3281 4945 3453 5021 citato
3485 4965 3617 5083 cap.

2082 5032 2400 5094 Venerabili
2427 5033 2812 5093 num.17.de
2837 5033 3196 5095 censibus..
3273 5084 3278 5095 .
3401 5070 3406 5071 ff
3613 5076 3620 5085 .

2186 5125 2283 5187 Ad
2311 5125 2530 5186 horum
2567 5126 2804 5208 jurium
2843 5126 3110 5203 tramites
3135 5080 3462 5209 Episcopus
3492 5082 3622 5193 An-

2069 5218 2312 5301 glonen.
2335 5220 2481 5300 petit
2499 5239 2535 5281 a
2555 5218 2727 5282 Clero
2743 5221 2968 5283 Terrae
2982 5221 3270 5283 Carbonis
3294 5223 3621 5288 Cathedra-

2076 5314 2264 5377 ticum
2285 5362 2303 5386 ,
2328 5323 2608 5395 quartam
2635 5314 3019 5389 Decimarum
3038 5363 3054 5389 ,
3084 5324 3142 5378 et
3187 5326 3467 5396 quartam
3503 5321 3623 5383 Fu·

2071 5409 2395 5483 neralium,
2424 5429 2564 5495 cum
2589 5429 2674 5487 ex„
2693 5410 3164 5495 resolutionibus
3198 5410 3378 5494 huius
3403 5414 3622 5485 Sacrae
