4393 6299
1578 539 1695 611 on
1720 542 1779 594 a
1805 542 1837 593 s
1867 541 1915 594 τ
1942 540 2037 595 ιο
2093 538 2410 599 οοοιΧιΧ.

3302 541 3403 594 ast

392 696 725 771 Libellum,
756 697 820 757 in
843 711 964 776 quo
986 693 1233 767 retulit,
1269 701 1506 775 praeter
1534 693 1803 757 Infantes
1835 713 1933 756 re-
2040 704 2156 756 tero
2173 695 2423 757 nondum
2445 695 2731 777 baptizato
2753 693 2834 756 ita
2854 691 3151 774 loquitur:
3172 704 3222 755 et
3251 704 3393 755 certe
3415 693 3479 752 de
3504 693 3585 753 il-

389 803 592 854 center
617 801 786 853 natos
811 791 887 851 ad
910 788 1392 868 Archihospitale
1415 788 1680 871 ejusdem
1709 789 1772 849 S.
1804 788 1933 868 Spi-

391 886 544 947 ritus
562 885 902 966 saepissime
920 882 1098 945 etiam
1117 881 1384 943 Infantes
1404 881 1624 943 deferri
1646 882 1929 954 duorum,

2044 790 2130 860 lo,
2167 792 2272 868 qui
2308 798 2481 851 natus
2509 790 2575 849 de
2598 788 2944 849 Christianis
2972 790 3297 869 parentibus
3321 834 3338 858 ,
3363 796 3417 847 et
3434 789 3588 871 inter

2047 882 2409 945 Christianos
2439 892 2518 944 est
2545 883 2785 964 fideliter
2813 893 3164 945 conversatus
3189 928 3208 955 ‚
3239 894 3355 944 tam
3375 883 3588 941 violen-

387 988 671 1059 quatuor,
703 977 798 1039 vel
826 997 951 1051 sex,
976 985 1080 1037 aut
1101 977 1302 1038 decem
1328 974 1646 1047 mensium,
1675 981 1732 1036 et
1750 975 1932 1036 etiam
2042 990 2128 1040 ter
2144 982 2533 1061 praesumitur
2553 1024 2570 1053 ,
2593 979 2740 1057 quod
2766 979 2940 1055 suerit
2973 980 3295 1058 baptizatus
3321 1026 3338 1049 ,
3363 987 3429 1037 ut
3455 977 3589 1037 haec

388 1073 571 1134 unius
595 1073 737 1135 anni
767 1092 903 1133 cum
933 1070 1187 1132 dimidio
1213 1116 1231 1143 ,
1265 1071 1495 1149 absque
1522 1069 1649 1131 ullo
1667 1077 1828 1131 certo
1851 1067 1932 1127 si·-

384 1187 504 1249 gno
530 1165 911 1246 Baptismatis
935 1164 1182 1244 recepti,
1212 1171 1370 1225 etue
1388 1182 1464 1223 ex
1486 1181 1606 1224 una
1628 1170 1799 1243 parte
1823 1180 1931 1241 spo

386 1261 623 1322 muneri
658 1261 719 1321 in
759 1279 823 1322 re
874 1258 1024 1320 tanti
1064 1258 1348 1318 momenti
1392 1256 1668 1330 deficiat,
1699 1256 1931 1334 Baptis-

386 1376 553 1418 mum
582 1354 912 1417 omittendo
936 1399 954 1425 ,
983 1361 1144 1415 etex
1170 1351 1290 1415 alia
1338 1359 1509 1431 parte
1557 1351 1928 1431 Baptismum

383 1447 765 1519 conferendo,
797 1466 859 1507 se
881 1452 1141 1526 exponat
1170 1442 1440 1526 periculo
1472 1442 1938 1525 irregularitatis

382 1540 693 1622 impositae
714 1538 1243 1621 rebaptizantibus,
1256 1539 1333 1600 ad
1349 1537 1636 1600 terminos
1658 1546 1854 1600 textus
1870 1538 1936 1596 in

2039 1075 2422 1153 praesumptio
2454 1084 2558 1152 pro
2600 1073 2933 1131 certitudine
2964 1075 3039 1132 sit
3083 1072 3335 1133 habenda
3359 1117 3375 1142 ‚
3421 1069 3589 1128 donec

2037 1168 2460 1227 evidentissimis
2481 1169 2722 1245 forsitan
2740 1169 3085 1244 arqumentis
3097 1168 3446 1227 contrarium
3460 1182 3591 1244 pro-

2046 1262 2236 1330 betur,
2275 1259 2630 1340 celebreque
2656 1268 2742 1321 est
2768 1260 2995 1340 pariter
3033 1260 3096 1321 in
3132 1259 3344 1321 iisdem
3371 1260 3590 1320 Decre-

2045 1352 2273 1415 talibus
2295 1351 2623 1414 Alexandri
2652 1352 2839 1414 Tertii
2871 1372 3219 1434 responsum
3246 1355 3312 1413 in
3353 1371 3479 1433 cap.
3524 1355 3587 1411 2.

2045 1447 2114 1507 de
2144 1445 2439 1524 Baptismo
2460 1494 2476 1515 ,
2515 1445 2625 1506 ibi:
2655 1447 2721 1505 de
2746 1447 2948 1524 quibus
2974 1448 3206 1505 dubium
3233 1456 3309 1505 est
3338 1491 3354 1516 ,
3384 1464 3462 1506 an
3489 1445 3590 1504 ba-

2040 1540 2251 1620 ptizati
2275 1539 2490 1615 fuerint
2505 1583 2523 1610 ,
2553 1539 2922 1618 baptizantur
2941 1541 3028 1600 his
3049 1540 3225 1600 verbis
3241 1539 3588 1618 praemissis,

382 1655 508 1717 cap.
535 1654 608 1697 ex
639 1637 961 1696 litterarum
976 1634 1042 1694 de
1058 1633 1372 1713 Apostatis,
1394 1631 1737 1693 humillime
1757 1648 1937 1711 quae-
2041 1636 2100 1693 si
2136 1633 2464 1713 baptizatus
2494 1653 2548 1693 es
2568 1678 2586 1705 ,
2622 1652 2734 1691 non
2769 1645 2819 1694 te
2846 1636 3070 1714 baptizo
3091 1679 3108 1708 ,
3136 1634 3229 1694 sed
3253 1636 3305 1693 si
3341 1632 3592 1693 nondum

380 1729 556 1802 sivit,
577 1728 723 1810 quid
755 1747 790 1790 a
818 1747 881 1790 se
901 1734 1054 1790 esset
1079 1727 1406 1809 agendum,
1439 1734 1499 1787 et
1528 1743 1564 1787 a
1585 1724 1766 1787 Sacra
1794 1725 1936 1786 Poe-
2045 1727 2375 1807 baptizatus
2397 1748 2451 1787 es
2476 1772 2494 1799 ,
2531 1726 2656 1805 qu
2679 1737 2729 1788 te
2755 1729 3007 1809 baptizo.

383 1821 736 1886 nitentiaria
786 1821 1038 1903 supplex
1083 1820 1329 1884 libellus
1366 1819 1445 1883 ad
1488 1819 1646 1882 hanc
1689 1818 1931 1882 Sacram

380 1915 917 1999 Congregationetn
951 1914 1238 1976 remissus
1258 1921 1378 1976 est.

500 2009 712 2072 Plures
728 2009 949 2071 adsunt
971 2008 1239 2070 Canones
1255 2027 1290 2069 a
1310 2006 1600 2069 Gratiano
1616 2004 1845 2068 collecti
1871 2007 1936 2068 de

383 2103 807 2167 Consecratione
828 2103 962 2164 dist.
990 2105 1049 2163 t.
1085 2100 1309 2181 quibus
1329 2107 1599 2174 cavetur,
1620 2099 1931 2174 Parvulos,

382 2204 446 2259 et
469 2195 737 2259 Infantes
761 2214 888 2258 esse
910 2194 1298 2275 baptizandos
1319 2241 1338 2265 ,
1360 2192 1606 2274 quando
1626 2201 1785 2255 certa
1814 2211 1935 2253 non

383 2290 725 2353 afferuntur
752 2290 1109 2351 documenta
1137 2288 1212 2349 de
1239 2286 1451 2349 eorum
1482 2288 1822 2368 Baptismo;
1850 2286 1934 2349 sic

377 2386 446 2445 in
465 2382 692 2446 Conone
714 2383 1021 2456 Parvulos,
1049 2382 1161 2444 ibi:
1192 2381 1498 2455 Parvulos,
1526 2384 1686 2461 quia
1714 2381 1936 2443 Paren-

380 2481 530 2539 tibus
549 2479 825 2539 subtracti
843 2487 997 2550 sunt,
1024 2487 1075 2537 et
1095 2496 1174 2538 an
1188 2478 1467 2556 baptizati
1481 2479 1620 2549 sint,
1641 2478 1931 2554 iqnorant,

379 2573 499 2647 hos,
516 2582 580 2633 ut
599 2574 889 2652 baptizare
910 2573 1125 2645 debeas,
1155 2571 1455 2632 secundum
1480 2570 1727 2633 Patrum
1749 2571 1933 2631 tradi-

381 2668 605 2740 tionem,
633 2669 821 2726 sinon
843 2667 1021 2743 fuerit
1047 2667 1151 2744 qui
1181 2666 1526 2745 testificetur,
1553 2667 1707 2726 ratio
1726 2667 1929 2745 poscit,-

380 2760 550 2821 sicin
571 2760 800 2821 Conone
826 2760 1079 2839 placuit,
1102 2757 1216 2819 ibi:
1250 2760 1470 2838 placuit
1495 2758 1561 2819 de
1581 2757 1926 2837 Infantibus,

382 2855 595 2934 quoties
613 2873 727 2913 non
752 2854 1124 2921 inveniantur
1145 2853 1441 2912 certissimi
1464 2850 1652 2914 Testes
1676 2899 1693 2923 ‚
1724 2853 1827 2931 qui
1846 2871 1932 2912 eos

380 2949 692 3027 baptizatos
737 2966 845 3007 esse
879 2947 1000 3006 sine
1027 2946 1376 3006 dubitatione
1423 2955 1690 3006 testentur
1715 2993 1733 3017 ,
1759 2966 1933 3025 neque

380 3044 493 3122 ipsi
511 3051 645 3102 sunt
664 3060 768 3122 per
787 3049 1029 3102 aetatem
1048 3041 1235 3100 idonei
1252 3039 1317 3100 de
1338 3041 1567 3100 traditis
1587 3042 1698 3100 sibi
1723 3039 1933 3103 Sacra·

380 3137 579 3197 mentis
605 3135 967 3215 respondere,
1002 3135 1206 3214 absque
1246 3136 1368 3195 ullo
1397 3137 1662 3216 scrupulo
1701 3156 1787 3197 eos
1827 3156 1935 3199 esse

379 3230 785 3310 baptizandos,-
824 3227 909 3289 sic
945 3227 1007 3288 in
1032 3226 1272 3290 Canone
1294 3249 1421 3292 cum
1447 3232 1638 3310 itaque
1664 3229 1779 3291 ibi:
1805 3247 1934 3292 cum

379 3325 569 3402 itaque
590 3321 876 3402 Baptismi
902 3322 996 3380 sui
1016 3321 1168 3380 nihil
1192 3323 1516 3384 recordetur
1535 3367 1554 3396 ,
1584 3325 1687 3402 qui
1709 3343 1930 3403 reqene·

379 3418 620 3477 rationis
645 3424 723 3475 est
750 3414 1021 3494 cupidus,
1045 3433 1142 3473 nec
1163 3415 1312 3475 alter
1331 3418 1593 3477 attestari
1618 3417 1684 3478 de
1722 3436 1783 3476 oo
1807 3437 1931 3496 pos-

378 3511 485 3580 sit,
512 3510 614 3587 qui
634 3510 777 3569 sciat
795 3515 1172 3568 consecratum
1190 3556 1207 3578 ,
1233 3527 1332 3568 nee
1349 3510 1450 3569 ille
1474 3554 1492 3581 ,
1515 3511 1618 3588 qui
1643 3528 1929 3572 eonsecra-

378 3612 479 3663 tur
498 3611 602 3663 etc.
633 3603 901 3680 quoniam
936 3620 1050 3660 non
1077 3611 1251 3681 potest
1279 3604 1346 3661 in
1370 3605 1694 3664 iterationis
1718 3607 1931 3666 crimen

376 3698 563 3758 venire
584 3741 602 3768 ,
647 3696 794 3774 quod
815 3697 1044 3755 omnino
1072 3696 1289 3772 factum
1310 3715 1419 3757 esse
1445 3702 1723 3769 nescitur,
1764 3709 1932 3778 atque

377 3791 499 3850 ideo
520 3791 733 3869 quoties
757 3807 998 3869 persona
1024 3790 1158 3850 talis
1184 3790 1453 3850 inciderit
1481 3837 1498 3860 ,
1531 3792 1781 3852 sollicita
1801 3795 1930 3872 pri·

379 3902 534 3942 mum
575 3883 999 3943 examinatione
1046 3882 1305 3942 discutite
1330 3928 1347 3952 ,
1380 3892 1433 3943 et
1461 3885 1623 3964 lonqo
1653 3895 1889 3965 tempore
1911 3934 1929 3957 ,

376 3977 493 4036 nisi
537 3976 679 4053 sorte
726 3994 1020 4055 supremus
1064 3975 1197 4056 finis
1249 3977 1542 4038 immineat
1562 4021 1579 4050 ‚
1614 3979 1879 4057 indaqate
1911 4026 1925 4049 ,

375 4080 573 4131 utrum
590 4088 750 4129 nemo
772 4070 993 4148 penitus
1018 4070 1118 4138 sit..
1144 4071 1246 4148 qui
1269 4072 1581 4131 testimonio
1604 4091 1705 4132 suo
1723 4075 1927 4151 juvare
1954 4063 1958 4068 ’

372 4165 548 4243 possit
569 4163 959 4242 iqnorantiam
995 4165 1289 4224 nescientis
1310 4210 1327 4234 ,
1360 4174 1412 4224 et
1453 4185 1582 4226 eum
1617 4170 1927 4228 constiterit

377 4258 525 4316 hunc
551 4303 568 4326 ,
590 4257 693 4334 qui
715 4255 1091 4334 Baptismatis
1123 4258 1339 4336 indiqet
1361 4256 1730 4320 sacramento
1754 4308 1769 4330 ,
1805 4262 1927 4322 sola

376 4352 629 4412 inaniter
651 4351 964 4429 suspicione
991 4350 1275 4427 prohiberi
1298 4398 1315 4421 ,
1350 4354 1586 4414 accedat
1611 4354 1927 4435 intrepidus

377 4446 455 4505 ad
488 4443 929 4522 consequendam
975 4445 1225 4521 qratiam
1253 4488 1272 4517 ,
1317 4445 1481 4523 cujus
1527 4449 1590 4507 in
1615 4467 1670 4507 se
1700 4452 1926 4510 nullum

375 4541 481 4600 scit
505 4558 619 4599 esse
639 4538 934 4614 uestiqium
949 4580 968 4609 ,
1005 4556 1105 4598 nec
1129 4555 1420 4600 vereamur
1455 4540 1587 4601 huic
1612 4543 1819 4603 salutis
1835 4545 1929 4620 ja-

372 4651 553 4693 nuam
584 4631 805 4711 aperire
829 4676 846 4700 ,
888 4648 1060 4707 quam
1090 4651 1401 4710 numquam
1428 4644 1561 4695 ante
1586 4636 1812 4697 docetur
1831 4640 1926 4696 in-

367 4745 584 4806 gressus
605 4766 623 4784 .
652 4724 751 4785 Sic
776 4722 1040 4803 denique
1064 4724 1286 4806 legitur
1301 4729 1368 4786 in
1395 4725 1626 4790 Canone
1646 4733 1700 4789 si
1720 4732 1887 4794 nulla
1902 4779 1919 4803 ‚

2162 1819 2565 1883 Cohaerenter
2587 1821 2661 1882 ad
2693 1823 2841 1884 haec
2867 1822 2930 1884 in
2955 1822 3229 1885 terminis
3257 1824 3592 1884 Puerorum

2050 1912 2458 1994 expositorum
2482 1959 2499 1987 ,
2528 1913 2907 1996 distinguunt
2939 1917 3220 1977 Doctores
3256 1915 3416 1977 inter
3457 1935 3590 1989 eos,

2045 2007 2120 2069 de
2138 2006 2363 2087 quibus
2382 2007 2725 2068 omnimode
2753 2008 3067 2088 ignoratur
3082 2057 3098 2078 ‚
3128 2028 3205 2069 an
3228 2007 3456 2070 fuerint
3483 2009 3593 2071 ba·

2040 2098 2252 2179 ptizati
2280 2145 2296 2171 ,
2328 2118 2437 2160 nec
2463 2098 2649 2159 ullam
2677 2098 2904 2161 habent
2936 2120 3045 2180 pro
3071 2099 3365 2181 baptismo
3391 2102 3595 2181 conje-

2041 2201 2281 2255 cturam
2307 2238 2323 2265 ,
2360 2201 2419 2254 et
2445 2192 2603 2254 inter
2625 2191 2776 2255 alios
2798 2240 2814 2266 ‚
2847 2194 2952 2274 qui
2981 2194 3181 2256 collati
3209 2194 3593 2274 Baptismatis

2042 2287 2455 2367 conjecturam
2481 2284 2727 2360 babent,
2753 2297 2895 2368 puta
2922 2287 3267 2349 schedulam
3289 2287 3465 2359 collo,
3495 2286 3593 2350 vel

2045 2379 2222 2443 alteri
2242 2382 2509 2460 eorporis
2531 2382 2683 2461 parti
2705 2401 3051 2462 appensam,
3075 2382 3137 2442 in
3159 2401 3278 2462 qua
3301 2381 3594 2461 scriptum

2038 2472 2117 2535 sit
2144 2522 2161 2545 ,
2192 2493 2294 2535 eos
2315 2493 2440 2535 esse
2466 2474 2814 2556 baptizatos,
2847 2483 2906 2537 et
2937 2475 3146 2537 dicunt
3169 2524 3183 2545 ,
3218 2475 3595 2554 Baptismum

2038 2567 2105 2629 in
2164 2568 2360 2648 primo
2403 2587 2544 2630 casu
2584 2587 2710 2630 esse
2733 2568 3005 2631 absolute
3032 2569 3460 2631 conferendum
3485 2616 3503 2643 ,
3531 2577 3594 2632 et

2045 2661 2114 2722 in
2144 2662 2404 2723 secundo
2440 2680 2568 2724 esse
2588 2663 2702 2723 sub
2728 2662 3069 2725 conditione
3091 2663 3554 2726 ministrandum
3571 2709 3590 2737 ,

2048 2756 2384 2834 Romaquer.
2427 2758 2504 2817 ad
2531 2754 2750 2835 Synod.
2786 2755 3040 2817 Gerund.
3090 2759 3188 2819 lib.
3234 2763 3292 2819 3.
3340 2760 3431 2818 tit.
3489 2761 3585 2818 18.

2042 2871 2172 2931 cap.
2209 2857 2268 2911 5.
2303 2870 2341 2912 a
2373 2869 2532 2911 num.
2567 2856 2625 2910 9.
2659 2860 2710 2912 et
2734 2870 2882 2930 seqq.
2914 2851 3221 2914 Monacell.
3251 2856 3317 2912 in
3352 2853 3587 2929 formul.

2059 2947 2227 3025 leqal.
2259 2955 2391 3004 tom.
2424 2949 2478 3004 1.
2502 2946 2592 3004 tit.
2625 2948 2718 3005 10.
2752 2964 2911 3006 num.
2936 2951 2993 3006 3.
3029 2965 3159 3025 paq.
3193 2947 3338 3006 milti
3363 2950 3502 3007 205.
3531 2951 3594 3008 et

2049 3039 2288 3102 confert
2308 3038 2592 3100 resolutio
2628 3039 2808 3120 hujus
2831 3039 2961 3102 Sac.
2992 3039 3480 3123 congregationis
3524 3042 3591 3099 in

2041 3133 2429 3217 Neapolitana
2448 3133 2818 3196 Matrimonii
2832 3137 3025 3215 prima
3045 3133 3385 3217 Septembris
3411 3138 3585 3196 1714.

2046 3227 2116 3290 in
2149 3247 2273 3308 qua
2311 3246 2667 3307 responsum
2708 3226 2820 3288 fuit
2862 3227 3277 3308 baptizandam
3309 3246 3434 3289 esse
3475 3228 3591 3290 sub

2042 3321 2387 3384 conditione
2410 3367 2428 3394 ,
2479 3329 2539 3382 et
2586 3329 2810 3382 secreto
2836 3366 2853 3394 ,
2902 3328 3226 3402 antequam
3274 3320 3589 3383 Matrimo-

2037 3414 2209 3476 nium
2250 3414 2668 3488 contraheret,
2711 3415 3015 3495 quandam
3068 3415 3362 3497 virginem
3406 3433 3592 3476 anno·

2035 3529 2175 3571 rum
2222 3509 2461 3572 circiter
2507 3515 2603 3570 30.
2641 3527 2798 3590 quae
2830 3509 3069 3572 cuidam
3107 3509 3349 3571 Mulieri
3390 3508 3591 3571 fuerat

2040 3603 2399 3684 consignata
2423 3647 2440 3676 ‚
2488 3604 2634 3663 dum
2666 3611 2796 3664 erat
2826 3599 2887 3662 in
2924 3610 3118 3664 aetate
3159 3622 3265 3665 sex
3307 3601 3541 3664 dierum
3566 3647 3585 3676 ,

2036 3698 2269 3777 absque
2287 3696 2413 3759 ullo
2430 3698 2786 3759 documento
2803 3696 3003 3759 collati
3027 3697 3428 3777 Baptismatis‚
3449 3695 3589 3759 licet

2036 3791 2262 3854 Mulier
2290 3791 2593 3872 praedicta
2619 3790 2887 3852 formiter
2909 3790 3276 3872 interrogata
3301 3790 3588 3852 asseruis-

2035 3893 2124 3946 set
2147 3904 2260 3958 ,se
2302 3883 2545 3946 credere
2570 3902 2702 3945 eam
2726 3882 2910 3945 fuisse
2936 3883 3294 3964 baptizatam
3312 3929 3330 3958 ,
3354 3882 3589 3946 eumad

2036 3997 2174 4040 suas
2203 3997 2421 4040 manus
2461 3978 2658 4040 delata
2684 3985 2809 4039 est.

2152 4071 2276 4132 Alii
2307 4079 2515 4133 eontra
2541 4078 2815 4143 censent,
2849 4071 3112 4133 Puerum
3136 4072 3297 4133 inter
3329 4069 3589 4134 Catholi-

2035 4173 2399 4238 coenatum,
2428 4164 2569 4226 licet
2594 4164 2930 4245 expositum
2954 4165 3317 4227 censendum
3340 4184 3466 4226 esse
3484 4165 3589 4228 ba·

2042 4259 2365 4340 ptizatum,
2396 4278 2503 4320 nec
2533 4278 2660 4320 esse
2688 4258 2802 4320 sub
2835 4258 3178 4320 conditione
3205 4257 3584 4338 rebaptizan-

2034 4354 2178 4416 dum
2206 4401 2224 4428 ,
2271 4352 2387 4415 nisi
2423 4352 2578 4415 forte
2602 4360 3031 4414 concurrerent
3069 4352 3310 4432 aliquae
3335 4352 3585 4415 circum·

2029 4447 2285 4510 stantiae
2308 4495 2325 4519 ,
2355 4461 2512 4527 quae
2531 4446 2931 4526 suspicionem
2953 4447 3335 4527 ingererent,
3357 4454 3501 4527 puta
3528 4445 3581 4508 si

2031 4541 2095 4602 in
2129 4541 2259 4603 loeo
2285 4547 2488 4602 essent
2516 4539 2817 4613 Infideles,
2849 4547 2956 4602 aut
2979 4538 3406 4619 Anabaptistae
3426 4585 3444 4614 ,
3473 4537 3582 4620 qui

2031 4634 2189 4697 filios
2214 4655 2354 4697 suos
2388 4654 2507 4696 non
2547 4634 2854 4714 baptizant
2875 4633 3175 4714 Enriquez
3208 4635 3306 4693 lib.
3343 4638 3404 4693 2.
3451 4652 3577 4713 cap.

2032 4737 2129 4792 31.
2160 4750 2319 4790 num.
2357 4734 2411 4789 1.
2440 4728 2562 4790 Alii
2593 4734 2805 4809 putant
2829 4727 2946 4789 hoc
2977 4726 3204 4789 dictum
3229 4745 3350 4788 non
3382 4724 3580 4788 subsi-

375 4820 465 4883 ibi
490 4839 506 4880 ε
536 4820 586 4879 si
609 4818 777 4878 nulla
794 4827 995 4878 extant
1023 4819 1241 4880 indicia
1266 4822 1415 4882 inter
1434 4825 1797 4903 propinquos,
1819 4835 1923 4887 aut
2027 4832 2205 4896 stet-e,
2236 4822 2388 4903 quia
2418 4820 2706 4883 Mulieres
2726 4821 2909 4883 etiam
2934 4818 3276 4882 Catholicae
3293 4819 3368 4881 ad
3388 4818 3581 4896 scelus

375 4912 691 4991 familiares
714 4954 731 4982 ,
753 4911 922 4971 nulla
942 4912 1090 4970 inter
1110 4909 1376 4982 Clericus,
1407 4924 1511 4974 aut
1537 4917 1767 4989 vicinos,
1792 4921 1923 4996 qui-

378 5007 480 5067 bus
510 5006 572 5064 hi
587 5051 606 5075 ‚
628 5004 695 5064 de
718 5004 922 5080 quibus
957 5006 1253 5082 quaeritur
1269 5052 1287 5076 ,
1314 5008 1592 5087 baptizati
1631 5010 1800 5088 fuisse
1839 5014 1925 5072 vi-

375 5100 619 5161 deantur
646 5145 665 5169 ,
707 5097 984 5176 aqendum
1002 5108 1082 5158 est
1107 5143 1124 5171 ,
1167 5111 1233 5159 ut
1265 5114 1639 5163 renascantur
1659 5149 1675 5177 ,
1706 5124 1778 5165 ne
1799 5125 1923 5168 ma-

2031 4919 2350 4999 tegendum
2375 4961 2393 4990 ‚
2436 4924 2678 4997 partum
2721 4913 2952 4976 occulte
3000 4913 3318 4975 effundunt
3363 4932 3580 4993 parum

2028 5012 2318 5073 sollicitae
2340 5011 2415 5072 de
2438 5007 2741 5090 spirituali
2764 5008 2958 5070 salute
2980 5007 3259 5081 Infantia,
3282 5008 3384 5069 sed
3405 5008 3578 5071 susti-

2023 5115 2170 5167 nent
2190 5152 2208 5178 ,
2239 5125 2360 5166 non
2391 5124 2517 5167 esse
2551 5103 2748 5165 locum
2777 5102 3081 5182 Baptismo
3102 5148 3119 5175 ,
3151 5102 3428 5182 quamvis
3461 5103 3575 5165 sub

377 5195 574 5272 niseste
588 5201 821 5274 pereant
847 5237 864 5261 ,
907 5194 972 5251 in
1001 5195 1204 5271 quibus
1230 5239 1247 5266 ,
1291 5197 1441 5273 quod
1461 5216 1575 5256 non
1610 5203 1925 5261 ostenditur
2030 5199 2373 5262 conditione
2397 5245 2414 5271 ,
2439 5198 2486 5260 si
2518 5197 2725 5258 Infans
2767 5196 3110 5276 reperiatur
3132 5215 3270 5257 cum
3292 5195 3578 5261 schedula

368 5297 582 5370 qestum
603 5334 618 5356 ,
642 5288 796 5347 ratio
815 5306 927 5347 non
947 5289 1116 5357 sinit,
1142 5296 1209 5346 ut
1234 5291 1492 5350 videatur
1510 5294 1800 5354 iteratum.

2030 5303 2175 5356 teste
2218 5292 2506 5373 Baptismi
2547 5292 2791 5353 Tanner.
2840 5293 2904 5350 in
2959 5295 3017 5352 3.
3048 5301 3205 5371 part.
3245 5291 3456 5371 disput.
3508 5296 3568 5353 4.

382 5381 573 5448 muln
609 5379 1021 5442 Decretalibus
1064 5390 1266 5443 autem
1315 5383 1598 5446 Summus
1644 5387 1921 5451 Pontifex
2027 5398 2241 5467 quaest.
2282 5391 2342 5447 2.
2395 5386 2528 5447 dub.
2569 5390 2628 5447 4.
2673 5403 2831 5444 num.
2887 5387 3022 5446 113.
3069 5383 3267 5445 Diana
3295 5385 3360 5444 in
3406 5384 3566 5445 Edit.

368 5472 771 5537 *Innocentius
799 5474 1036 5537 Tertius
1056 5476 1122 5536 in
1150 5473 1293 5557 Cap.
1337 5476 1569 5548 Veniens
1584 5480 1651 5541 de
1675 5480 1920 5563 Presby-

2029 5479 2235 5543 Coord.
2264 5490 2407 5542 tomo
2430 5485 2489 5540 5.
2522 5488 2690 5545 tract.
2717 5483 2776 5539 5.
2802 5478 3033 5539 resolut.
3059 5480 3158 5538 42.
3191 5476 3298 5537 ubi
3327 5476 3442 5553 ait,
3473 5479 3570 5542 ba-
