4393 6299
1602 468 1649 541 Q
1675 473 1718 525 υ
1745 471 1803 523 ας
1829 474 1863 524 s
1891 457 1992 527 τί
2016 472 2064 527 e
2124 472 2431 530 ccxxxiv.

3356 480 3462 531 ³08

570 617 785 694 Quoad
839 617 1225 699 matrimonia
1273 619 1430 697 inter
1470 622 1889 696 Haereticam,
1936 633 1997 688 et
2105 633 2422 706 receptum
2452 625 2590 699 fuit,
2611 634 2671 689 et
2699 629 3091 708 publicatum,
3118 631 3207 694 uti
3244 629 3643 711 colligiturex

455 707 818 776 Catholicam
867 721 1204 789 contracta,
1255 715 1593 778 communis
1617 727 1705 780 ωε
1752 718 1991 799 opinio,

455 805 618 884 quod
659 806 867 868 eadem
884 806 1006 867 sint
1031 804 1265 880 illicita,
1290 807 1391 869 sed
1418 808 1642 883 valida,
1667 811 1755 872 uti
1781 812 1996 891 probat

457 898 672 960 Iextus
696 903 758 959 in
779 899 927 961 Can.
965 899 1136 975 Cave,
1173 913 1222 963 et
1250 905 1315 962 in
1344 902 1565 965 Canon.
1588 924 1703 966 non
1736 903 1989 987 Oportet.

454 998 552 1054 28.
579 1004 792 1074 quaest.
830 997 886 1055 1.
920 1003 971 1054 et
996 995 1063 1054 in
1087 1015 1213 1075 cap.
1241 996 1477 1057 decrevit
1517 999 1582 1058 de
1610 999 1902 1061 haereticis
1930 1003 1996 1060 in

453 1093 512 1149 6.
545 1095 605 1149 et
624 1096 713 1150 est
743 1087 1015 1151 doctrina
1043 1089 1182 1149 Divi
1212 1089 1451 1179 Thomas
1497 1092 1562 1151 in
1583 1105 1854 1171 quartum
1869 1115 1995 1157 sen-

450 1193 584 1246 tent.
617 1187 750 1245 dist.
785 1190 882 1245 39.
915 1205 970 1263 q.
1000 1189 1055 1244 1.
1104 1196 1220 1246 art.
1270 1188 1323 1244 1.
1369 1189 1434 1245 in
1450 1206 1694 1268 respons.
1720 1191 1797 1251 ad
1823 1194 1993 1269 quin·

459 1291 601 1351 tum,
638 1279 750 1351 ibi,
779 1315 821 1325 —
851 1279 927 1341 Si
953 1282 1167 1358 aliquis
1193 1281 1375 1361 fidelis
1400 1302 1526 1342 cum
1572 1285 1855 1347 haeretica
1898 1288 1998 1348 ba-

446 1376 675 1457 ptizata
696 1376 1123 1437 matrimonium
1148 1378 1455 1449 contrahit,
1474 1397 1668 1438 oerum
1693 1389 1771 1440 est
1791 1383 1996 1442 matri-

449 1472 721 1540 monium,
750 1472 1007 1549 quamvis
1025 1481 1205 1550 peccet
1229 1474 1626 1547 contrahendo,
1639 1477 1690 1535 si
1709 1477 1852 1538 sciat
1873 1495 1997 1537 eam

454 1566 813 1638 haereticam,
834 1566 1008 1626 sicuti
1023 1576 1293 1645 peccaret,
1309 1568 1362 1627 si
1377 1586 1506 1628 cum
1516 1571 1995 1632 excommunicato

447 1661 818 1732 contraheret,
847 1679 962 1720 non
992 1671 1176 1721 tamen
1196 1671 1426 1742 propter
1452 1663 1552 1725 hoc
1570 1665 1997 1725 matrimonium

448 1756 842 1817 dirimeretur.
862 1754 942 1817 Et
956 1756 1298 1818 communis
1322 1765 1412 1819 est
1436 1756 1642 1837 opinio
1663 1756 1995 1839 Theologo-

447 1868 611 1920 rum,
640 1856 702 1910 et
726 1846 1184 1912 &nonistorum
1202 1892 1219 1910 .

564 1941 896 2007 Difficultas
934 1943 1164 2024 itaque,
1197 1945 1438 2022 quaein
1469 1945 1763 2028 praesenti
1787 1966 1994 2010 occur·

448 2036 554 2112 rit,
582 2036 647 2098 in
667 2035 783 2098 hoc
803 2036 1068 2118 primum
1095 2038 1336 2115 residet,
1360 2059 1443 2121 qu
1453 2040 1529 2102 od
1560 2040 1727 2103 nulla
1745 2049 1836 2103 est
1853 2062 1996 2103 con-

447 2129 737 2193 troversia
755 2130 954 2211 quoad
978 2130 1446 2211 publicationem
1465 2133 1717 2197 Concilii
1741 2133 1996 2197 Triden-

445 2223 560 2287 tini
585 2223 651 2286 in
682 2222 847 2297 loco,
894 2224 959 2286 in
985 2244 1111 2305 quo
1141 2226 1600 2290 matrimonium
1624 2235 1993 2291 contractum

442 2317 585 2391 fuit,
618 2317 774 2381 itaut
802 2317 918 2381 sibi
970 2318 1235 2383 vindicet
1271 2319 1484 2384 locum
1524 2321 1875 2402 disputatio,
1916 2343 1993 2386 an

446 2410 900 2474 matrimonium
919 2419 1291 2476 contractum
1314 2413 1482 2477 inter
1506 2413 1873 2491 Haereticos,
1898 2416 1990 2477 vel

443 2505 601 2567 inter
628 2504 1039 2577 Haereticum,
1077 2513 1137 2568 et
1180 2506 1553 2570 Catholicam
1613 2506 1680 2569 in
1720 2507 1888 2582 locis,
1931 2509 1993 2570 in

446 2599 671 2680 quibus
715 2598 1091 2680 publicatum
1150 2598 1266 2662 fuit
1313 2600 1646 2662 Concilium
1697 2601 1993 2664 Tridenti-

442 2712 613 2763 num,
638 2693 908 2756 validum
938 2693 1037 2766 sit,
1063 2693 1110 2755 si
1137 2713 1256 2756 non
1279 2695 1468 2758 fuerit
1494 2703 1866 2758 contractum
1894 2717 1992 2759 co-

441 2804 573 2848 ram
601 2785 869 2849 Parocho
902 2785 1215 2849 Catholico
1241 2833 1259 2863 ,
1307 2788 1411 2852 sed
1460 2808 1668 2853 coram
1712 2789 1994 2853 Ministro

444 2879 776 2943 haeretico.

558 2976 895 3039 Autumant
944 2976 1223 3038 nonnulli
1253 2977 1646 3042 matrimonia
1693 2978 1841 3042 haec
1868 2999 1995 3041 esse

444 3068 684 3145 valida,
734 3071 931 3152 primo
980 3071 1126 3153 quia
1155 3072 1467 3135 moraliter
1495 3081 1584 3135 est
1606 3073 1995 3154 impossibilis

377 3152 406 3183 ⁸
441 3165 822 3227 observantia
851 3165 1086 3227 Decreti
1108 3164 1362 3228 Concilii
1392 3168 1728 3229 Tridentini
1759 3169 1834 3230 de
1849 3189 1992 3231 con-

446 3256 738 3320 trahendo
762 3259 1150 3320 matrimonio
1171 3278 1373 3321 coram
1400 3261 1669 3323 Parocho
1687 3261 1996 3324 Catholico

446 3353 608 3414 inter
632 3352 1000 3425 Haereticos‚
1034 3353 1328 3432 quamdiu
1353 3353 1417 3414 in
1448 3354 1613 3427 locis,
1639 3365 1824 3435 atque
1846 3357 1992 3417 Pro·

450 3444 699 3519 vinciiS,
743 3445 806 3505 in
836 3445 1062 3525 quibus
1085 3446 1473 3508 matrimonia
1501 3448 1944 3510 contrahuntur
1972 3497 1990 3521 ,

441 3539 706 3602 haeresis
729 3539 1108 3602 dominatum
1154 3549 1356 3616 tenet;
1390 3542 1651 3603 secundo
1677 3544 1821 3624 quia
1849 3563 1992 3604 con-

441 3634 697 3697 trarium
717 3633 1059 3708 asserendo,
1096 3634 1517 3697 conversiones
1551 3635 1988 3699 haereticorum

444 3725 882 3807 impediuntur,
922 3725 1259 3788 haereticus
1283 3728 1502 3789 etenim
1555 3736 1765 3809 petens
1789 3729 1991 3791 Eccle-

437 3819 564 3881 siae
581 3817 927 3881 Catholicae
957 3818 1362 3895 reconciliari,
1393 3830 1501 3882 aut
1525 3821 1798 3883 deserere
1815 3821 1993 3885 debet

441 3913 702 3975 Uxorem
747 3912 1112 3975 haereticam
1151 3914 1420 3977 converti
1477 3914 1783 3978 nolentem
1807 3961 1826 3992 ,
1885 3925 1994 3979 aut

441 4028 575 4070 eam
625 4007 912 4070 inducere
958 4007 1135 4069 dehet
1174 4007 1251 4069 ad
1296 4009 1725 4090 praestandum
1761 4030 1988 4073 novum

439 4120 792 4164 consensum
847 4120 1048 4163 coram
1106 4101 1376 4164 Parocho
1426 4101 1738 4166 Catholico
1759 4149 1778 4178 ,
1823 4103 1989 4186 quod

439 4215 580 4259 raro
614 4193 929 4277 contingit.
982 4193 1138 4268 Hae,
1162 4195 1439 4277 aliaeque
1466 4197 1728 4260 rationes
1747 4197 1879 4262 fuse
1896 4198 1990 4261 vi-

434 4289 566 4352 deri
589 4296 839 4370 possunt
858 4288 921 4349 in
946 4287 1365 4352 dissertatione
1392 4290 1650 4353 Martini
1658 4293 1724 4353 de
1735 4292 1984 4356 Suvaen.

435 4385 726 4466 desponsa
769 4384 1046 4454 duorum,
1102 4402 1262 4465 quae
1307 4384 1562 4446 ulterius
1587 4385 1707 4448 late
1743 4385 1991 4451 fuerunt

439 4479 742 4562 expositae
764 4498 803 4538 a
841 4477 1146 4558 Vanespen.
1174 4477 1342 4540 Iuris
1370 4478 1428 4539 E
1433 4483 1589 4541 ecles.
1614 4490 1744 4541 tom.
1772 4485 1827 4542 1.
1849 4502 1982 4562 par.

437 4579 497 4635 2.
534 4576 626 4635 tit.
676 4576 770 4633 12.
816 4592 942 4652 cap.
973 4578 1030 4633 5.
1088 4592 1247 4632 num.
1288 4577 1384 4633 32.
1424 4585 1476 4634 et
1503 4594 1653 4653 seqq.
1701 4573 1990 4656 additque

438 4664 856 4729 Internuntius
882 4664 945 4724 in
969 4683 1078 4727 sua
1103 4664 1375 4745 epistola,
1407 4666 1571 4746 quod
1593 4666 1741 4729 haec
1760 4676 1849 4729 est
1872 4668 1983 4730 ho-

437 4761 538 4823 die
561 4758 899 4823 communis
946 4757 1155 4839 opinio
1204 4758 1625 4823 Universitatis
1654 4761 1987 4825 Lovanien·

437 4854 539 4928 sis,
570 4865 631 4915 et
651 4853 1034 4915 vicariorum
1054 4851 1558 4933 Apostolicorum,
1588 4873 1821 4931 necnon
1850 4853 1989 4937 Epi-

438 4968 753 5029 scoporum
777 4946 841 5008 in
868 4946 1109 5008 viciniis
1136 4946 1480 5029 degentium
1497 4990 1514 5007 .

2111 721 2363 783 Decreta
2382 723 2445 782 in
2467 721 2758 783 colonien.
2789 727 2854 783 in
2872 724 3242 786 Matrimonii
3266 730 3365 786 26.
3389 725 3645 806 Septem-

2114 814 2230 873 bris
2261 818 2434 874 1602.
2472 816 2568 874 lib.
2604 819 2698 876 10.
2729 817 2928 877 decret.
2973 818 3073 895 fol.
3104 823 3201 878 47.
3236 840 3274 880 a
3316 830 3488 897 terqo,
3531 817 3644 879 ubi

2109 907 2198 970 sic
2222 907 2465 988 legitur,
2488 909 2816 970 Haereticcs
2838 932 3075 991 quoque.
3090 915 3188 972 ubi
3208 915 3483 974 decretum
3505 914 3646 974 dicti

2100 1004 2309 1083 capitis
2335 1004 2514 1083 primi
2534 1016 2611 1064 est
2625 1006 3002 1083 publicatum,
3030 1009 3204 1067 teneri
3227 1009 3393 1068 talem
3405 1009 3648 1085 [ormam

2111 1115 2356 1169 servare,
2387 1107 2436 1156 et
2467 1109 2761 1177 propterea
2799 1101 3048 1179 ipsorum
3088 1102 3255 1160 etiam
3282 1104 3649 1164 matrimonia

2111 1191 2317 1268 absque
2356 1191 2540 1267 [orma
2565 1187 2834 1260 concilii,
2865 1194 3119 1271 quamtis
3160 1213 3347 1253 coram
3370 1193 3649 1257 Ministro

2112 1284 2410 1355 haeretico,
2430 1286 2516 1345 cel
2535 1288 2874 1364 maqistratu
2904 1288 3009 1347 loci
3025 1297 3334 1362 contracta,
3369 1291 3535 1350 nulla
3555 1301 3650 1351 at-

2106 1397 2213 1458 que
2238 1380 2414 1440 irrita
2443 1398 2587 1439 esse:
2614 1390 2671 1440 et
2695 1381 2938 1459 quando
2976 1380 3314 1442 consimiles
3336 1383 3411 1443 de
3440 1383 3652 1446 validi-

2108 1478 2230 1534 tate
2258 1471 2474 1533 horum
2498 1473 3021 1538 matrimoniorum
3044 1475 3356 1556 petitiones
3379 1479 3652 1559 proposi-

2111 1575 2209 1631 tae
2257 1573 2420 1639 sunt,
2462 1567 2889 1630 demandatum
2924 1568 3062 1644 fuit,
3103 1570 3264 1650 quod
3310 1572 3650 1636 traderetur

2105 1661 2411 1725 decretum
2447 1662 2510 1724 in
2538 1662 2698 1725 dicta
2730 1662 3077 1739 Coloniam,
3112 1664 3203 1726 uti
3231 1663 3535 1748 colligitur
3572 1688 3651 1730 ex

2110 1776 2396 1837 responso
2417 1757 2580 1820 edito
2602 1760 2667 1818 in
2693 1760 2818 1820 alia
2849 1757 3138 1822 colonien.
3177 1766 3272 1824 16.
3317 1765 3519 1823 mensis
3547 1763 3654 1825 De·

2109 1852 2352 1914 cembris
2390 1855 2563 1913 1719.
2605 1855 2704 1913 lib.
2738 1858 2836 1913 69.
2882 1854 3082 1916 decret.
3112 1876 3244 1936 paq.
3277 1862 3413 1918 609.
3441 1902 3458 1932 ,
3507 1860 3652 1920 etin

2117 1966 2238 2008 una
2256 1944 2607 2025 Moquntina
2634 1951 2730 2009 31.
2773 1947 2935 2028 Majt
2959 1954 3132 2011 1721.
3170 1953 3267 2012 lib.
3297 1956 3398 2013 71.
3441 1953 3644 2015 decret.

2092 2060 2231 2122 paq.
2265 2045 2398 2102 184.
2425 2062 2461 2104 a
2485 2052 2657 2121 terqo.

2235 2135 2466 2196 Rursus
2489 2133 2549 2195 in
2582 2135 2937 2197 Hollandiae
2959 2135 3467 2200 Matrimoniorum
3510 2162 3651 2204 cum

2112 2227 2377 2290 instante
2400 2229 2781 2292 Internnntio
2799 2229 3175 2292 Bruxellensi
3195 2252 3230 2294 a
3257 2233 3652 2298 Missionariis

2126 2322 2441 2403 requisito,
2458 2324 2827 2404 propositum
2853 2325 3170 2386 fuisset23.
3192 2328 3441 2410 Augusti
3471 2334 3646 2392 1681.

2115 2435 2374 2497 sequens
2399 2417 2652 2479 dubium
2670 2463 2687 2491 ,
2715 2418 2811 2477 An
2842 2421 2904 2478 in
2926 2419 3245 2482 Provinciis
3286 2421 3478 2502 Belyii
3515 2445 3649 2485 con-

2114 2512 2413 2589 foederatis
2434 2514 2657 2582 valeant
2693 2515 3059 2574 matrimonia
3088 2516 3510 2578 catholicorum
3522 2540 3651 2582 cum

2112 2603 2492 2666 Beterodoxis
2510 2616 2797 2667 eontracta
2818 2626 3005 2668 coram
3024 2606 3382 2687 Maqistratu
3406 2612 3651 2673 haereti·

2107 2718 2192 2768 co,
2217 2717 2330 2757 non
2351 2698 2600 2759 obstante
2621 2699 2832 2760 decreto
2863 2697 3112 2761 Consilii
3123 2703 3188 2762 de
3207 2705 3651 2767 solemnitatibus

2110 2794 2475 2854 matrimonii
2508 2795 2718 2855 inillis
2744 2795 3062 2857 Provinciis
3084 2797 3392 2876 publicato,
3426 2809 3477 2858 et
3502 2818 3650 2860 rece-

2094 2899 2194 2969 pto
2214 2936 2233 2960 ,
2301 2887 2482 2951 Sacra
2511 2889 2904 2973 Congregatio
2945 2891 3250 2972 respondit
3291 2893 3369 2954 ad
3414 2904 3650 2954 mentem

2111 3002 2244 3044 cum
2285 2980 2682 3055 sanctissimo,
2711 3002 2870 3065 quae
2908 2984 3046 3058 fuit,
3094 2998 3159 3046 ut
3181 2988 3233 3046 si
3258 2997 3391 3047 esset
3432 3006 3653 3068 respon-

2108 3063 2359 3124 dendum
2389 3064 2580 3137 dubio,
2609 3067 2861 3143 neqatice
2901 3067 3354 3145 responderetur:
3389 3086 3650 3148 cumque

2106 3159 2540 3240 subsequenter
2565 3160 2876 3223 consimile
2898 3161 3151 3222 dubium
3171 3160 3379 3224 fuisset
3403 3163 3463 3223 in
3491 3165 3648 3226 Cau·

2108 3272 2175 3316 sa
2204 3253 2586 3315 Boscodunen.
2638 3254 3010 3316 Matrimonii
3025 3274 3061 3316 a
3087 3255 3267 3318 Sacra
3310 3257 3650 3340 Congrege-

2104 3347 2270 3411 tione
2303 3348 2722 3412 Sanctissimae
2765 3348 3182 3429 Inquisitionis
3223 3350 3296 3412 ad
3344 3349 3500 3413 hanc
3537 3371 3647 3432 pro

2100 3442 2379 3504 examine
2406 3442 2746 3514 remissum,
2785 3462 3134 3524 responsum
3162 3442 3281 3505 fuit
3307 3446 3397 3505 die
3426 3451 3520 3506 13.
3547 3445 3649 3507 Fe-

2115 3538 2343 3598 bruarii
2378 3542 2551 3598 1683.
2595 3538 2671 3598 ad
2717 3549 2984 3609 mentem,
3037 3547 3097 3599 et
3145 3557 3313 3600 mens
3333 3539 3471 3614 fuit,
3498 3542 3648 3620 quod

2102 3642 2422 3693 servaretur
2442 3632 2525 3704 id,
2558 3632 2705 3710 quod
2722 3632 2834 3709 suit
2863 3634 3209 3693 observatum
3230 3635 3294 3692 in
3317 3636 3495 3694 simili
3511 3655 3650 3697 casu

2101 3748 2139 3788 a
2156 3726 2344 3788 Sacra
2367 3723 2804 3805 Conqreqatione
2825 3728 2888 3785 in
2910 3728 3158 3805 alleqata
3182 3723 3374 3789 Causa
3390 3727 3648 3791 Bollan-

2098 3822 2226 3882 diae
2266 3818 2774 3881 Matrimoniorum
2811 3824 2909 3881 23.
2941 3819 3190 3899 Auyusti
3218 3826 3391 3882 1681.
3415 3821 3507 3883 uti
3534 3822 3646 3885 ha-

2098 3915 2276 3976 betur
2298 3915 2395 3974 lib.
2423 3918 2521 3974 33.
2552 3914 2753 3974 decret.
2784 3914 2884 3992 sol.
2924 3919 3022 3975 53.

2231 4007 2394 4070 Huic
2417 4006 2752 4070 difficultati
2778 4006 2900 4070 alia
2922 4008 3213 4083 succedit,
3251 4015 3312 4071 et
3336 4017 3445 4080 est,
3480 4010 3648 4091 quod

2115 4122 2226 4164 nec
2258 4102 2321 4163 in
2348 4102 2621 4182 quaesito
2640 4100 3030 4176 Missionarii‚
3051 4123 3160 4165 nec
3186 4103 3248 4165 in
3272 4104 3521 4185 epistola
3541 4106 3645 4167 ln-

2100 4194 2391 4257 ternuntii
2439 4193 2847 4257 Bruxeliensis
2898 4193 3117 4257 dicitur
3140 4244 3158 4268 ,
3203 4197 3363 4277 quod
3407 4197 3644 4281 Conjux

2099 4288 2484 4351 Lutheranus
2530 4288 2608 4351 sit
2639 4288 2936 4351 haeresim
2961 4291 3382 4372 abjuraturuS,
3424 4301 3487 4355 et
3528 4294 3644 4357 Ca-

2101 4381 2392 4445 tholicam
2470 4381 2845 4462 Religionem
2909 4384 3299 4464 amplexurus
3324 4433 3341 4456 ,
3387 4393 3448 4447 et
3490 4386 3645 4449 mul-

2104 4485 2163 4537 to
2218 4475 2445 4549 minus,
2494 4476 2656 4557 quod
2706 4476 3100 4558 abjuraverit,
3150 4477 3246 4540 vel
3274 4477 3645 4543 Catholicam
3677 4498 3681 4503 ·

2112 4570 2487 4652 Religionem
2515 4569 2829 4650 amplexus
2867 4570 2975 4643 sit,
3009 4571 3162 4631 itaut
3199 4570 3248 4631 si
3288 4572 3645 4637 auctoritate

2099 4663 2289 4746 hujus
2316 4664 2447 4726 Sac.
2481 4663 2974 4745 Congregationis
3002 4664 3425 4727 concederetur
3449 4666 3643 4730 facul-

2100 4766 2189 4819 tas
2226 4748 2557 4819 renovandi
2586 4774 2939 4817 consensum
2975 4775 3176 4818 coram
3230 4757 3500 4821 Parocho
3525 4761 3639 4824 Ca·

2107 4850 2353 4924 tholico,
2408 4849 2588 4912 tacita
2604 4850 2899 4929 quaedam
2924 4849 3299 4931 Apostolicae
3335 4852 3505 4915 Sedis
3542 4855 3639 4917 di·

2100 4943 2402 5026 spensatio
2458 4944 2764 5007 accederet
2815 4961 2995 5023 super
3050 4943 3435 5007 matrimonio
3481 4947 3642 5012 inter

555 5044 606 5103 E
629 5049 838 5104 contra
858 5040 990 5102 Sac.
1017 5040 1167 5102 haec
1190 5040 1586 5124 congregatio
1609 5041 1727 5104 fuit
1750 5062 1985 5124 semper
2095 5038 2507 5111 Haereticam,
2525 5048 2585 5099 et
2606 5035 2973 5099 Catholicam
2997 5036 3215 5098 iterum
3229 5039 3639 5105 contrahendo

439 5135 502 5198 in
525 5155 726 5209 sensu,
751 5135 913 5215 quod
948 5134 1332 5196 matrimonia
1350 5144 1492 5198 sunt
1523 5134 1716 5210 nulla,
1740 5136 1983 5217 quando
2091 5133 2226 5195 sine
2255 5130 2549 5206 clausula,
2577 5132 2847 5208 abjurata
2877 5132 3043 5210 prius
3070 5131 3319 5204 haeresi,
3354 5132 3486 5196 sine
3511 5153 3636 5215 qua

436 5229 596 5292 inter
625 5227 1004 5300 Haereticoe‚
1033 5227 1126 5288 vel
1151 5228 1309 5288 inter
1339 5227 1719 5290 Haereticum
1738 5275 1757 5303 ,
1785 5238 1843 5291 et
1871 5229 1981 5291 Ca-

436 5323 720 5386 tholicam
747 5329 1051 5384 contracta
1075 5330 1215 5382 sunt
1245 5339 1447 5383 coram
1471 5322 1750 5384 Ministro
1768 5323 1979 5386 haere·

2093 5225 2365 5290 clausula
2386 5224 2726 5287 consimiles
2754 5243 2873 5286 non
2900 5224 3308 5287 conceduntur
3327 5227 3638 5308 dispensa-

2095 5322 2308 5395 tiones,
2342 5319 2433 5381 uti
2461 5328 2752 5382 testantur
2779 5316 2958 5380 Card.
3001 5319 3256 5381 Albitius
3301 5322 3367 5382 de
3390 5323 3630 5396 inconst.

439 5418 555 5481 tico
577 5416 640 5479 in
663 5415 830 5490 locis,
851 5414 914 5475 in
941 5413 1167 5496 quibus
1193 5412 1527 5478 Concilium
1559 5416 1979 5481 Tridentinum
2088 5421 2153 5480 in
2169 5417 2277 5499 fide
2303 5434 2428 5497 cap.
2468 5418 2563 5477 18.
2602 5435 2663 5475 n.
2709 5417 2806 5477 u.
2834 5414 2910 5476 R.
2936 5412 3013 5476 P.
3064 5413 3140 5477 D.
3194 5413 3373 5478 Petra
3397 5415 3462 5480 in
3485 5421 3636 5486 netis
