4393 6299
1010 497 1111 548 itt

1188 651 1548 727 QUAESTIO
1592 650 1949 714 CCCXLIV.

950 839 1023 900 In
1058 837 1251 903 Causa
1275 840 1685 919 Albinqancnsi
1716 838 2034 903 Concursus
2067 841 2155 903 die
2182 845 2281 903 28.

1382 934 1631 1013 Auqusti
1669 940 1841 996 1723.

830 1069 1022 1186 Cum
1054 1120 1116 1182 in
1145 1121 1353 1185 Mense
1380 1123 1754 1203 Apostolicae
1788 1122 1923 1184 Sedi
1954 1132 2256 1186 reservato
2283 1144 2381 1184 va-

832 1221 1020 1278 casset
1041 1215 1302 1277 Ecclesia
1331 1216 1699 1278 parochialis
1719 1216 1820 1278 SS.
1849 1216 2085 1277 Nazarii
2106 1262 2121 1288 ,
2147 1226 2208 1278 et
2233 1217 2382 1278 Celsi

832 1307 945 1370 loci
971 1308 1165 1384 Mari,
1192 1310 1573 1391 indictusque
1603 1310 1811 1373 fuisset
1837 1311 1911 1371 de
1940 1330 2105 1372 more
2127 1312 2384 1373 Concur-

829 1421 932 1464 sus
957 1403 1046 1463 dic
1081 1408 1175 1467 12.
1204 1403 1544 1486 Septembris
1571 1410 1741 1466 1722.
1773 1414 1832 1468 et
1863 1414 1980 1467 tres
2009 1415 2204 1468 essent
2229 1407 2382 1467 Exa-

830 1496 1157 1560 minatores
1176 1498 1507 1581 Synodales
1525 1545 1541 1573 ,
1567 1499 1840 1560 omnium
1868 1499 2051 1561 trium
2081 1511 2217 1561 vota
2241 1520 2382 1561 con-

828 1590 1142 1672 spirarunt
1163 1592 1369 1655 savore
1392 1593 1628 1655 Vicarii.
1645 1593 1956 1656 Generalis
1976 1593 2384 1676 Albinganen·

828 1684 945 1763 sis,
984 1696 1045 1749 et
1088 1686 1424 1750 Sacerdotis
1470 1687 1698 1750 Nicolai
1744 1689 1993 1750 Antonii
2042 1688 2381 1763 Marualdi,

831 1779 1238 1862 Sacerdosque
1277 1782 1620 1844 Bernardus
1647 1782 1967 1845 Cascionus
2004 1783 2125 1844 duo
2170 1782 2384 1844 babuit

829 1882 970 1936 vota
989 1874 1347 1938 favorabilia
1364 1922 1381 1950 ,
1405 1885 1464 1938 et
1485 1897 1674 1938 unum
1696 1877 2101 1952 contrarium3
2124 1896 2384 1957 cumque

831 1966 1112 2030 Vicarius
1130 1969 1441 2033 Generalis
1463 1970 1860 2034 renuntiasset
1883 1971 2245 2052 cuicumque
2254 1970 2380 2052 juri

827 2061 944 2123 sibi
968 2083 1041 2125 ex
1065 2062 1368 2126 Concursu
1396 2067 1702 2145 quaesit0,
1728 2085 1942 2146 resque
1965 2065 2205 2127 redacta
2231 2073 2385 2126 esset

829 2154 987 2217 inter
1037 2158 1421 2219 Mat-ualdum
1440 2205 1457 2232 ,
1509 2168 1567 2220 et
1614 2158 1966 2221 Cascionum
1989 2204 2005 2231 ,
2059 2158 2386 2239 Episcopus

828 2268 1027 2311 secum
1072 2262 1354 2329 reputans
1397 2253 1684 2335 majorem
1721 2252 2104 2315 idoneitatem
2148 2272 2227 2313 ex
2259 2251 2384 2313 sola

827 2342 1075 2405 scientia
1112 2364 1231 2406 non
1269 2345 1531 2420 desumi,
1579 2347 1681 2409 sed
1723 2349 1913 2430 magis
1951 2347 2234 2410 idoneum
2279 2365 2386 2425 pro

825 2437 1163 2501 Parochiali
1196 2460 1322 2502 esse
1352 2461 1520 2522 posse
1549 2441 1759 2517 illum,
1789 2442 1895 2523 qui
1923 2450 2012 2504 est
2033 2441 2388 2524 simpliciter

829 2530 988 2593 inter
1030 2537 1391 2614 approbatos
1424 2538 1621 2617 quoad
1655 2538 2088 2610 litteraturam,
2121 2537 2224 2598 sed
2252 2534 2389 2597 aliis

824 2625 1256 2690 excellentibus
1289 2630 1514 2692 fruitur
1547 2632 1943 2711 qualitatibus
1985 2630 2249 2692 maxime
2290 2650 2387 2691 ne·

824 2721 1094 2783 cessat-iis
1118 2743 1227 2803 pro
1255 2726 1584 2786 exercenda
1616 2746 1762 2788 cura
1790 2727 2168 2798 animarum,
2196 2726 2384 2808 magis

829 2813 1115 2875 idoneum
1155 2836 1264 2897 pro
1309 2818 1599 2880 Parochia
1640 2819 1967 2882 declaravit
2003 2821 2380 2882 Sacerdotem

827 2904 1181 2969 Cascionum
1196 2955 1214 2981 ,
1237 2919 1295 2970 et
1322 2910 1723 2991 appellatione
1752 2913 2098 2992 interposita
2122 2933 2159 2975 a
2181 2913 2382 2975 Sacer-

825 2999 962 3060 dote
1001 3002 1351 3075 Marualdo,
1391 3024 1509 3065 non
1553 3007 1748 3086 potuit
1789 3027 1914 3068 esse
1955 3007 2118 3080 locus
2148 3008 2378 3081 eidem,

828 3092 943 3155 nisi
989 3095 1050 3157 in
1097 3097 1483 3174 devolutivo,
1536 3100 1687 3163 itaut
1728 3100 2011 3163 relaxatis
2050 3120 2088 3164 a
2134 3101 2380 3165 Dataria

826 3188 1047 3264 Bullis,
1080 3192 1365 3255 Sacerdos
1411 3195 1732 3266 Cascionus
1763 3197 2189 3276 possessionem
2221 3198 2381 3259 obti-

829 3286 1032 3348 nuerit
1077 3286 1480 3362 Parocbialis,
1511 3298 1571 3353 et
1596 3290 1897 3352 Sacerdoti
1940 3291 2258 3353 Marualdo
2281 3294 2383 3373 jus

827 3383 1242 3442 tantummodo
1271 3385 1626 3446 remanserit
1654 3386 2051 3467 prosequendi
2082 3385 2382 3449 devoluti-

827 3493 964 3535 vam
996 3475 1492 3555 appellationem,
1523 3490 1583 3541 et
1622 3480 1916 3560 probandi
1948 3481 2011 3541 in
2061 3480 2175 3543 hac
2201 3480 2379 3543 Sacra

824 3567 1297 3650 Congregatione
1323 3572 1581 3634 dubium
1606 3593 1785 3654 super
1815 3584 2126 3655 praetenso
2145 3575 2381 3640 irratio·

828 3662 1017 3724 nubili
1052 3663 1328 3745 Episcopi
1349 3667 1602 3747 judicic.

943 3757 1136 3818 Ducto
1167 3757 1370 3839 itaque
1397 3759 1574 3821 initio
1595 3780 1630 3823 a
1652 3761 1923 3825 doctrina
1940 3809 1957 3836 ,
1982 3741 2224 3828 eaedem
2250 3784 2379 3827 om-

827 3849 975 3911 nino
1003 3854 1417 3931 quaestioneS,
1455 3855 1543 3917 uti
1591 3857 1665 3918 de
1684 3860 1826 3939 jure
1851 3866 1938 3919 est
1968 3859 2032 3920 in
2061 3859 2379 3921 Concursi-

826 3945 974 4017 bus,
1001 3944 1248 4010 fuerunt
1273 3949 1558 4011 omnibus
1579 3951 2088 4015 Concurrentibus
2116 3954 2380 4035 proposi-

828 4047 943 4101 tae.
976 4040 1180 4103 Prima
1230 4041 1384 4117 suit,
1433 4063 1509 4104 ιω
1555 4065 1665 4124 quo
1695 4047 2013 4108 Sacrorum
2057 4049 2381 4110 litterarum

828 4143 990 4194 textu
1011 4136 1336 4196 desumatur
1362 4141 1672 4199 auctoritas
1693 4140 1906 4217 ferendi
1931 4144 2262 4202 sententiam
2282 4161 2379 4201 ex·

824 4231 1345 4290 communicationis
1360 4276 1377 4303 ,
1404 4238 1462 4291 et
1484 4240 1741 4312 uterque
1765 4252 1839 4294 ex
1863 4234 2207 4296 Concurren
2217 4234 2256 4296 ti
2266 4235 2376 4296 bus

826 4319 903 4381 de
921 4321 1144 4399 quibus
1165 4325 1366 4404 agitur
1382 4369 1399 4396 ,
1420 4325 1623 4387 attulit
1647 4326 1795 4387 illud
1817 4372 1832 4399 ,
1859 4328 1933 4388 de
1955 4347 2077 4408 quo
2097 4329 2161 4389 in
2180 4329 2376 4390 Evan-

825 4413 983 4495 gelio
1005 4416 1288 4479 Matthaei
1307 4419 1556 4499 Accipite
1574 4419 1862 4501 Spiritum
1883 4422 2184 4496 Sanctum,
2207 4426 2378 4504 quod-

824 4530 1042 4590 cunque
1066 4515 1341 4574 solveritis
1378 4525 1478 4574 etc.
1523 4524 1583 4577 et
1623 4515 1747 4578 sola
1791 4519 1988 4597 quoad
2023 4517 2187 4580 hunc
2221 4539 2375 4600 pun-

824 4614 988 4667 ctum
1018 4605 1356 4669 dill'erentia
1390 4609 1547 4670 inter
1579 4612 2022 4690 responsionem
2044 4614 2379 4676 Sacerdotis

823 4698 1095 4760 Cascioni
1113 4745 1130 4772 ,
1156 4711 1213 4762 et
1238 4703 1683 4781 responsionem
1712 4705 2045 4768 Sacerdotis
2073 4709 2376 4771 Marualdi

825 4791 941 4854 fuit
973 4793 1158 4867 baec,
1196 4797 1359 4874 quod
1407 4797 1727 4859 Cascionus
1766 4800 2049 4873 asseruit,
2090 4821 2167 4863 ex
2208 4803 2377 4864 nullo

823 4885 946 4946 alio
996 4886 1316 4949 Sacrarum
1373 4889 1710 4953 litterarum
1761 4893 1955 4956 Textu
2012 4896 2374 4976 praedictam

823 4983 1239 5042 auctoritatem
1268 4983 1532 5058 desumi,
1560 5005 1718 5067 quae
1749 4989 2080 5053 restrictiva
2108 5011 2232 5053 non
2259 4991 2377 5055 fuit

821 5092 858 5135 a
886 5075 1203 5136 Marnaldo
1238 5077 1509 5157 apposita
1535 5078 1599 5139 in
1631 5099 1737 5143 sua
1770 5084 2191 5162 Responsione.

941 5166 1214 5229 Secunda
1246 5170 1514 5249 quaestio
1543 5174 1846 5253 proposita
1874 5176 1991 5238 fuit
2019 5167 2188 5254 haec,
2218 5198 2375 5260 quae

820 5261 1096 5340 sequitur
1113 5308 1130 5334 ,
1156 5284 1234 5324 an
1258 5269 1729 5328 excommunicati
1750 5271 1971 5331 vitandi
1986 5276 2203 5352 possint
2224 5276 2373 5334 inter

822 5373 877 5414 sc
920 5359 1363 5427 communicare,
1404 5366 1464 5421 et
1506 5357 1649 5420 huic
1694 5360 1978 5425 Sacerdos
2022 5367 2374 5428 Marualdus

821 5449 1130 5528 respondit
1171 5450 1537 5529 affirmative,
1570 5452 1716 5533 quia
1760 5454 1980 5536 ligatus
2018 5459 2232 5540 majori
2263 5480 2370 5522 ex-

1989 500 2437 567 QUAEsTtoNEs
2476 502 2833 559 CANONtCAE

2497 655 3071 729 communicatione,
3103 662 3311 736 utpote
3341 653 3617 736 privatus
3658 653 3834 716 benis
3863 653 4043 735 spiti-

2503 748 2767 812 tualibus
2796 769 2917 813 non
2944 748 3148 813 subest
3175 747 3443 830 periculo
3473 747 3713 809 labendi
3745 747 3807 808 in
3846 746 4041 809 mino-

2500 863 2630 906 rem
2655 842 3332 906 excommunicationem
3354 890 3368 913 ,
3393 850 3453 904 et
3477 861 3512 903 e
3532 849 3739 903 contra
3757 840 4047 902 Sacerdos

2498 938 2818 999 Cascionus
2847 940 3097 1016 neqative
3126 936 3468 1017 respondit,
3499 935 3760 1014 exceptis
3794 934 3915 995 illis
3948 954 4044 997 ca-

2496 1031 2695 1104 sibus,
2722 1031 2783 1091 in
2816 1031 3039 1111 quibus
3066 1038 3255 1111 potest
3275 1029 3413 1110 quis
3439 1030 3883 1091 communicare
3902 1047 4042 1090 cum

2493 1125 3010 1187 excommunicato
3023 1169 3040 1197 ,
3062 1123 3246 1187 allata
3269 1123 3427 1185 inter
3447 1131 3708 1187 caeteras
3728 1121 3908 1183 etiam
3926 1120 4042 1183 hac

2496 1218 2759 1291 ratione,
2790 1218 2952 1298 quod
2980 1217 3264 1281 delictum
3305 1234 3429 1278 non
3461 1215 3640 1277 debet
3664 1213 4041 1295 delinquenti

2494 1312 2880 1391 patrocinari.

2612 1406 2811 1469 Tertia
2857 1405 3173 1486 quaestio,
3204 1424 3364 1484 quae
3404 1402 3523 1465 fuit
3564 1402 3905 1485 proposita,
3947 1407 4042 1464 est

2492 1499 2641 1562 baec
2662 1546 2680 1574 ,
2714 1502 2981 1582 quomodo
3024 1521 3079 1562 se
3122 1520 3311 1581 yerere
3340 1502 3527 1562 debeat
3550 1544 3569 1573 ,
3606 1500 3710 1578 qui
3758 1497 4043 1559 clericum

2490 1597 2691 1656 occidit
2718 1614 3091 1677 aqqressorcm
3117 1643 3134 1666 ,
3171 1606 3223 1656 et
3246 1596 3564 1656 declaratus
3584 1594 3699 1671 fuit
3721 1611 4043 1653 excommu-

2491 1694 2737 1763 nicatus,
2759 1694 2811 1753 si
2836 1711 3029 1754 νουσα
3055 1691 3419 1751 homicidium
3442 1689 3583 1769 facit
3616 1688 3693 1750 ad
3718 1689 3811 1748 sui
3853 1685 4043 1762 desen-

2489 1788 2698 1848 sionem
2719 1835 2736 1858 ,
2768 1796 2820 1848 et
2845 1807 2971 1848 cum
3009 1786 3388 1847 moderamine
3437 1785 3763 1862 inculpatae
3791 1782 3996 1842 tutelae
4019 1827 4039 1852 ,

2494 1889 2553 1942 et
2588 1890 2842 1962 uterque
2870 1880 3178 1962 respondit
3201 1879 3570 1942 occidentem
3596 1877 3661 1937 in
3686 1874 3818 1937 foro
3841 1884 4042 1937 exter-

2495 1993 2574 2035 no
2603 1993 2667 2036 se
2706 1993 2916 2056 gerere
2957 1974 3178 2035 debere
3221 1980 3511 2054 tanquam
3553 1968 4043 2034 excommunica-

2493 2077 2623 2131 tnm
2650 2114 2667 2142 ,
2697 2069 2802 2130 sed
2830 2088 2949 2130 non
2974 2069 3039 2129 in
3064 2066 3197 2130 foro
3223 2067 3486 2130 interno.

2610 2161 2844 2236 Quarta
2866 2161 3137 2242 quaestio
3175 2161 3289 2222 fuit
3312 2206 3329 2233 ,
3364 2180 3641 2240 quaenam
3667 2178 3790 2220 vere
3809 2157 4039 2218 dicatur

2494 2256 2779 2321 Laureola
2805 2254 3097 2337 Martyrii
3117 2300 3135 2330 ,
3164 2265 3216 2316 ct
3257 2273 3335 2316 an
3381 2251 3665 2315 Catholici
3687 2249 3912 2312 Milites
3949 2268 4046 2310 oc-

2494 2355 2802 2415 cumbentes
2847 2354 2912 2413 in
2953 2350 3116 2411 Bello
3145 2398 3161 2422 ‚
3194 2349 3342 2429 quod
3391 2348 3549 2410 habet
3591 2346 4044 2425 Auqustissimus

2495 2446 2810 2528 Imperator
2859 2444 3319 2506 Christianorum
3352 2462 3479 2502 cum
3521 2439 3790 2520 Tyranno
3830 2437 3883 2497 T
3877 2458 4046 2501 urea·

2494 2561 2626 2602 rum
2646 2586 2665 2615 ,
2720 2541 2834 2600 dici
2878 2541 3088 2619 possint
3137 2537 3433 2616 Martyres
3483 2532 3705 2596 Christi
3725 2581 3742 2604 ‚
3791 2539 3853 2594 et
3896 2531 4042 2595 huic

2495 2633 2831 2717 quaestioni
2858 2632 3145 2695 Sacerdos
3171 2630 3522 2693 Marualdus
3542 2626 3870 2708 respondit,
3888 2627 4043 2689 Lau·

2494 2732 2725 2793 reolam
2773 2728 3061 2810 Martyris
3089 2746 3214 2788 esse
3243 2723 3581 2806 praemium
3615 2721 3941 2783 consistens
3971 2720 4040 2782 in

2494 2824 2854 2907 quibusdam
2898 2821 3274 2903 insignibus,
3304 2827 3363 2881 et
3389 2819 3601 2879 decore
3644 2815 3990 2878 cicatricum
4016 2860 4037 2893 ,

2490 2927 2550 2981 et
2578 2917 2802 2980 Milites
2846 2915 3264 2979 occumbentes
3287 2931 3412 2974 esse
3440 2912 3740 2993 Martyres
3766 2908 3987 2972 Christi
4013 2954 4036 2985 ,

2489 3012 2537 3075 si
2563 3012 2800 3073 Bellum
2839 3009 3025 3072 suerit
3052 3028 3089 3071 a
3117 3009 3404 3091 Tyranno
3430 3007 3765 3068 'furcarum
3805 3013 4036 3066 motum

2490 3110 2554 3170 in
2579 3107 2785 3170 odium
2814 3104 2984 3168 Fidei
3010 3151 3030 3180 ,
3056 3112 3116 3167 et
3147 3123 3267 3166 non
3293 3121 3370 3166 ex
3413 3101 3533 3164 alia
3575 3120 3756 3165 causa
3781 3146 3799 3176 ‚
3824 3110 3885 3163 et
3925 3100 4038 3164 Sa·

2490 3204 2697 3267 cerdos
2723 3201 3045 3266 Cascionus
3069 3245 3086 3275 ,
3117 3199 3208 3261 uti
3237 3199 3457 3282 legitur
3485 3199 3549 3259 in
3591 3197 3738 3259 actis
3766 3196 4038 3279 origina-

2490 3298 2691 3372 libus,
2724 3296 2863 3357 licet
2902 3296 2970 3354 in
3018 3294 3350 3355 summario
3394 3310 3516 3353 uon
3561 3289 3856 3351 habeatur
3881 3335 3899 3363 ,
3937 3307 4038 3350 re·-

2487 3391 2767 3474 spondit,
2798 3389 2967 3451 illam
3003 3388 3119 3451 dici
3143 3386 3500 3449 Laureolam
3533 3384 3843 3466 Martyrii,
3877 3403 4040 3464 quae

2488 3487 2825 3568 acquiritur
2872 3482 3292 3565 profundendo
3340 3482 3526 3543 vitam
3577 3499 3688 3561 pro
3737 3479 4036 3542 servanda

2489 3582 2637 3642 Fide
2663 3578 2970 3642 Catholica
2995 3622 3013 3651 ‚
3041 3585 3101 3639 et
3132 3575 3355 3638 Milites
3377 3575 3442 3636 in
3465 3573 3633 3635 Bello
3671 3572 4036 3634 occumben-

2493 3685 2575 3738 tes
2602 3721 2619 3749 ,
2661 3675 2710 3736 si
2752 3680 3103 3755 pugnarunt
3148 3689 3256 3750 pro
3295 3666 3703 3731 conservanda
3728 3666 4037 3729 Catholica

2489 3768 2803 3850 Religione
2826 3815 2843 3839 ,
2880 3785 3008 3828 esse
3056 3765 3356 3845 Martyres
3381 3808 3397 3836 ,
3446 3780 3649 3823 secum
3689 3771 3892 3824 autem
3917 3807 3936 3835 ‚
3983 3761 4038 3823 si

2490 3870 2835 3944 pugnarunt
2877 3880 2988 3943 pro
3016 3859 3265 3922 Caesare
3304 3855 3677 3918 defendendo
3704 3903 3720 3927 ‚
3754 3854 4039 3937 quamvis

2490 3957 2770 4019 habendo
2816 3953 3215 4016 intentionem
3274 3950 3631 4012 defendendi
3677 3949 4034 4025 Caesarem,

2490 4050 2716 4131 possint
2741 4058 2800 4112 et
2819 4048 3045 4111 habere
3077 4046 3471 4108 intentionem
3516 4043 3805 4125 implicite
3825 4044 4037 4107 defen-

2487 4145 2666 4208 dendi
2696 4143 3069 4226 Religionem
3098 4187 3116 4215 ,
3145 4159 3302 4222 quae
3327 4159 3435 4221 per
3475 4148 3731 4201 mortem
3764 4139 4036 4202 Caesaris

2489 4239 2822 4320 periculum
2850 4238 3101 4299 subiret.

2606 4334 2832 4409 Quinta
2851 4333 3093 4393 demum
3113 4328 3382 4409 quaestio
3401 4326 3701 4408 proposita
3723 4325 3837 4389 fuit
3858 4328 4031 4400 haec,

2486 4429 2624 4505 quid
2653 4476 2668 4498 ,
2699 4438 2748 4488 et
2791 4426 3100 4505 quotuplex
3126 4424 3198 4482 sit
3221 4424 3533 4491 cambium,
3563 4429 3613 4479 et
3653 4440 3733 4482 an
3767 4424 3818 4480 si
3847 4419 4033 4481 Titius

2487 4524 2734 4600 intliqeat
2776 4519 3062 4600 pecuniis,
3093 4529 3144 4577 et
3170 4524 3323 4595 petat
3348 4535 3384 4574 a
3417 4513 3717 4593 Campsorc
3761 4515 3872 4574 sibi
3900 4516 4036 4575 dari

2486 4628 2706 4675 centum
2753 4632 2949 4674 aureos
2973 4656 2990 4684 ,
3024 4622 3073 4671 ct
3113 4608 3387 4687 Campsor
3432 4626 3546 4666 non
3587 4608 3762 4670 aliter
3800 4607 3890 4668 det
3916 4609 4032 4668 nisi

2492 4710 2695 4769 Romae
2720 4706 2999 4766 solvendos
3032 4751 3046 4771 ,
3071 4714 3122 4764 et
3147 4713 3297 4783 petat
3327 4720 3362 4762 a
3402 4700 3552 4760 Titio
3571 4703 3821 4779 pretium
3839 4745 3858 4774 ,
3882 4702 4035 4780 quod

2486 4805 2619 4864 solet
2652 4803 2782 4862 dari
2806 4819 2906 4879 pro
2932 4801 3040 4859 tali
3069 4801 3182 4858 loco
3210 4842 3228 4867 ,
3265 4815 3342 4856 an
3364 4797 3463 4854 iste
3489 4805 3810 4855 contractus
3844 4797 3919 4855 sit
3950 4797 4031 4856 li-

2484 4901 2628 4958 citus
2652 4944 2669 4967 ,
2702 4899 2753 4956 si
2778 4896 2959 4954 dictus
2994 4892 3176 4952 Titius
3204 4909 3395 4951 revera
3421 4908 3535 4947 non
3561 4890 3767 4966 coqitat
3803 4888 4034 4950 reddere

2486 4992 2551 5049 in
2597 4992 2744 5050 dicto
2781 4990 2894 5048 loco
2918 5035 2935 5057 ‚
2973 4996 3023 5046 et
3067 4985 3129 5043 id
3154 4992 3357 5045 constet
3397 4981 3694 5062 Campsori
3715 5026 3734 5056 ,
3759 4992 3824 5043 et
3871 4982 4032 5044 ulte-

2486 5084 2614 5144 rius
2647 5131 2665 5155 ,
2711 5102 2789 5145 an
2838 5083 3112 5160 accipiens
3156 5080 3436 5139 occasione
3488 5077 3694 5136 cambii
3728 5080 4034 5156 pecuniam

2481 5179 2866 5239 adulterinam
2887 5220 2905 5248 ,
2930 5176 3104 5254 possit
3145 5174 3312 5232 illam
3356 5171 3683 5250 expendere.
3715 5170 3875 5231 Huic
3915 5189 4031 5232 an·

2486 5281 2603 5336 tem
2628 5272 2963 5353 quaestioni
2987 5269 3271 5330 Sacerdos
3304 5265 3655 5327 Marualdus
3678 5265 3984 5346 respondit
4007 5311 4026 5340 ,

2482 5366 2903 5450 distinguendo
2948 5365 3103 5425 inter
3148 5362 3453 5423 cambium
3481 5360 3700 5420 siccum
3729 5404 3746 5431 ,
3775 5368 3834 5420 et
3861 5379 4027 5420 cam-

2482 5462 2653 5525 bium
2681 5460 2841 5524 reale
2863 5505 2881 5533 ,
2918 5467 2975 5521 et
3004 5458 3320 5536 utriusque
3350 5462 3627 5516 naturam
3654 5451 3980 5533 explicavit
4005 5465 4026 5528 ς’
